3497 5235
581 277 699 339 220
855 316 867 327 -
1335 282 1701 341 Iam-notionis
1743 284 1796 339 8.
1826 282 2006 357 Gongr.
2036 285 2180 341 Oeno.
2222 283 2493 356 expositio.

586 437 622 479 ›
665 413 834 499 rint,
877 411 1255 484 observent
1308 433 1392 486 ac
1442 415 1801 486 observari
1840 414 2135 488 faciant.
2177 413 2261 486 In
2302 417 2593 506 reliquis
2633 415 2963 487 omnibus
3001 430 3228 483 eorum

581 548 618 592 ›
662 527 1016 613 exemptio
1071 532 1140 595 et
1194 527 1558 616 privilegia
1635 527 1833 596 salva
1906 535 2124 617 atque
2205 529 2480 619 integra
2553 534 2916 598 maneant.
2980 525 3231 614 Synodi

584 658 620 701 ιι
664 653 950 725 quoque
1005 637 1468 709 dioecesanae
1539 640 1927 726 quotannis
1994 639 2488 727 celebrentur3
2546 640 2637 711 ad
2701 658 2881 729 quas
2935 636 3233 726 exempti

583 771 620 814 ›
664 748 876 819 etiam
915 768 1188 835 omnes,
1231 751 1350 838 qui
1406 750 1584 820 alias
1620 759 1944 823 cessante
1999 753 2448 841 exemptione
2490 754 2828 823 interesse
2868 749 3228 832 deberent,

585 881 621 925 ›
665 876 795 929 nec
847 857 1187 950 Capitulis
1243 861 1696 951 generalibus
1763 862 2200 949 subduntur,
2260 862 2595 933 accede-re
2651 868 3074 933 teneantur:
3135 878 3233 927 ra-

585 994 621 1035 »
665 970 857 1041 tione
902 979 1138 1043 tamen
1192 973 1705 1062 parochialium
1762 981 1885 1044 aut
1923 974 2223 1044 aliarum
2278 975 2749 1044 saecularium
2790 972 3232 1043 ecclesiarum

585 1106 621 1150 ›
663 1083 873 1151 etiam
931 1102 1400 1169 annexarum,
1442 1084 1755 1156 debeant
1809 1085 1883 1171 ii,
1927 1086 2045 1173 qui
2107 1085 2384 1155 illarum
2439 1103 2677 1155 curam
2748 1090 3037 1173 gerunt,
3091 1082 3238 1169 qui·

585 1217 622 1259 »
663 1212 966 1282 cumque
1018 1194 1119 1264 illi
1173 1196 1345 1282 sint,
1388 1194 1670 1284 Synodo
1709 1197 2077 1267 interesse.
2136 1194 2335 1277 Quod
2388 1197 2446 1267 si
2502 1198 2574 1266 in
2629 1197 2738 1265 his
2791 1203 2935 1265 tam
2994 1191 3238 1264 Metro-

585 1331 621 1375 »
665 1307 989 1397 politani,
1031 1327 1243 1398 quam
1285 1306 1642 1399 Episcopi,
1683 1315 1754 1379 et
1792 1309 1909 1379 alii
1948 1310 2409 1400 suprascripti
2453 1310 2897 1399 negligentes
2949 1308 3231 1394 fuerint,

580 1442 617 1486 ›
659 1437 928 1508 poenas
981 1440 1020 1488 a
1075 1421 1294 1490 sacris
1348 1421 1744 1491 canonibus
1796 1423 2112 1491 sancitas
2174 1421 2568 1491 incurrant.
2617 1446 2653 1488 ›

732 1531 895 1601 149.
941 1532 1210 1602 Summi
1291 1528 1668 1603 Pontifices
1736 1552 1863 1624 pro
1918 1552 2051 1615 ea,
2119 1551 2336 1621 quam
2395 1539 2700 1621 gerunt,
2767 1529 3236 1602 sollicitudine

577 1643 896 1711 omnium
949 1642 1436 1730 ecclesiarum,
1511 1663 1884 1733 nunquam
1954 1645 2386 1715 destiterunt
2439 1645 2737 1714 huiusce
2791 1643 3238 1731 obligationis

579 1752 1118 1842 implementum
1163 1754 1614 1825 Antistitibus
1649 1757 1857 1826 enixe
1897 1756 2419 1827 commendare.
2465 1754 3037 1826 Praeclarissima
3086 1772 3237 1825 vero

581 1862 718 1934 hac
770 1864 842 1933 in
879 1883 952 1935 re
1006 1866 1162 1935 laus
1215 1885 1272 1935 s.
1321 1885 1413 1935 m.
1463 1864 1578 1936 Pio
1617 1864 1747 1937 PP.
1786 1864 1912 1936 lx.
1958 1866 2286 1952 debetur,
2331 1868 2449 1956 qui
2492 1868 2760 1937 nullam
2802 1867 3234 1936 occasionem

579 1976 1080 2064 praetermisit,
1124 1977 1574 2066 peculiariter
1611 1979 1682 2048 in
1723 1980 1928 2065 actis,
1970 1997 2156 2066 quae
2195 1978 2477 2070 publice
2526 1978 3027 2068 promulgavit,
3068 1978 3236 2065 quin

578 2090 1022 2159 occasionem
1060 2092 1397 2179 arriperet
1452 2090 1893 2179 Synodorum
1935 2098 2082 2162 tum
2123 2090 2662 2179 provincialium
2705 2098 2849 2160 tum
2888 2090 3241 2161 dioecesa-

583 2217 835 2270 narum
879 2201 1144 2289 ubique
1183 2203 1857 2291 redintegrationem
1900 2202 2331 2273 inculcandi.
2374 2203 2561 2273 Satis
2598 2203 2688 2272 sit
2727 2201 3016 2286 reterre,
3059 2217 3235 2288 quae

580 2312 862 2400 scripsit
917 2312 989 2383 in
1042 2314 1418 2401 encyclicis
1474 2314 1562 2381 ad
1618 2310 1869 2384 Italiae
1908 2310 2291 2405 Episcopos
2346 2310 2627 2397 Literis,
2680 2313 2918 2383 Nostis
2970 2311 3240 2402 quidem

583 2421 722 2492 diei
764 2425 836 2491 8.
882 2421 1212 2494 Decemb.
1263 2424 1473 2494 1849.
1514 2421 1564 2517 ἓ
1599 2426 1818 2496 Absit.
1869 2446 1904 2490 ‹
1946 2425 2144 2515 Agite
2199 2424 2439 2513 igitur,
2482 2420 2656 2493 Ven.
2703 2421 3010 2511 Fratres,
3053 2423 3241 2492 advi-

581 2556 618 2601 ›
667 2532 881 2622 gilate
938 2534 1325 2624 impensius
1375 2555 1590 2626 super
1641 2536 1988 2607 creditum
2046 2553 2360 2625 gregem,
2422 2554 2730 2624 eumque
2782 2555 2822 2604 a
2877 2535 3235 2625 rapacium

581 2670 618 2713 ι»
662 2646 985 2735 luporum
1042 2648 1492 2738 aggressibus
1545 2656 1613 2719 et
1669 2649 1945 2720 insidiis
1999 2650 2177 2719 tueri
2234 2648 2671 2719 contendite.
2714 2645 3234 2719 Communicate

581 2785 618 2829 »
662 2761 965 2832 invicem
1020 2761 1339 2848 consilia,
1384 2763 1681 2851 pergito,
1725 2769 1802 2832 ut
1855 2763 1993 2831 iam
2044 2761 2478 2846 instituistis,
2519 2769 2764 2832 coetus
2817 2759 3086 2830 habere
3141 2761 3237 2827 in-

581 2897 617 2938 »
664 2878 766 2968 ter
819 2892 967 2959 vos,
1013 2882 1088 2944 ut
1143 2873 1486 2944 malorum
1543 2873 1845 2961 insidiis,
1889 2880 1959 2944 et
2012 2874 2413 2963 praecipuis
2467 2892 2592 2965 pro
2648 2872 2956 2943 locorum
3017 2873 3236 2942 diver-

579 3009 616 3051 »
657 2985 868 3056 sitate
922 2985 1396 3073 periculorum
1452 2984 1770 3055 fontibus
1824 2985 2177 3055 communi
2234 2984 2779 3074 investigatione
2819 2985 3226 3073 perspectis,

579 3118 616 3162 ›
657 3095 790 3165 sub
847 3097 1269 3167 auctoritate
1321 3114 1404 3167 ac
1457 3097 1677 3169 ductu
1728 3097 1941 3168 huius
2002 3104 2295 3168 sanctae
2350 3094 2554 3166 Sedis
2616 3096 3051 3188 promptiora
3104 3095 3231 3164 illis

578 3233 615 3278 ›
656 3210 965 3282 remedia
1005 3230 1418 3302 comparare
1472 3213 1795 3298 valeatis,
1839 3220 2055 3302 atque
2094 3213 2191 3282 ita
2246 3231 2390 3280 una
2430 3210 2803 3282 nobiscum
2840 3210 3236 3312 concordis·-

578 3346 615 3389 ›
657 3323 854 3392 simis
908 3324 1191 3410 animis,
1238 3330 1526 3414 totoque
1582 3324 1957 3415 pastoralis
1993 3325 2212 3394 studii
2267 3322 2517 3393 robore
2570 3340 2778 3392 curas
2817 3321 3232 3408 laboresque

578 3459 615 3502 ›
658 3443 952 3522 vestrOS,
998 3435 1137 3508 Deo
1184 3438 1598 3524 adiuvante,
1642 3440 1714 3508 in
1772 3440 1841 3508 id
1896 3437 2302 3523 conferatis,
2350 3443 2424 3508 ut
2462 3455 2710 3506 omnes
2748 3435 3055 3506 hostium
3109 3430 3238 3503 Ec·-

580 3570 617 3612 »
657 3548 914 3619 clesiae
971 3549 1305 3639 impetuS,
1349 3557 1561 3635 arteS‚
1609 3549 1934 3634 insidiae,
1981 3549 2345 3618 molimina
2406 3550 2599 3620 irrita
2657 3548 2860 3618 fiant.
2906 3573 2941 3614 »

729 3657 1346 3749 15o.11npensum
1426 3660 1832 3732 huiusmodi
1889 3660 2203 3730 studium
2286 3657 2472 3729 Deus
2534 3661 2729 3730 exitu
2812 3658 3233 3730 faustissimo

575 3769 1000 3856 fortunavit3
1047 3791 1354 3860 namque
1406 3772 1540 3842 sub
1597 3774 1748 3843 eius
1802 3770 2231 3843 Pontificatu
2285 3771 2555 3859 ubique
2624 3772 2878 3841 revixit
2936 3770 3069 3840 lere
3119 3767 3233 3838 in·

574 3884 898 3953 termissa
938 3883 1258 3972 Synodos
1295 3884 1788 3973 provinciale&
1831 3902 1912 3953 ac
1949 3883 2208 3953 deiude
2263 3882 2721 3952 dioecesanas
2762 3879 3230 3972 congregandi

575 3993 995 4084 discimina3
1056 3996 1127 4065 in
1181 4014 1323 4083 qua
1377 4014 1450 4066 re
1506 3996 1883 4084 praecipue
1929 3991 2344 4080 Galliarum,
2386 3992 2810 4066 Germaniae
2862 4003 2931 4065 et
2982 3991 3229 4064 Italiae

576 4102 946 4178 Antistites
998 4108 1482 4177 eminuerunt.
1526 4102 1781 4196 Itaque
1834 4107 1890 4177 si
1948 4125 2293 4194 unquam,
2342 4126 2531 4177 nunc
2569 4107 2950 4199 praecipuo
3002 4102 3232 4175 studio

577 4213 647 4286 S.
691 4215 1027 4309 Congreg.
1070 4216 1354 4290 Concilii
1413 4220 1606 4290 SSmi
1669 4217 1746 4288 t).
1798 4213 1883 4287 N.
1939 4217 2159 4287 iussui
2216 4237 2298 4288 ac
2351 4218 2697 4287 voluntati
2773 4216 3100 4287 obsecuta
3155 4213 3235 4281 iu

575 4326 824 4415 literis,
866 4348 1046 4418 quas
1100 4331 1189 4400 ad
1244 4327 1630 4422 Episcopos
1667 4347 1882 4419 super
1934 4329 2153 4399 relato
2208 4348 2496 4398 suarum
2535 4329 2992 4400 ecclesiarum
3044 4331 3232 4398 statu

573 4440 869 4513 reddere
922 4444 1128 4530 solet,
1169 4444 1338 4516 data
1393 4446 1953 4535 opportunitate,
2013 4444 2555 4514 incitamentum
2611 4441 2879 4512 eisdem
2934 4442 3234 4512 adiicere

573 4550 864 4624 minime
916 4557 1203 4643 omittit,
1248 4563 1351 4643 ut,
1409 4558 1465 4626 si
1528 4556 2049 4646 Archiepiscopi
2103 4561 2301 4641 sunt,
2366 4553 2905 4644 provincialem,
2964 4555 3018 4624 si
3068 4547 3238 4639 Epi-

573 4664 798 4756 scopi,
857 4665 1353 4737 dioecesanam
1407 4663 1772 4756 Synodum
1825 4666 2173 4738 indicant.
