3497 5235
677 314 750 371 De
789 314 949 373 libero
991 317 1233 391 ingram
1272 318 1567 379 clericam
1607 319 1947 380 meula-iun
1985 317 2042 375 in
2080 317 2292 375 Ordine·
2330 315 2614 390 rugulusu.
2856 306 2976 369 539

299 445 468 515 tuus
538 452 704 518 ante
757 448 1145 522 discessum
1218 460 1691 545 opportunam
1746 454 1879 525 abs
1928 459 2000 524 te
2053 452 2333 522 veniam
2387 450 2678 522 minime
2730 447 2972 537 requi-

300 555 549 643 sierit3
604 559 730 629 sed
783 564 1022 650 potius
1077 566 1292 636 metui
1345 564 1825 650 reverentiali,
1873 582 2085 654 quem
2141 568 2423 648 vocant,
2482 579 2564 633 ac
2616 559 2968 631 desiderio

300 669 642 757 propositi
696 671 804 740 sui
863 674 1091 766 reipsa
1147 677 1615 766 exsequendl,
1658 679 1989 765 iustoque
2043 675 2305 760 timori,
2349 690 2436 744 ne
2477 670 2652 743 forle
2687 670 2778 742 ab
2817 671 2971 742 eius

304 776 766 870 implemento
820 795 1290 861 revocaretur.
1346 785 1494 870 Qua
1568 790 1842 859 ratione
1894 786 2029 858 bo:
2073 802 2302 857 mem:
2363 783 2763 870 ArdicinuS,
2806 779 2972 852 Car-

302 886 565 960 dinalis
601 893 690 964 de
728 892 960 985 Porta,
1012 899 1085 969 in
1139 899 1450 988 quadam
1488 900 1784 990 epistola
1839 899 1929 970 ad
1968 895 2582 969 Praedecessorem
2635 890 2967 965 Nostrum

302 996 800 1076 Innocentium
857 1005 1118 1098 Papam
1178 1008 1332 1081 vll.
1375 1013 1802 1101 conscripta,
1844 1029 2052 1083 snum
2095 1008 2356 1081 lactum
2409 1012 2731 1091 excusat,
2774 1004 2967 1093 qnod

298 1113 568 1186 scilicet
635 1116 725 1187 ad
796 1122 1234 1194 eremiticam
1300 1125 1517 1194 vitam
1591 1125 1779 1194 inter
1844 1120 2424 1193 camaldulenses
2492 1116 2965 1210 profitendam

297 1225 614 1299 conferre
650 1247 726 1299 se
764 1231 1035 1319 volens,
1077 1232 1574 1307 Car-dinalatus
1606 1233 1934 1305 habitum
1973 1238 2257 1316 exutus,
2292 1229 2615 1302 clanculo
2653 1247 2738 1300 ex
2778 1225 2965 1299 Urbe

295 1354 373 1407 se
423 1336 871 1413 subduxerit.
929 1341 1160 1425 Quum
1214 1347 1431 1434 enim,
1489 1344 1850 1417 Pontificis
1903 1345 2107 1416 venia
2161 1349 2559 1433 opportune
2610 1339 2953 1428 obtenta,

297 1449 588 1521 minime
640 1456 1119 1526 necessarium
1167 1456 1302 1528 sibi
1340 1463 1625 1547 putaret
1678 1473 2049 1528 assensum
2086 1452 2372 1544 Collegii
2428 1450 2501 1522 S.
2541 1448 2635 1522 R.
2677 1447 2760 1520 E.
2801 1447 2966 1520 Car-

293 1557 688 1651 dinalium;
745 1567 1118 1638 consilium
1174 1586 1337 1640 vero
1387 1587 1624 1656 snum,
1672 1587 1764 1641 ne
1821 1566 2181 1638 interverti
2237 1571 2502 1657 posset,
2561 1562 2962 1634 necessario

295 1672 801 1745 occultandum
837 1696 992 1749 esse
1044 1680 1533 1770 cognovisset3
1591 1681 1827 1752 delato
1864 1678 2127 1749 deinde
2165 1677 2256 1747 ad
2312 1678 2542 1766 ipsum
2602 1692 2960 1746 murmure

297 1799 567 1870 eorum,
610 1788 730 1875 qui
788 1788 1012 1878 ipsius
1063 1788 1328 1863 factum
1382 1789 2035 1882 reprehendebant,
2095 1789 2190 1858 ita
2243 1788 2524 1877 scripsit
2579 1785 2669 1856 ad
2724 1783 2964 1857 Ponti-

295 1893 501 1968 ficem
540 1896 610 1967 in
653 1902 1040 1989 praecitata
1077 1903 1420 1991 epistola:
1480 1925 1518 1969 α
1556 1900 1759 1984 Quod
1813 1907 2079 1986 autern,
2121 1899 2410 1970 dimisso
2462 1895 2961 1970 cardinalatus

299 2030 338 2073 ›
380 2006 658 2094 babitu,
700 2010 1145 2083 dissimulata
1199 2021 1420 2100 veste,
1480 2032 1592 2086 me
1646 2014 1879 2085 itineri
1933 2011 2445 2095 commiserim,
2507 2026 2648 2080 non
2711 2009 2962 2097 opinor

299 2128 749 2210 »propterea
821 2141 930 2194 me
1000 2131 1241 2196 notam
1313 2127 1533 2196 ullam
1605 2126 1798 2215 apud
1854 2142 2099 2215 graves
2167 2129 2240 2194 et
2312 2120 2700 2213 prudentes
2779 2121 2960 2189 viros

295 2253 333 2296 ν
374 2232 791 2304 contrahere
842 2236 1185 2326 potuisse.
1226 2234 1404 2309 Nam
1458 2255 1616 2309 curn
1656 2236 1936 2319 vellem,
1979 2235 2168 2325 quod
2211 2233 2562 2305 hactenus
2615 2230 2950 2315 feceram,

294 2366 330 2409 ›
369 2344 921 2418 secretissimum
959 2364 1140 2435 esse,
1184 2348 1397 2438 idque
1439 2347 1633 2420 fratri
1674 2348 1843 2418 mihi
1884 2340 2226 2418 fidissimo
2271 2344 2766 2428 occultassem,
2812 2341 2960 2412 exi-

294 2478 333 2521 »
371 2455 652 2526 stimavi
708 2458 933 2529 satius
986 2459 1201 2530 etiam
1254 2461 1326 2530 in
1364 2458 1809 2532 dissimulato
1862 2458 2117 2530 habitu
2157 2459 2339 2529 inter
2394 2456 2695 2545 ignotos,
2739 2471 2960 2542 quam

293 2589 334 2632 »
372 2583 533 2638 cum
587 2584 752 2638 vero
805 2567 1057 2644 babitu
1111 2570 1481 2659 incedere,
1539 2578 1610 2643 et
1663 2578 2036 2663 propterea
2091 2588 2126 2639 a
2185 2585 2414 2659 poena
2480 2574 2550 2638 et
2604 2585 2644 2635 a
2699 2566 2953 2655 culpa,

296 2702 334 2745 ν
373 2682 444 2748 et
496 2675 587 2747 ab
623 2680 816 2750 omni
868 2682 1008 2752 alia
1059 2689 1228 2753 nota
1268 2701 1380 2754 me
1433 2684 1822 2755 immunem
1859 2701 2014 2755 esse
2065 2683 2421 2755 existimo.
2466 2706 2502 2749 ›
2562 2676 2756 2751 Haeo
2808 2679 2960 2769 epi-

292 2788 473 2859 stola
526 2788 828 2862 refertur
881 2794 951 2862 in
988 2795 1143 2865 eius
1194 2796 1341 2865 vita
1394 2796 1585 2866 edita
1640 2794 1732 2865 ab
1772 2794 2056 2883 Atticby
2113 2794 2184 2863 in
2244 2791 2448 2877 libro,
2486 2792 2602 2862 cui
2656 2791 2951 2862 titulus:

290 2901 524 2972 Floras
579 2903 933 2976 He‘storiae
988 2906 1193 2979 Sacri
1249 2906 1534 2999 Colleqii
1589 2909 1661 2979 S.
1704 2907 1790 2977 R.
1835 2907 1920 2978 E.
1970 2905 2492 2979 Cardinalium.

440 3012 671 3102 Atque
726 3014 901 3087 haec
952 3016 1041 3088 de
1094 3017 1318 3107 prima
1371 3018 1816 3107 quaestionis
1886 3024 2114 3108 parte.
2169 3012 2368 3096 Quod
2422 3032 2585 3085 vcro
2639 3014 2728 3084 ad
2784 3013 2960 3085 alte-

287 3142 439 3197 ram
496 3125 780 3211 attinet,
822 3128 912 3198 ad
952 3128 1351 3218 generalem
1405 3130 1672 3201 scilicet
1711 3130 1965 3220 legem,
2008 3145 2227 3217 quam
2284 3144 2404 3216 pro
2449 3123 2806 3195 similibus
2841 3144 2960 3198 ca-

288 3235 490 3307 sibus
542 3256 584 3307 a
636 3233 853 3309 Nobis
907 3241 1240 3311 constitui
1298 3240 1658 3331 postulas,
1718 3240 1850 3312 hoc
1901 3238 2032 3310 tibi
2098 3238 2527 3327 respondere
2584 3253 2789 3326 posse
2843 3254 2956 3304 ar-

287 3347 666 3434 bitramur,
706 3350 882 3421 satis
919 3350 1083 3421 huic
1133 3353 1230 3422 rei
1271 3351 1343 3421 in
1380 3351 1881 3422 ecclesiasticis
1916 3349 2319 3423 canonibus
2372 3348 2727 3441 provisum
2768 3365 2950 3418 esse.

287 3455 376 3530 In
429 3456 736 3538 Concilio
774 3457 1109 3534 Toletano
1147 3458 1267 3532 IV.
1310 3480 1500 3533 anno
1551 3463 1720 3534 633.
1764 3462 1898 3534 sub
1953 3460 2212 3532 Sancto
2252 3457 2522 3530 Isidoro
2563 3457 2950 3545 celebr-am,

287 3590 558 3643 canone
608 3571 730 3643 50.
786 3573 885 3644 ita
956 3572 1255 3663 legitur:
1335 3595 1371 3639 ‹
1411 3573 1701 3662 Clerici,
1760 3575 1883 3663 qui
1939 3571 2443 3644 monachorum
2513 3569 2951 3660 propositum

290 3707 331 3749 ν
371 3689 747 3774 appetunt,
806 3684 973 3773 quia
1029 3685 1387 3756 meliorem
1443 3686 1661 3759 vitam
1714 3685 1920 3774 sequi
1989 3686 2325 3773 cupiunt,
2384 3681 2644 3752 liberos
2703 3681 2807 3752 eis
2860 3679 2951 3751 ab

291 3817 332 3860 ›
372 3789 720 3883 Episcopo
773 3795 845 3864 in
904 3797 1348 3867 monasteriis
1385 3796 1621 3888 largiri
1675 3804 1955 3888 oportet
2010 3798 2399 3888 ingressnS,
2441 3813 2573 3866 nec
2625 3795 2950 3866 interdici

292 3928 333 3970 »
374 3906 810 3993 propositum
864 3924 1134 3993 eornm,
1176 3908 1297 3997 qui
1352 3908 1443 3978 ad
1497 3910 2118 3999 contemplationis
2162 3908 2591 3980 desiderium
2649 3906 2952 3978 transire

292 4039 331 4080 »
377 4015 729 4087 nituntur.
776 4039 810 4084 ›
853 4013 1115 4089 Textus
1182 4018 1486 4089 habetur
1559 4019 1633 4090 in
1692 4020 2105 4092 Collecte'one
2177 4017 2647 4092 Conciliorum
2699 4017 2956 4106 Hispa-

288 4125 453 4196 niae
512 4126 919 4199 Cardinalis
954 4128 1038 4199 de-
1073 4129 1372 4220 Aquirre
1423 4136 1603 4201 tomo
1657 4131 1752 4201 ΙΙ.
1805 4150 1974 4222 paq.
2016 4129 2225 4211 487„
2263 4136 2334 4200 et
2378 4128 2680 4200 refertur
2733 4129 2947 4198 etiam

285 4237 358 4308 in
418 4234 709 4308 Decreto
777 4234 1099 4310 Gratiani
1175 4240 1350 4312 Can.
1415 4241 1668 4313 Clerici
1721 4240 1840 4314 19.
1899 4248 2168 4332 quaest.
2232 4240 2300 4314 1.
2359 4237 2544 4321 Quin
2607 4242 2819 4310 immo
2871 4239 2948 4311 in

285 4347 528 4420 eadem
567 4350 797 4422 Causa
837 4349 952 4422 19.
993 4357 1258 4441 quaest.
1300 4350 1375 4420 2.
1424 4351 1600 4424 Can.
1642 4352 1987 4434 alienum,
2024 4360 2400 4442 postquam
2437 4351 2681 4441 regula
2722 4351 2951 4439 posita

283 4467 423 4546 est,
464 4462 655 4548 quod
707 4460 1004 4532 clericus
1056 4460 1330 4550 absque
1385 4462 1731 4551 permissu
1787 4459 2112 4555 Episcopi
2163 4461 2254 4532 ab
2307 4461 2606 4534 ecclesia
2658 4480 2786 4532 sua
2841 4461 2951 4532 di-

284 4571 604 4657 scedere,
643 4577 715 4643 et
751 4572 1046 4643 alterius
1097 4572 1381 4644 servitio
1432 4592 1506 4643 se
1544 4574 1933 4664 adiungere
1973 4575 2249 4663 nequit,
2306 4573 2709 4645 huiusmodi
2748 4592 2952 4647 exce-

282 4682 438 4774 ptio
490 4680 980 4755 subnectitur:
1042 4683 1175 4755 Sssd
1226 4685 1784 4757 subaudiendum
1834 4692 1968 4769 est,
2005 4687 2148 4758 nisi
2199 4687 2295 4758 ad
2342 4689 2777 4779 propositum
2811 4708 2952 4760 me-
