3497 5235
904 390 1026 463 0⁸12.
1051 388 1095 445 1.
1135 387 1208 445 Do
1248 388 1401 446 :tutu
1437 386 1699 447 lodo-iu
1737 389 2016 448 materiali.
2061 391 2115 465 5.
2143 392 2269 448 4-7.
2856 392 2939 454 67

429 546 468 590 ›
526 518 657 593 vl.
718 525 968 595 Status
1016 524 1479 596 ecclesiarum
1558 523 2100 615 collegiatarum
2175 543 2321 595 una
2400 542 2560 596 cum
2637 502 2941 598 numero

247 660 280 705 »
316 636 589 727 pariter
653 634 1165 708 canonicorum
1218 642 1290 708 et
1342 642 1772 733 ceterorum,
1831 634 1954 724 qui
1991 634 2222 706 choris
2256 654 2500 707 earum
2540 637 2925 727 intersunt,

245 772 281 815 ›
314 754 390 820 et
440 766 540 818 an
595 747 673 818 in
729 746 1126 837 collegiatis
1176 753 1414 819 erecta
1468 749 1559 819 sit
1612 745 2033 836 praehenda
2089 744 2531 837 theologalis.

383 884 424 927 ι»
464 853 631 928 Vll.
692 855 943 929 Status
991 862 1063 929 et
1115 877 1461 930 numerus
1497 858 1959 930 ecclesiarum
1997 856 2541 946 parochialium,
2599 876 2730 932 nec
2781 878 2930 932 non

246 995 279 1033 ι
314 971 631 1043 aliarum
684 969 1147 1041 ecclesiarum
1200 976 1273 1041 et
1325 970 1790 1041 oratoriorum
1827 967 1899 1038 in
1937 964 2399 1058 Episcopatu,
2443 967 2933 1060 Archiepisco-

243 1107 276 1149 ›
312 1089 523 1173 patu,
601 1088 732 1153 aut
785 1077 1280 1153 Patriarcbatu
1349 1082 1858 1167 existentium3
1917 1078 2291 1151 referendo
2368 1081 2762 1172 signanter,
2831 1103 2926 1154 an

244 1219 276 1260 >
314 1192 788 1280 cathedralis,
832 1193 1406 1282 metropolitana,
1467 1198 1592 1263 aut
1639 1190 2136 1282 patriarchalis
2172 1196 2243 1262 et
2281 1191 2726 1283 collegiatae,
2769 1212 2929 1265 ora-

243 1329 276 1371 »
314 1306 552 1391 toria,
609 1322 895 1375 necnon
949 1304 1393 1392 parochiales
1445 1311 1871 1392 ceteraeque
1924 1303 2267 1375 ecclesiae
2321 1303 2468 1373 sint
2521 1305 2741 1376 sacris
2806 1326 2928 1377 su·-

244 1442 280 1484 ›
320 1415 811 1508 pellectilibus
860 1414 1298 1486 sufficienter
1334 1416 1756 1503 instructae,
1800 1420 1872 1485 et
1910 1431 2271 1502 quaenam
2325 1431 2414 1484 ex
2464 1415 2569 1484 eis
2602 1413 2923 1488 habeant

244 1553 280 1595 ν
318 1528 600 1600 reditus
655 1544 782 1615 pro
837 1525 1106 1598 fabrica
1145 1528 1571 1618 assignatos,
1620 1551 1657 1594 ›

383 1642 506 1712 37.
568 1637 882 1721 Quartus
956 1639 1299 1711 articulus
1349 1639 1440 1711 de
1501 1656 1801 1711 numero
1871 1639 2268 1726 civitatum,
2353 1636 2922 1727 oppidorumque

240 1752 438 1823 nulla
477 1751 797 1842 profecto
832 1750 1442 1821 demonstratione
1495 1750 1797 1842 indiget;
1855 1769 1938 1821 ac
1989 1755 2360 1840 praeterea
2415 1747 2593 1819 nihil
2632 1751 2920 1821 omnino

242 1881 405 1953 prae
441 1881 523 1934 se
564 1861 728 1950 fert,
772 1861 963 1951 quod
1001 1879 1164 1933 cum
1199 1861 1442 1950 aliquo
1483 1862 1818 1933 utilitatis
1855 1862 2093 1933 fructu
2128 1860 2557 1933 declaretur.
2618 1858 2719 1932 De
2757 1862 2925 1934 reli-

243 1975 399 2063 quis
450 1973 689 2045 tribus
738 1991 955 2063 super
1004 1979 1199 2044 statu
1237 1973 1523 2043 aedium
1559 1993 1955 2062 sacrarum,
1997 1975 2144 2045 sive
2182 1972 2729 2061 cathedralium,
2770 1974 2918 2047 sive

237 2086 821 2176 collegiatarum,
878 2086 1024 2155 sive
1077 2084 1646 2174 parochialium,
1701 2084 1911 2155 aliter
1970 2104 2045 2156 se
2101 2101 2211 2156 res
2264 2082 2509 2156 habet.
2569 2081 2919 2165 Quoniam

245 2214 430 2283 vero,
492 2196 554 2266 si
607 2196 825 2267 trium
876 2195 1129 2266 horum
1182 2196 1641 2267 articulorum
1694 2198 2210 2287 expositionem
2278 2196 2692 2286 singulatim
2761 2214 2924 2285 per-

246 2312 662 2391 tractemuS,
703 2306 903 2377 iuxta
940 2305 1265 2377 ordinem
1302 2308 1376 2377 in
1412 2304 1881 2379 Benedictina
1936 2303 2416 2379 Instructione
2460 2307 2911 2397 dispositum,

247 2420 315 2489 in
366 2437 454 2490 ea
508 2419 941 2489 necessitate
992 2436 1122 2488 nos
1158 2417 1439 2521 futuros
1489 2437 1646 2490 esse
1698 2419 2189 2509 intelligimus,
2247 2424 2326 2488 ut
2381 2436 2491 2506 ea,
2533 2435 2718 2506 qnae
2774 2419 2920 2490 iam

246 2530 660 2617 dixerimus,
720 2535 1070 2620 repetere,
1129 2535 1254 2601 aut
1320 2531 1735 2624 saepissime
1809 2530 1899 2601 ad
1955 2530 2210 2601 eadem
2277 2531 2610 2604 lectorem
2674 2533 2923 2604 remit-

246 2647 385 2712 tere
439 2648 821 2731 oporteat3
906 2640 1073 2713 hinc
1128 2643 1389 2714 rectius
1444 2660 1570 2714 nos
1628 2643 1939 2715 facturos
1992 2662 2147 2715 esse
2200 2643 2568 2731 ducimus,
2630 2645 2685 2715 si
2739 2664 2916 2718 cun-

247 2759 387 2823 ctos
439 2759 584 2823 tres
638 2752 976 2824 articulos
1028 2753 1312 2824 insimul
1369 2755 1844 2843 cumulemus,
1903 2756 2230 2843 adeoque
2283 2755 2507 2826 alium
2558 2756 2908 2845 ordinem,

247 2864 525 2954 qualem
577 2864 911 2936 videlicet
964 2867 1370 2957 argumenti
1425 2871 1681 2938 natura
1732 2867 2019 2955 suadet,
2078 2867 2214 2937 hac
2266 2867 2341 2938 in
2395 2885 2468 2938 re
2526 2884 2921 2957 persequa-

252 2994 423 3046 mur.

379 3089 499 3158 38.
560 3085 890 3159 Ceterum
943 3091 1196 3178 quanti
1252 3090 1589 3160 momenti
1641 3090 1734 3160 sit
1792 3091 2117 3178 materia,
2160 3108 2379 3177 quam
2417 3086 2685 3158 ibidem
2722 3107 2916 3159 com-

251 3199 658 3288 plectemur,
716 3218 927 3270 nemo
980 3206 1170 3271 certe
1227 3219 1368 3271 non
1407 3201 1624 3272 videt.
1672 3198 1882 3272 Porro
1942 3202 2309 3273 Antistites
2344 3200 2766 3293 plerumque
2802 3217 2918 3270 re-

252 3309 477 3382 ferunt
523 3329 766 3382 sacras
803 3312 1019 3382 aedes
1057 3311 1628 3402 reparationibus
1681 3320 1754 3384 et
1805 3330 2005 3383 sacra
2061 3310 2506 3404 supellectile
2561 3309 2906 3401 indigere,

254 3427 318 3490 et
350 3420 420 3491 S.
462 3419 534 3492 C.
577 3422 758 3492 solet
795 3423 1062 3493 eisdem
1100 3424 1419 3494 indicare
1459 3423 1798 3511 remedia,
1858 3443 2045 3513 quae
2101 3424 2269 3494 huic
2306 3422 2716 3495 necessitati
2752 3441 2914 3493 suc-

258 3534 634 3604 currendae
687 3534 759 3603 in
817 3534 968 3604 iure
1020 3535 1360 3605 canonico
1397 3541 1679 3624 praesto
1732 3542 1954 3619 sunt;
2015 3535 2257 3622 itaque
2311 3551 2533 3624 prono
2586 3533 2914 3621 sequitur

265 3643 471 3729 alveo,
531 3652 606 3716 ut
659 3645 1041 3736 diligenter
1091 3647 1521 3734 excutiatur,
1579 3647 1700 3734 qui
1757 3645 1848 3714 ad
1903 3646 2390 3735 reparationes
2428 3643 2913 3714 conficiendas

264 3759 329 3822 et
370 3773 634 3827 sacram
703 3756 1220 3846 supellectilem
1293 3756 1850 3846 comparandam
1916 3761 2329 3827 teneantur.
2394 3752 2764 3826 Praeterea
2836 3754 2912 3823 in

264 3861 487 3935 iisdem
538 3867 859 3938 articulis
915 3867 1282 3937 Antistites
1354 3867 1810 3956 praebendae
1877 3867 2502 3957 poenitentiariae,
2561 3872 2632 3937 et
2687 3865 2910 3936 multo

270 3970 684 4062 frequentius
745 3977 1165 4067 theologalis
1217 3977 1572 4049 defectum
1631 3981 2085 4066 renuntiant;
2145 3978 2642 4069 quaerendum
2695 3978 2910 4067 igitur

273 4089 389 4168 est,
438 4105 568 4176 qua
623 4091 900 4160 ratione
953 4088 1117 4160 huic
1173 4090 1269 4158 rei
1322 4089 1846 4160 consulendum
1899 4109 2052 4160 esse
2109 4090 2455 4161 rescribat
2521 4092 2734 4160 Sacra
2789 4109 2912 4160 ea-

274 4192 408 4265 dem
438 4198 921 4292 Congregatio.
965 4196 1286 4270 Tandem
1339 4200 1531 4271 haud
1582 4201 1998 4290 infrequens
2034 4207 2168 4289 est,
2213 4207 2288 4271 ut
2327 4203 2398 4271 in
2438 4200 2910 4272 relationibus

272 4315 684 4384 renuntietur
734 4319 890 4384 tum
943 4310 1240 4382 SSriium
1292 4309 1782 4384 Eucharistiae
1836 4311 2379 4384 Sacramentum
2431 4313 2777 4382 asservari
2833 4313 2907 4382 in

267 4414 379 4490 illis
408 4425 747 4511 ecclesiiS,
811 4421 930 4493 ubi
988 4442 1129 4492 non
1186 4423 1347 4493 licet
1401 4422 1674 4511 absque
1721 4424 2112 4511 Apostolico
2150 4422 2429 4493 indulto
2467 4423 2702 4512 ipsum
2739 4424 2913 4495 reti-

264 4535 407 4621 neri,
449 4543 598 4608 tum
638 4535 910 4627 pariter
948 4532 1234 4605 Missam
1286 4533 1630 4605 celebrari
1686 4536 1757 4604 in
1814 4536 2107 4622 privatis
2161 4535 2487 4605 oratoriis
2540 4536 2688 4605 sola
2744 4553 2906 4605 cum

249 4636 545 4740 Episcopi
605 4647 861 4719 venia:
922 4664 1107 4735 quae
1159 4646 1300 4716 duo
1338 4664 1498 4717 cum
1536 4646 1626 4716 ab
1667 4651 1858 4717 recta
1896 4646 2218 4716 canonici
2274 4647 2448 4718 iuris
2503 4645 2728 4718 forma
2777 4644 2911 4716 ab-

238 4771 390 4830 sona
440 4764 614 4851 sint,
674 4758 975 4851 speciali
1030 4757 1248 4849 digna
1314 4759 1648 4829 videntur
1700 4758 2206 4847 explicatione.
