3497 5235
619 275 732 350 001».
757 275 828 332 11.
867 275 939 333 Do
977 274 1240 349 Epiooopo,
1277 272 1685 346 Anhiopiaoopo,
1725 271 1953 330 Prinnte
1994 270 2051 329 ot
2088 270 2411 330 atrimae.
2454 275 2509 349 ἓ.
2537 272 2587 329 8.
2815 273 2935 336 267

213 481 216 482 f
317 409 628 484 nerabiles
676 407 1038 501 Episcopi,
1094 408 1217 498 qui
1269 404 1685 480 Pontificiae
1723 405 1980 478 ditioni
2015 424 2160 477 non
2196 406 2719 499 obtemperant,
2762 429 2933 483 con-

317 521 647 594 troversias
696 521 833 593 boc
882 521 957 591 in
1009 526 1428 610 argumento
1463 516 1769 590 suboriri
1822 517 2094 607 solitas,
2138 524 2216 590 ut
2252 519 2637 610 plurimum
2677 521 2770 592 ad
2809 519 2936 595 Sa-

315 651 470 706 cram
515 632 850 725 Congreg.
899 628 1213 723 Negotiis
1264 630 1762 702 ecclesiasticis
1814 632 2395 704 extraordinariis
2448 635 2932 724 praepositam

310 745 554 817 remitti.
609 739 946 827 Quamvis
998 744 1240 832 itaque
1291 759 1739 832 summopere
1793 740 2165 832 expediat,
2224 750 2441 833 atque
2477 744 2656 817 adeo
2710 746 2938 819 inter-

311 855 449 927 dum
496 874 779 929 necesse
833 856 952 942 sit,
1008 855 1297 927 easdem
1348 871 1474 944 per
1526 870 1803 925 summa
1854 853 2092 942 capita
2155 853 2231 924 in
2281 860 2476 928 statu
2527 857 2933 930 dioeceseos

309 965 636 1040 referendo
673 966 1016 1056 indicare,
1050 966 1513 1038 nibilominus
1547 965 1607 1035 si
1637 964 1812 1054 quid
1838 963 1941 1035 eis
1967 972 2316 1053 occurrat,
2351 967 2425 1037 in
2452 984 2594 1056 quo
2631 970 2702 1040 S.
2731 967 2936 1044 Sedis

309 1079 578 1151 consiliis
628 1097 714 1151 ac
764 1077 1290 1171 provisionibus
1337 1077 1745 1169 indigeant,
1802 1070 2030 1148 setius
2081 1077 2254 1164 erit,
2310 1077 2371 1148 si
2422 1084 2615 1150 recta
2668 1081 2782 1152 via
2837 1081 2930 1155 ad

305 1189 583 1262 eamdem
658 1188 732 1262 S.
789 1188 1415 1282 congregationem
1472 1187 1885 1280 confugium
1951 1187 2314 1274 babeant,
2370 1194 2451 1260 ut
2502 1187 2793 1263 brevius
2846 1211 2931 1265 ac

303 1300 476 1374 citius
523 1304 630 1374 sui
683 1303 827 1374 voti
881 1307 1244 1392 compotes
1292 1318 1447 1372 esse
1499 1307 1798 1390 queant.

421 1414 578 1485 253.
638 1409 987 1495 Quoniam
1023 1430 1187 1485 vero
1222 1413 1312 1485 de
1366 1410 1440 1482 S.
1479 1409 2040 1503 congregatione
2076 1405 2391 1501 Negotiis
2428 1412 2926 1488 ecclesiasticis

300 1525 846 1597 extraordinariis
897 1525 1303 1616 praeposita
1354 1524 1620 1596 mentio
1672 1522 1861 1595 facta
1915 1529 2067 1610 est,
2126 1540 2274 1594 non
2325 1524 2458 1596 erit
2507 1525 2804 1614 inutile,
2864 1528 2924 1598 si

299 1635 616 1721 quaedam
653 1637 743 1709 de
778 1637 934 1708 eius
966 1637 1238 1728 origine
1274 1654 1358 1708 ac
1410 1635 1803 1707 ministerio
1856 1635 2347 1727 cognoscenda
2381 1636 2927 1728 suppeditemus

297 1742 355 1815 in
402 1749 690 1838 gratiam
744 1755 1147 1821 exterorum
1199 1748 1642 1835 Antistitum,
1685 1747 1977 1838 quihus,
2020 1749 2125 1821 uti
2176 1767 2391 1839 saepe
2444 1748 2551 1836 fit,
2603 1749 2815 1840 plena
2854 1757 2926 1825 et

298 1855 670 1949 adaequata
706 1859 1028 1933 eiusdem
1063 1860 1369 1952 cognitio
1403 1878 1548 1931 non
1575 1860 1791 1948 inest,
1825 1877 2052 1949 eoque
2082 1861 2333 1952 magiS,
2365 1859 2557 1950 quod
2593 1860 2921 1934 eamdem

292 1965 458 2040 adire
490 1971 628 2043 sibi
669 1989 963 2044 necesse
1014 1972 1107 2043 sit
1158 1971 1317 2043 aliis
1368 1971 1905 2060 occasionibus,
1966 1970 2228 2061 quibus
2281 1972 2601 2045 eiusdem
2654 1972 2921 2045 auxilio

291 2084 349 2148 et
393 2084 811 2155 auctoritate
863 2101 1042 2173 opus
1092 2082 1437 2155 habeant.

404 2188 923 2266 Recentissima
972 2202 1080 2268 est
1130 2195 1452 2267 eiusdem
1502 2193 1885 2281 institutio,
1942 2211 2293 2284 suamque
2347 2195 2543 2267 ducit
2577 2195 2922 2287 originem

286 2314 353 2369 ex
399 2302 729 2378 civilibus
781 2306 1468 2395 perturbationibus,
1525 2323 1714 2395 quae
1765 2304 1901 2377 sub
1939 2305 2207 2378 exitum
2254 2307 2523 2378 saeculi
2558 2308 2924 2400 praeteriti

279 2417 338 2481 et
380 2414 664 2488 initium
703 2416 1027 2504 huiusce,
1085 2419 1277 2507 quod
1330 2417 1536 2489 modo
1588 2418 1916 2504 vertitur,
1956 2435 2100 2488 non
2139 2419 2346 2490 modo
2382 2419 2661 2491 civilem
2696 2421 2923 2492 socie-

279 2526 466 2599 tatem
520 2529 659 2602 sed
712 2531 926 2602 etiam
980 2528 1349 2603 ecclesiam
1404 2531 1795 2603 miserrime
1848 2530 2312 2602 miscuerunt.
2354 2529 2525 2603 Cum
2562 2533 2752 2605 enim
2806 2547 2923 2604 sa-

276 2652 527 2713 crarum
585 2661 828 2714 rerum
878 2661 1488 2735 personarumque
1553 2649 1787 2716 status
1852 2643 2478 2717 vehementissime
2545 2663 2924 2735 perversus

271 2754 331 2819 et
373 2749 858 2828 labefactatus
907 2754 1183 2844 fuisset,
1240 2755 1329 2826 ad
1383 2755 1713 2827 eumdem
1767 2755 2291 2828 restituendum
2336 2761 2406 2827 et
2441 2756 2920 2845 reparandum

272 2866 738 2937 necessarium
790 2884 946 2937 esse
1000 2866 1175 2939 vidit
1226 2867 1522 2958 provida
1575 2866 2028 2940 Summorum
2076 2864 2500 2940 Pontificum
2554 2885 2782 2954 menS,
2845 2875 2926 2940 ut

269 2974 452 3045 novis
490 2976 1052 3049 necessitatibus
1088 2996 1269 3050 nova
1295 2978 1613 3051 subsidia
1649 2979 2304 3070 suppeditarentur.
2342 2981 2414 3051 S.
2441 2997 2538 3048 m.
2562 2975 2731 3049 Pius
2753 2975 2919 3050 VII.

269 3081 368 3153 vix
416 3087 506 3158 ad
567 3088 1056 3160 universalem
1105 3091 1490 3182 regendam
1542 3089 1939 3163 Ecclesiam
1991 3110 2183 3163 anno
2238 3091 2450 3164 1800.
2509 3090 2750 3161 divino
2797 3089 2923 3162 be-

267 3195 499 3271 neficio
556 3209 878 3290 evectuS,
935 3201 1187 3275 incidit
1238 3204 1314 3274 in
1365 3220 1447 3274 66
1502 3209 1853 3293 tempora,
1912 3202 2177 3292 quibus
2235 3220 2438 3274 sacra
2490 3218 2603 3272 res
2655 3202 2799 3271 iam
2849 3202 2925 3270 in

264 3301 495 3384 Galliis
549 3331 728 3405 prae
782 3314 1116 3386 omnibus
1166 3313 1325 3385 aliis
1374 3313 1769 3386 ditionibus
1820 3314 2127 3385 maxime
2179 3318 2531 3404 prostrata
2577 3329 2662 3382 ac
2705 3311 2924 3383 ferme

259 3423 538 3506 penitus
595 3443 871 3513 eversa,
927 3426 1154 3516 primo
1207 3424 1524 3511 consule,
1564 3424 1864 3516 posthac
1900 3420 2287 3495 Galliarum
2336 3424 2760 3513 imperatore
2799 3422 2928 3495 ad-

255 3527 579 3625 iuvante,
637 3537 856 3627 erigi,
914 3543 1029 3625 et,
1087 3555 1229 3628 qua
1287 3536 1578 3609 daretur
1629 3537 1933 3623 ratione,
1991 3536 2251 3607 iterum
2305 3535 2621 3606 ordinari
2671 3539 2923 3624 coepta

255 3652 420 3717 erat.
477 3645 594 3719 Ex
648 3666 791 3738 quo
845 3667 1064 3738 quam
1115 3649 1368 3741 ingens
1422 3666 1505 3719 ac
1558 3648 1931 3739 multiplex
1994 3647 2632 3721 ecclesiasticorum
2707 3662 2926 3736 nego-

254 3755 508 3830 tiorum
549 3760 776 3832 moles
811 3761 1040 3832 eidem
1089 3759 1470 3847 incuberit,
1528 3758 1734 3830 facile
1788 3759 2094 3849 quisque
2144 3759 2382 3829 animo
2418 3775 2545 3830 suo
2582 3754 2923 3848 effingere
2958 3826 2973 3835 .

242 3873 511 3958 potest.
546 3867 824 3953 Quibus
860 3890 1020 3943 cum
1055 3870 1240 3943 aliae
1292 3867 1364 3942 S.
1398 3868 1996 3962 Congregationes
2033 3868 2501 3961 expediendis
2534 3886 2745 3958 pares
2781 3885 2925 3939 non

248 3989 521 4070 essent,
580 4001 664 4055 ac
716 3985 1013 4074 insuper
1064 3984 1301 4054 omnia
1352 3983 1639 4075 negotia
1678 3982 1770 4053 ad
1808 4000 2057 4068 unum,
2100 3981 2433 4071 idemque
2471 3985 2689 4069 caput
2725 3996 2930 4050 revo-

238 4106 399 4165 care
459 4112 922 4186 summopere
976 4095 1445 4182 conduceret,
1503 4092 1887 4184 specialem
1941 4109 2246 4182 eamque
2300 4092 2695 4183 precariam
2748 4088 2928 4162 Con-

240 4207 737 4296 gregationem
791 4206 1131 4295 institu1t‚
1189 4224 1376 4296 quae
1428 4222 1658 4293 usque
1711 4203 1803 4275 ad
1856 4222 2124 4274 annum
2184 4203 2397 4274 1809.
2457 4219 2663 4274 suam
2715 4220 2925 4274 occu-

228 4321 611 4407 pationem
665 4340 748 4395 ac
802 4321 1121 4394 studium
1173 4319 1673 4393 ecclesiasticis
1725 4317 2134 4407 quibusque
2172 4313 2563 4388 Galliarum
2618 4318 2924 4409 negotiis

233 4429 645 4524 impendit,
703 4439 921 4523 atque
988 4433 1168 4505 adeo
1234 4431 1594 4504 interdum
1660 4428 1754 4500 ad
1817 4428 2102 4520 negotia
2170 4427 2467 4499 aliorum
2538 4445 2919 4519 regnorum

228 4559 445 4615 suam
510 4561 802 4616 manum
865 4561 1217 4635 opemque
1270 4543 1597 4616 contulit.

379 4657 567 4731 254.
631 4657 836 4732 Anno
896 4658 1111 4731 1814.
1170 4676 1331 4730 cum
1384 4655 1719 4729 Summus
1770 4654 1890 4727 ille
1940 4652 2267 4727 Pontifex
2311 4659 2473 4745 post
2510 4654 2923 4748 gloriosissi·-
