3497 5235
1105 226 1224 301 0⁸1».
1249 227 1346 285 m.
1388 227 1459 284 Do
1500 225 1634 285 eluro
1676 228 1946 286 ιαοοιιΙιιί.
1988 226 2042 302 ἓ.
2068 228 2114 284 1.
2825 225 2944 286 315

318 359 640 450 quaslibet
689 361 1022 450 acquirit.
1061 355 1239 431 Nam
1295 359 1366 432 S.
1412 358 1489 432 C.
1529 359 1738 433 Cone.
1782 362 1856 432 in
1893 362 2217 433 Romana
2269 360 2565 433 Distrib.
2630 360 2744 432 19.
2810 358 2948 432 Au-

318 473 473 564 gusti
525 473 743 545 1730.
783 473 1165 564 propositis
1216 472 1500 545 dubiis:
1546 494 1584 538 ‹
1623 471 1732 544 An
1784 472 2325 546 distributiones
2377 472 2781 546 debeantur
2831 491 2949 544 ca-

312 607 343 653 )
376 584 611 656 nonico
665 585 996 657 coadiuto
1049 591 1251 656 extra
1303 584 1557 657 urbem
1611 586 2106 672 commoranti,
2146 603 2275 657 suo
2335 586 2604 677 pariter
2656 585 2949 656 coadiu-

311 704 501 768 ›tore
554 704 753 768 extra
807 697 1058 769 urbem
1113 698 1547 770 infirmitatis
1599 716 1817 770 causa
1877 691 2230 788 degente?
2285 696 2393 768 An
2446 698 2644 769 lucra
2695 714 2948 791 prove-

307 831 340 875 »
371 808 630 881 nientia
666 827 754 881 ex
798 811 1250 900 punctaturis
1301 817 1372 883 et
1426 809 1774 881 absentiis
1809 812 2341 898 canonicorum,
2384 828 2569 899 quae
2606 828 2946 902 praesen-

310 942 339 987 >
373 919 547 992 tibus
584 927 1028 1011 accrescunt,
1070 921 1474 994 debeantur
1509 923 1874 993 canonicis
1910 922 2469 1012 coadiutoribus‚
2511 923 2659 993 sive
2702 921 2943 1012 potius

304 1055 337 1098 ι
368 1032 708 1104 coadiutis
756 1034 831 1104 in
878 1026 1090 1104 casu?
1130 1058 1168 1101 a>
1209 1029 1644 1125 Respondit:
1691 1054 1729 1097 ι
1775 1032 1875 1104 Ad
1911 1034 2219 1124 primum
2271 1034 2720 1118 affirmative,
2762 1051 2942 1122 qua-

303 1166 335 1212 >
368 1151 568 1217 tenus
620 1150 923 1235 uterque
975 1144 1244 1218 babeat
1293 1146 1654 1218 indultum
1708 1145 2118 1219 abessendi.
2185 1144 2284 1217 Ad
2337 1145 2760 1231 secundum,
2816 1144 2943 1217 de-

302 1279 332 1323 ›
361 1256 500 1329 beri
558 1259 921 1330 canonicis
956 1258 1333 1330 coadiutis.
1379 1282 1416 1326 ›
1454 1255 1667 1330 Porro
1704 1260 1762 1330 si
1815 1258 2184 1332 coadiutor
2230 1259 2554 1330 infirmus
2607 1263 2805 1329 extra
2842 1257 2942 1328 ci-

297 1367 563 1440 vitatem
618 1371 841 1461 degit,
916 1370 1284 1442 coadiutor
1349 1388 1493 1440 non
1547 1375 1836 1443 tenetur
1888 1369 2102 1442 choro
2169 1370 2509 1442 inservire
2563 1386 2645 1440 eo
2698 1365 2933 1454 modo,

293 1497 412 1569 quo
461 1500 607 1553 non
659 1488 975 1569 tenetur,
1040 1482 1328 1572 quando
1381 1481 1760 1554 coadiutus
1812 1481 2138 1555 infirmus
2189 1483 2377 1554 intra
2446 1480 2696 1552 urbem
2750 1495 2940 1550 com-

288 1599 608 1681 moretur,
661 1595 878 1665 veluti
916 1594 1355 1667 declaratum
1392 1602 1500 1668 est
1535 1594 1650 1666 die
1687 1595 1810 1666 29.
1854 1591 2017 1664 Maii
2061 1595 2273 1666 1667.
2306 1589 2468 1688 (lib.
2507 1592 2632 1664 29.
2675 1591 2932 1663 decret.

277 1722 344 1794 p.
381 1703 549 1777 ⁴3⁴.
592 1706 786 1795 apud
822 1703 1093 1778 Bened.
1139 1701 1325 1776 XIV.
1369 1707 1420 1777 l.
1448 1726 1511 1779 c.
1554 1725 1630 1778 n.
1660 1706 1779 1779 65.
1783 1702 1851 1801 ).
1904 1701 2103 1777 ldem
2158 1704 2374 1792 valet,
2415 1703 2691 1780 etiamsi
2728 1700 2941 1773 coad-

281 1815 447 1888 iutor
495 1817 629 1890 tali
686 1818 1104 1898 infirmitate
1156 1819 1587 1907 detineatur,
1663 1836 1851 1908 quae
1908 1816 2177 1888 nullam
2249 1814 2684 1889 valetudinis
2736 1831 2941 1884 recu-

276 1929 629 2017 perandae
681 1947 881 2020 spem
934 1930 1372 2021 suppeditet,
1432 1936 1512 2002 ut
1563 1929 1852 2001 resolvit
1906 1925 1978 1999 S.
2047 1926 2121 2000 C.
2188 1928 2304 1999 die
2354 1929 2425 1998 2.
2494 1923 2659 1997 Maii
2719 1925 2932 1996 1653.

278 2033 432 2132 (lib.
475 2040 601 2113 17.
646 2041 904 2113 decret.
937 2060 1110 2132 paq.
1157 2039 1396 2137 177..)

406 2149 490 2224 In
550 2155 880 2226 Romana
931 2154 1282 2225 Emolum.
1323 2155 1445 2224 22.
1487 2150 1696 2225 Febr.
1747 2155 1959 2226 1862.
2003 2099 2145 2225 duo
2182 2152 2401 2225 dubia
2438 2149 2937 2243 proponeban-

278 2265 418 2332 tur:
460 2287 501 2328 ι
542 2265 614 2333 1.
653 2262 755 2335 Au
794 2265 1161 2336 coadiutor
1194 2271 1527 2337 teneatur
1562 2265 1851 2338 reticere
1885 2266 2221 2338 coadiuto
2257 2265 2738 2338 emolumenta
2777 2282 2939 2355 pro-

271 2397 306 2438 »
341 2376 712 2448 venientia
747 2395 834 2449 ex
872 2377 1404 2466 anniversariiS,
1446 2376 2023 2467 processionibus
2077 2383 2150 2450 et
2200 2376 2561 2467 capituliS,
2619 2394 2807 2465 quae
2844 2374 2934 2447 ob

271 2508 306 2549 »
339 2504 542 2559 suam
585 2488 987 2560 absentiam
1025 2488 1262 2560 amisit
1313 2489 1387 2558 in
1422 2482 1633 2559 casu?
1686 2491 1759 2559 2.
1807 2489 1910 2559 An
1946 2507 2031 2560 ex
2070 2488 2412 2560 fallentiis
2450 2508 2491 2558 a
2528 2486 2937 2559 coadiutore

263 2621 298 2662 ι»
335 2600 676 2673 coadiuto
728 2600 1278 2693 compensandis
1314 2598 1659 2672 detractio
1704 2599 2031 2672 facienda
2083 2602 2174 2672 sit
2228 2600 2322 2671 ad
2374 2599 2725 2671 rationem
2761 2615 2938 2689 quo-

262 2716 450 2783 »tae
505 2713 719 2801 lucri,
761 2730 979 2802 quam
1031 2731 1247 2803 super
1299 2712 1643 2786 fallentiis
1688 2713 2121 2786 coadiutoris
2175 2713 2362 2785 idem
2400 2711 2774 2783 coadiutus
2825 2727 2937 2781 re-

255 2843 294 2885 »
329 2824 504 2913 cipit
562 2826 642 2895 in
698 2824 1009 2915 generali
1062 2825 1412 2898 divisione
1462 2826 1945 2897 fallentiarum
1992 2824 2491 2916 capitularium
2528 2826 2602 2894 in
2641 2814 2858 2893 casu?
2891 2845 2929 2888 ν

251 2930 317 3002 S.
358 2932 433 3006 C.
479 2937 899 3026 respondit:
948 2958 983 3000 «ι
1029 2934 1132 3007 Ad
1184 2938 1249 3007 1.
1293 2937 1715 3009 affirmative
1753 2944 1824 3009 et
1860 2937 2192 3027 amplius,
2235 2933 2343 3008 Ad
2393 2937 2464 3007 2.
2509 2932 2936 3007 affirmative

250 3066 286 3110 ν
323 3054 396 3119 et
448 3048 802 3140 amplius,
870 3056 940 3121 et
994 3050 1087 3122 ad
1143 3058 1492 3138 mentem;
1553 3068 1755 3121 mens
1806 3056 1944 3135 est,
2012 3049 2205 3138 quod
2257 3045 2692 3119 rescribatur
2757 3039 2936 3115 Erno

247 3180 284 3218 t
320 3160 988 3253 archipresbytero,
1029 3168 1109 3233 ut
1144 3162 1395 3234 divisio
1433 3162 1918 3233 fallentiarum
1959 3161 2035 3230 in
2073 3166 2436 3251 posterum
2473 3157 2599 3228 fiat
2652 3155 2742 3227 ad
2791 3162 2937 3229 tra-

244 3290 282 3336 »
316 3273 544 3345 mites
601 3274 779 3344 iuris
832 3280 905 3345 et
957 3275 1468 3347 resolutionum
1533 3274 1791 3346 Sacrae
1846 3270 2455 3364 Congregationis.
2500 3295 2539 3341 ›

383 3386 525 3457 93.
568 3381 776 3457 Nono
827 3386 982 3457 loco
1028 3387 1425 3459 succedunt
1477 3386 1830 3475 canonici,
1875 3386 1996 3475 qui
2036 3385 2341 3456 audiunt
2394 3383 2706 3471 iubilati‚
2749 3382 2798 3453 ii
2834 3382 2938 3451 vi-

231 3493 559 3586 delicet,
632 3498 755 3586 qui
810 3504 969 3588 post
1037 3496 1401 3571 laudabile
1479 3515 1833 3569 annorum
1888 3496 2365 3587 quadraginta
2419 3496 2786 3568 servitium
2840 3491 2933 3563 ab

231 3624 454 3680 onere
517 3608 835 3679 choralis
888 3607 1100 3680 officii
1153 3608 1578 3697 liberantur,
1621 3616 1693 3682 et
1744 3609 2029 3681 interim
2068 3614 2220 3679 tum
2259 3608 2532 3680 fructus
2583 3606 2937 3700 praeben-

224 3717 396 3808 dae,
439 3727 615 3793 tnm
674 3719 1221 3794 distributiones
1273 3706 1783 3811 assequuntur.
1822 3717 2035 3792 Nulla
2082 3739 2289 3811 porro
2326 3722 2398 3792 in
2451 3719 2669 3791 sacris
2720 3737 2940 3791 cano-

220 3829 458 3903 nibus
520 3830 899 3920 dispositio
950 3832 1125 3923 legis
1172 3834 1502 3921 occurrit,
1545 3851 1731 3922 quae
1787 3833 1897 3903 ius
1933 3832 2343 3905 huiusmodi
2395 3831 2804 3904 sanciverit.
2846 3826 2935 3901 In

211 3945 585 4033 pluribus
641 3949 884 4015 tamen
937 3941 1280 4034 Capitulis
1334 3962 1481 4015 mos
1534 3945 1963 4031 invaluerat,
2006 3951 2086 4016 ut
2140 3944 2464 4015 canonici
2525 3942 2659 4013 hoc
2710 3939 2938 4012 bene-

206 4055 386 4130 ficio
449 4055 915 4142 fruerentur3
972 4073 1188 4144 quarn
1240 4055 1834 4128 consuetudinem
1873 4074 2016 4126 non
2070 4054 2645 4147 improbandam,
2685 4053 2812 4124 sed
2864 4059 2936 4124 et

203 4166 702 4241 tolerandam
757 4168 1036 4238 censuit
1089 4166 1161 4237 S.
1202 4164 1276 4238 C.
1330 4165 1576 4255 Conc.‚
1635 4174 1706 4238 et
1757 4186 1817 4238 s.
1882 4185 1975 4236 m.
2044 4164 2421 4257 Gregorius
2475 4161 2680 4235 XIII.
2748 4163 2934 4235 banc

199 4279 693 4355 sententiam
748 4279 821 4350 S.
885 4269 1464 4370 congregationis
1516 4278 1992 4351 confirmavit.
2062 4276 2330 4348 Deinde
2408 4276 2588 4347 illud
2642 4276 2935 4368 insuper

196 4414 350 4466 usu
415 4390 820 4464 inductum
875 4395 1009 4477 est,
1053 4395 1130 4461 ut
1182 4410 1221 4459 a
1276 4392 1347 4462 S.
1391 4387 1467 4461 C.
1509 4389 1951 4460 iubilationis
2003 4388 2286 4460 indulta
2337 4388 2928 4476 concederentur,

190 4504 536 4583 etiamsi
594 4520 830 4601 neque
907 4503 1349 4576 consuetudo
1382 4555 1402 4591 ,
1468 4518 1705 4591 neque
1758 4499 2154 4590 capitulare
2205 4504 2553 4571 statutum
2616 4500 2689 4570 in
2743 4498 2933 4571 hanc

177 4639 362 4695 rem
433 4613 828 4688 ullatenus
888 4612 1285 4686 accederet.
1361 4610 1543 4687 Rem
1594 4630 1880 4685 omnem
1942 4619 2185 4685 narrat
2238 4611 2513 4684 Folium
2580 4610 2654 4685 S.
2709 4609 2928 4703 Cong.
