3497 5235
471 295 506 338 x
519 296 562 340 n
1527 284 1794 343 motatio
1834 285 2082 345 notoria

463 417 652 502 Huc
683 442 691 450 ·
718 416 958 503 etiam
1021 419 1360 523 additur,
1410 422 1624 532 quod
1674 420 1961 531 privati
2002 422 2427 532 scriptores
2468 404 2736 532 legem
2776 414 3126 506 indicere

466 560 906 664 nequeunt,
951 562 1035 640 at
1098 557 1176 644 S.
1230 558 1317 644 O.
1379 560 1939 646 auctoritatem
2016 559 2472 646 declarandi
2546 560 2813 670 legeS,
2881 566 3126 668 atque

469 694 712 779 etiam
777 698 875 780 de
940 722 1146 780 novo
1209 697 1601 782 condendi
1663 728 1711 782 a
1777 698 2124 786 Summis
2188 699 2704 784 Pontificibus
2774 696 3124 801 obtinet3

470 832 755 920 deinde
821 834 1536 920 controversiarum
1581 837 1949 921 enodatio
2013 866 2107 921 ac
2171 837 2525 923 definitio
2577 864 2737 922 non
2801 838 2905 918 ad
2969 834 3129 945 pri-

466 979 693 1059 vatos
735 973 1124 1075 doctores,
1168 975 1313 1058 sed
1375 977 1478 1059 ad
1520 1002 1839 1060 sacrum
1905 1003 2091 1060 eum
2155 976 2529 1062 Ordinem
2591 974 2883 1061 deferri
2927 974 3132 1059 solet

470 1136 565 1195 ac
628 1110 890 1195 debet.

656 1249 1009 1334 Titulum
1074 1251 1296 1361 operi
1380 1255 1497 1339 De
1564 1255 1995 1341 thatione
2050 1254 2202 1340 SS.
2258 1252 2429 1338 AA.
2489 1254 2659 1338 LI).
2729 1248 3086 1358 inscripsi
3107 1277 3129 1353 3

471 1389 621 1473 sub
684 1386 838 1472 hoc
888 1388 1101 1474 enim
1164 1388 1480 1475 nomine
1526 1389 1770 1500 vulgo
1836 1389 2107 1474 statim
2148 1388 2628 1499 intelligitur
2672 1388 2775 1489 id,
2829 1390 2927 1473 de
2973 1415 3132 1496 quo

472 1525 786 1635 agitnr3
853 1555 945 1611 ac
1010 1526 1197 1612 dein
1261 1528 1338 1612 S.
1377 1528 1461 1613 G.
1505 1556 1790 1613 causas
1857 1555 2166 1630 omnes,
2225 1555 2431 1638 qnae
2498 1529 2601 1613 ad
2661 1525 3134 1613 relationem

472 1666 572 1749 de
671 1670 889 1749 statu
985 1665 1507 1753 ecclesiarum
1570 1666 2027 1776 pertinent,
2096 1694 2259 1752 uno
2323 1666 2476 1753 hoc
2542 1668 2821 1751 eodem
2898 1662 3132 1748 titulo

470 1806 904 1910 nuncupat.
940 1804 1036 1886 In
1079 1802 1524 1912 allegandis
1572 1804 1929 1890 eiusdem
1966 1805 2044 1891 S.
2079 1804 2164 1889 G.
2203 1803 2870 1889 declarationibus
2904 1831 3136 1912 prae-

470 1944 600 2024 ter
666 1942 960 2043 datam,
1005 1940 1301 2025 librum
1364 1970 1458 2025 ac
1522 1942 1902 2052 paginam
1965 1952 2473 2052 regestorum
2536 1940 2613 2029 S.
2663 1942 2958 2050 Congr.
2992 1940 3135 2022 ad·-

474 2078 769 2181 notavi‚
816 2078 883 2163 si
948 2082 1045 2164 de
1080 2085 1466 2190 tempore
1534 2088 1828 2189 agatur
1872 2085 2061 2165 ante
2128 2109 2425 2164 annum
2499 2077 2789 2180 1718„
2835 2105 2933 2162 ex
2977 2104 3135 2185 quo

477 2242 685 2299 anno
749 2216 968 2302 ducit
1029 2216 1344 2301 initium
1415 2222 1849 2307 Thesaurus
1886 2225 2431 2320 resolutzbnum‚
2477 2244 2686 2325 qnae
2750 2215 2833 2299 in
2899 2242 3138 2323 quos-

316 2469 321 2473 *
478 2352 677 2439 libet
741 2381 991 2438 annos
1053 2354 1136 2438 in
1216 2355 1484 2439 lucem
1550 2361 1941 2459 eduntur,
2009 2384 2249 2464 quem
2330 2354 2656 2439 cuilibet
2721 2351 3136 2439 consulere

479 2491 739 2593 datur,
784 2494 1444 2601 quandocumque
1490 2520 1690 2602 opus
1756 2494 1883 2579 sit.
1929 2493 2156 2597 Quod
2220 2492 2511 2577 attinet
2553 2493 2653 2575 ad
2715 2490 3137 2576 resolutio-

478 2659 619 2717 nes
685 2632 762 2719 S.
810 2636 895 2719 O.
942 2634 1205 2743 Episc.
1254 2643 1337 2720 et
1399 2635 1719 2745 Regnl.‚
1767 2634 1878 2719 nil
1941 2642 2262 2746 praeter
2326 2634 2650 2720 titulum
2715 2661 2806 2716 ac
2871 2633 3140 2715 datam

479 2770 816 2882 allegari
879 2772 1176 2881 potuit:
1255 2773 1469 2881 quod
1532 2780 1804 2858 tamen
1869 2772 2062 2859 satis
2128 2782 2286 2875 est,
2346 2769 2462 2874 ut,
2526 2770 2594 2855 si
2658 2769 2851 2879 quid
2914 2796 3138 2854 reco-

477 2910 1025 3019 gnoscendum
1097 2910 1545 3020 contingat,
1607 2914 1821 3020 apud
1907 2917 2088 2996 acta
2166 2911 2522 2996 eiusdem
2604 2935 2762 2992 non
2836 2906 3133 2992 difficili

479 3047 803 3156 negotio
868 3047 1113 3156 possit
1176 3048 1536 3135 inveniri.

671 3189 767 3270 In
810 3187 1047 3271 tertio
1113 3186 1355 3271 huius
1398 3186 1657 3297 operis
1721 3185 2124 3272 volumine
2168 3186 2400 3296 plura
2434 3187 2910 3269 documenta
2956 3209 3141 3266 con-

485 3351 705 3434 gem,
784 3325 1051 3434 qualia
1143 3334 1333 3410 sunt
1414 3325 1843 3410 nonnullae
1936 3323 2432 3435 potissimum
2514 3320 3139 3409 Constitutiones

380 3513 399 3536 .
481 3463 786 3549 Bened.
830 3464 1045 3549 XIV.
1091 3463 1591 3572 aliorumque
1656 3463 2158 3563 Pontificum,
2232 3489 2436 3570 quae
2500 3457 3140 3569 frequentissime

479 3598 565 3683 in
628 3629 866 3686 usum
932 3601 1253 3702 cadunt,
1300 3606 1380 3684 et
1445 3601 1525 3684 in
1586 3601 1833 3702 fonte,
1879 3605 1971 3683 ut
2034 3600 2303 3700 aiunt,
2365 3628 2412 3682 a
2475 3598 2729 3707 prima
2795 3598 2896 3680 ad
2960 3594 3145 3679 ulti-

482 3765 694 3820 mam
760 3724 1060 3839 ceram‚
1105 3738 1519 3823 consulere
1585 3744 1970 3848 praestat.
2033 3738 2216 3820 Huc
2298 3765 2396 3823 ea
2459 3735 2896 3836 reservavi,
2955 3733 3142 3843 quia

480 3873 564 3956 in
629 3876 887 3985 operis
953 3903 1281 3986 corpore
1348 3903 1507 3960 non
1571 3904 1854 3986 parum
1912 3876 2459 3986 impedimenti
2524 3882 2605 3962 et
2666 3871 3144 3959 incommodi

479 4011 1050 4099 exhibuissent.
1097 4013 1462 4121 Denique
1529 4013 1993 4123 generalem
2059 4043 2324 4099 rerum
2360 4014 2884 4126 singularum,
2942 4038 3143 4119 quas

480 4148 636 4233 hoc
698 4176 897 4259 opus
964 4150 1543 4261 complectitur,
1582 4150 1947 4254 indicem,
1986 4151 2232 4238 veluti
2304 4152 2718 4262 fastigium
2780 4148 3139 4259 apposni,

480 4289 581 4373 de
645 4288 873 4372 cuius
937 4289 1309 4392 utilitate,
1354 4287 1517 4375 imo'
1554 4289 2035 4376 necessitate
2099 4318 2244 4376 suo
2289 4290 2463 4375 loco
2506 4289 2694 4373 alibi
2737 4288 2860 4402 (1)
2906 4288 3148 4373 verba

663 4593 759 4677 (1)
797 4570 915 4658 Sc.
958 4593 1020 4657 in
1055 4591 1181 4657 {ine
1218 4595 1384 4659 tertii
1433 4595 1778 4660 voluminis
1812 4597 2178 4662 immediate
2212 4607 2357 4661 ante
2394 4596 2672 4662 indicem
2708 4596 3140 4662 materiarum.
