3497 5235
630 280 749 342 224
1387 279 1756 337 lustrationis
1797 280 1850 336 8.
1877 279 2058 351 Oongr.
2089 280 2233 336 Οοιιο.
2274 278 2545 352 expositio.

633 431 847 485 causa
887 430 1028 482 non
1059 410 1219 498 fuit,
1257 433 1294 478 α
1322 418 1399 484 ut
1427 419 1671 504 postea
1709 406 1844 505 (sic
1873 408 2345 483 Bened.XlV.
2379 412 2461 482 de
2494 413 2664 500 Syn.
2697 411 2913 481 dioec.
2948 410 3073 481 lib.
3097 408 3269 480 xm.

634 551 670 592 ›
712 544 869 615 cap.
911 522 983 596 3.
1026 544 1100 596 η.
1133 520 1245 617 3.)
1299 525 1913 595 confirmationem
1966 520 2410 617 (Praesules)
2461 529 2819 613 reportent
2857 521 2948 592 ab
3008 521 3279 610 Aposto-

631 661 669 706 ›
712 635 843 707 lica
901 635 1107 720 Sede,
1150 635 1277 706 sed
1329 643 1407 708 ut
1461 636 1881 723 corrigatur,
1921 635 2159 725 siquid
2215 635 2513 706 tortasse
2585 635 2657 703 in
2712 632 2964 704 iisdem
3019 638 3147 703 aut
3194 633 3279 702 ni·

632 772 668 815 »
714 749 846 819 mis
898 750 1230 839 rigidum,
1265 756 1397 833 ³aut
1445 749 1679 818 minus
1716 747 1972 817 rationi
2026 765 2422 836 congruum
2476 744 3087 835 deprehendatur.
3135 768 3172 811 ›
3206 740 3278 814 Et

629 859 818 930 hanc
869 868 1214 949 perpetuo
1269 860 1483 931 fuisse
1537 860 1608 930 S.
1652 856 1726 927 C.
1770 859 2248 949 disciplinam,
2310 856 2637 948 pluribus
2682 856 3028 945 exemplis
3065 861 3283 927 osten-

631 970 763 1057 dit,
806 971 971 1042 licet
1022 971 1411 1061 aliquando
1451 971 1814 1042 vetustiori
1869 977 2189 1059 tempore
2227 968 2589 1054 acciderit,
2652 974 2726 1038 ut
2780 974 3031 1038 sancta
3088 966 3282 1038 Sedes

631 1082 848 1154 etiam
900 1081 1207 1154 Concilia
1263 1081 1724 1172 provincialia
1782 1081 2371 1172 comprobaverit.

783 1196 945 1264 158.
1005 1190 1331 1285 Exigitur
1386 1196 1454 1264 in
1510 1193 1642 1264 hoc
1687 1194 1986 1265 articulo
2038 1191 2130 1263 ad
2182 1211 2504 1263 normam
2556 1189 2953 1262 Tridentini
3008 1191 3281 1275 decreti,

630 1305 819 1394 quod
875 1307 1202 1394 superius
1256 1306 1783 1394 exscripsimus,
1828 1312 1902 1377 ut
1955 1306 2030 1374 in
2083 1309 2276 1375 statu
2331 1303 2701 1376 referendo
2754 1300 3119 1392 Episcopi,
3180 1301 3286 1391 qui

627 1417 805 1486 nulli
862 1413 1405 1506 Metropolitano
1456 1416 1756 1487 subiecti
1797 1422 1992 1501 suut,
2035 1417 2478 1503 renuntient,
2522 1435 2613 1485 an
2676 1413 3284 1508 Archiepiscopum

630 1529 999 1618 elegerint,
1060 1532 1261 1600 cuius
1315 1530 1597 1619 Synodo
1651 1531 2031 1615 intersint,
2101 1536 2170 1600 et
2226 1549 2397 1600 num
2470 1547 2716 1617 reapse
2789 1528 2879 1597 ad
2936 1528 3289 1617 Synodum

629 1639 952 1710 eamdem
1006 1643 1459 1713 accesserint.
1504 1639 1917 1730 Postquam,
1976 1643 2271 1712 ineunte
2327 1642 2686 1731 praesenti
2741 1640 3061 1725 saeculO,
3124 1657 3289 1709 nov-a

627 1749 898 1839 ubique
937 1753 1080 1823 iere
1118 1754 1533 1823 dioeceseon
1571 1753 2125 1842 circumscriptio
2161 1754 2440 1823 invecta
2478 1758 2613 1839 est,
2650 1770 2792 1821 non
2830 1752 2930 1822 ita
2973 1749 3293 1839 frequen-

627 1869 736 1935 tes
787 1870 1165 1934 occurrunt
1217 1861 1577 1955 Episcopi,
1619 1866 1741 1954 qui
1799 1864 1889 1934 ad
1946 1865 2218 1934 nullum
2264 1865 2363 1934 uti
2416 1864 2845 1953 suffraganei
2904 1859 3295 1952 Metropoli-

581 1968 590 1977 ’
629 1981 881 2046 tanum
928 1978 1362 2067 peitineant.
1406 1976 1803 2066 Supersunt
1843 1983 2083 2048 tamen
2118 1977 2521 2065 complures
2555 1973 2856 2046 Praelati
2900 1957 3285 2060 inferioreS,

630 2088 1059 2158 territorium
1114 2096 1520 2177 separatum
1562 2088 1916 2159 habentes
1968 2107 2127 2158 cum
2166 2088 2513 2177 qualitate
2569 2087 2883 2157 Nullius.
2928 2083 3016 2155 Hi
3077 2086 3296 2176 proie-

630 2205 769 2283 cte,
813 2199 911 2270 uti
965 2217 1180 2288 supra
1235 2200 1803 2271 demonstratum
1840 2207 1973 2287 est,
2018 2202 2081 2269 vi
2135 2200 2244 2270 sui
2294 2199 2609 2269 muneris
2665 2197 3079 2269 facultatem
3136 2217 3291 2269 con·

630 2309 992 2381 vocandae
1058 2311 1321 2398 Synodi
1402 2330 1544 2381 non
1606 2311 1929 2382 habent:
2014 2318 2331 2383 attamen
2401 2328 2918 2401 saepenumero
2971 2311 3295 2381 eamdem

628 2420 956 2492 obtinent
1010 2440 1092 2491 ex
1149 2422 1512 2512 privilegio
1568 2423 1657 2493 ab
1715 2422 2113 2513 Apostolica
2167 2419 2352 2505 Sede
2407 2423 2810 2512 impetrato.
2854 2418 3184 2493 Iamvero
3231 2422 3298 2490 iu

630 2533 857 2623 primo
911 2551 1107 2621 casu,
1177 2535 1511 2623 quoniam
1570 2532 1854 2624 Synodo
1909 2534 2121 2605 vicini
2194 2531 2526 2625 Episcopi
2582 2535 2924 2605 interesse
2979 2533 3294 2619 debent,

629 2646 927 2733 eiusque
980 2646 1447 2734 synodalibus
1498 2649 1787 2718 statutis
1838 2646 2160 2733 subesse,
2203 2665 2347 2717 non
2391 2654 2497 2717 est
2546 2646 2744 2718 locus
2804 2646 3122 2736 eligendi
3185 2648 3299 2715 Ar-

630 2757 1188 2846 cbiepiscopum,
1231 2758 1433 2828 cuius
1468 2755 1777 2829 Concilio
1832 2760 2353 2830 interveniant:
2410 2758 2595 2830 bene
2633 2777 2797 2828 vero
2834 2758 2908 2827 in
2948 2757 3293 2842 secunde,

627 2870 850 2940 veluti
889 2870 1339 2940 ‘declaratum
1378 2877 1485 2940 est
1522 2870 1592 2938 in
1632 2871 1945 2960 quadam
1998 2868 2563 2961 Congregatione
2601 2868 2734 2940 sub
2774 2865 3047 2940 Bened.
3098 2865 3297 2939 Xill.

627 2981 874 3052 habita
931 2981 1045 3052 die
1099 2983 1219 3050 ⁶28.
1265 2977 1423 3049 Maii
1478 2982 1725 3069 1725„
1767 2981 1856 3052 de
1894 2999 2037 3070 qua
2094 2983 2523 3052 mentionem
2566 2981 2733 3054 iacit
2786 2978 3059 3051 Bened.
3106 2976 3299 3050 xtV.

628 3094 713 3165 de
767 3094 935 3184 Syn.
980 3093 1196 3164 dioec.
1241 3093 1361 3163 lib.
1408 3092 1539 3162 ΙΙΙ.
1582 3112 1738 3184 cap.
1787 3092 1854 3164 4.
1898 3112 1972 3163 η.
2019 3092 2137 3165 16.
2198 3091 2334 3163 Sed
2393 3094 2681 3183 insuper
2742 3093 3307 3164 declarationem

625 3204 858 3294 ipsam
894 3205 1085 3274 omni
1113 3223 1198 3275 ex
1231 3211 1431 3294 parte
1461 3205 1608 3274 suis
1634 3203 1870 3275 verbis
1898 3204 2188 3276 exbibet
2220 3204 2343 3274 lib.
2381 3200 2587 3274 XIII.
2624 3223 2784 3296 cap.
2812 3207 2885 3276 8.
2914 3224 3115 3275 num.
3154 3204 3306 3288 14„

627 3334 929 3407 eamque
983 3338 1022 3386 a
1079 3317 1274 3388 nullo
1328 3324 1625 3389 eatenus
1679 3323 1967 3389 auctore
2022 3319 2097 3388 in
2150 3319 2381 3391 lucem
2451 3319 2721 3390 editam
2774 3318 2993 3390 fuisse
3054 3318 3304 3390 refert.

627 3424 793 3520 Ipsa
853 3448 1056 3520 porro
1112 3430 1207 3499 ita
1262 3448 1336 3499 se
1391 3429 1651 3500 habet:

780 3561 815 3605 ‹
858 3537 1281 3611 Examinato
1334 3541 1712 3631 diligenter
1747 3540 2033 3614 decreto
2085 3544 2268 3614 sacri
2304 3541 2593 3614 Concilii
2649 3541 3047 3615 Tridentini
3105 3543 3309 3617 SesS.

629 3677 667 3722 ›
710 3652 830 3721 24..
876 3671 1033 3742 cap.
1076 3654 1147 3721 2.
1191 3652 1278 3723 de
1334 3652 1679 3723 electione
1733 3650 2257 3743 Metropolitani
2303 3672 2431 3743 per
2483 3651 2895 3745 Episcopus,
2940 3657 3061 3745 qui
3121 3656 3313 3727 nulli

631 3788 668 3830 »
713 3764 1254 3853 Archiepiscopo
1307 3764 1908 3852 subiiciuutur,...
1955 3767 2424 3837 concordibus
2470 3775 2539 3839 et
2593 3766 3065 3839 uniformibus
3122 3769 3322 3839 votis

631 3900 668 3944 »
710 3874 845 3947 fuit
898 3876 1314 3957 resolutum,
1358 3882 1435 3945 ut
1487 3877 1849 3965 sequitur:

777 4012 813 4056 ›
855 3985 1111 4075 Prim0,
1172 3986 1777 4077 Arcliiepiscopos,
1845 3989 1967 4076 qui
2022 4007 2166 4060 non
2220 3987 2490 4059 habent
2545 3989 3084 4080 SuffraganeOS,
3167 4008 3326 4060 non

630 4125 667 4169 ›
708 4102 934 4171 teneri
989 4100 1248 4189 eligere
1304 4097 1926 4190 Metropolitanum
1977 4101 2068 4171 ad
2122 4101 2450 4174 effectum
2491 4103 2965 4173 conveniendi
3019 4103 3089 4171 in
3153 4104 3324 4172 eius

630 4238 668 4283 ›
710 4211 1017 4284 Concilio
1074 4212 1515 4302 provinciali.

773 4350 809 4391 ›
853 4322 1205 4412 SecundO,
1247 4343 1372 4394 sex
1427 4322 1840 4395 Cardinales
1877 4320 2270 4414 Episcopos
2322 4324 2606 4395 urbium
2644 4320 2917 4396 Romae
2971 4324 3328 4398 adiacen-

631 4435 886 4505 »tium
943 4455 1083 4505 non
1139 4436 1393 4521 teneri,
1453 4442 1532 4506 ut
1582 4454 1828 4524 supra.

777 4570 812 4611 »
853 4543 1110 4628 Tertio,
1155 4544 1542 4636 Episcopus
1594 4566 1865 4632 omnes,
1910 4549 2032 4636 qui
2089 4554 2257 4618 sunt
2297 4546 2483 4618 inter
2536 4547 2973 4636 provinciam
3026 4544 3346 4636 Capua-

630 4681 669 4725 »
711 4676 875 4726 nam
931 4663 1000 4728 et
1054 4656 1427 4746 Pisanam,
1490 4676 1632 4728 non
1685 4660 1911 4729 teneri
1992 4658 2248 4749 eligere
2305 4655 2932 4750 Metropolitanum
2988 4658 3074 4730 ad
3139 4659 3343 4731 ess'e·
