3497 5235
1108 346 1229 421 0⁸1».
1256 350 1353 407 111.
1396 348 1466 406 Do
1508 345 1643 404 olere
1685 348 1957 407 tacuisti.
2002 350 2056 423 ἓ.
2084 350 2163 407 14.
2856 351 2972 412 511

292 477 640 551 celebrari
691 478 997 566 soleant,
1057 499 1200 551 non
1256 480 1517 552 idcirco
1569 500 1718 553 rem
1774 483 2087 575 pressius
2123 501 2374 573 urgere
2411 484 2699 575 satagit,
2740 501 2978 556 exem-

294 591 415 682 plo
468 611 508 662 a
564 588 833 662 Bened.
882 589 1069 662 XIV.
1120 592 1525 683 desumpto,
1584 594 1708 682 qui
1761 594 1980 666 octies
2032 595 2105 665 in
2160 613 2348 666 anno
2402 594 2799 667 celebratos
2852 596 2981 666 mi-

297 703 489 773 nime
527 703 892 793 redarguit
952 697 1247 799 (Instit.
1288 705 1454 775 eccl.
1500 702 1621 776 32.
1664 723 1861 775 num.
1903 704 1974 776 8.
2018 711 2084 777 et
2137 701 2352 801 12.),·
2406 708 2733 795 quamvis
2785 713 2980 797 post-

295 814 434 884 hac
486 808 777 907 (Instit.
818 814 987 886 eccl.
1033 813 1199 887 105.
1241 812 1315 909 ξ.
1353 810 1475 911 2.)
1528 832 1691 885 eum
1746 834 2122 888 numerum
2176 817 2267 888 ad
2323 817 2644 909 singulos
2698 837 2979 893 menses

302 927 726 1016 ampliatum
780 926 1083 1017 legatur.

445 1037 617 1108 468.
675 1033 761 1109 In
816 1037 1139 1128 qualibet
1191 1038 1579 1129 episcopali
1632 1040 1830 1111 curia
1884 1040 2147 1129 aliquis
2199 1038 2388 1112 adsit
2438 1047 2718 1132 oportet
2754 1042 2980 1114 eccle-

300 1150 632 1222 siasticus
668 1152 772 1221 vir
809 1151 881 1221 in
920 1152 1240 1224 scientiis
1291 1152 1706 1244 theologicis
1761 1171 1844 1224 ac
1894 1153 2244 1244 liturgicis
2297 1154 2798 1243 peritissimus,
2852 1156 2977 1244 qui

297 1262 675 1352 utriusque
713 1261 1076 1335 facultatis
1129 1264 1585 1352 quaestiones
1637 1264 1813 1335 scite
1861 1265 2181 1336 inveniat
2232 1270 2753 1355 proponatque,
2797 1285 2978 1337 una-

298 1389 440 1461 que
493 1390 617 1443 eas
669 1372 914 1444 solidis
967 1376 1408 1463 argumentis
1477 1380 1548 1446 et
1618 1375 2098 1448 ecclesiastica
2170 1375 2571 1447 eruditione
2636 1376 2968 1449 resolvat.

297 1479 450 1554 Hoc
490 1501 751 1554 munus
790 1484 1283 1573 poenitentiali
1323 1484 1754 1557 cathedralis
1808 1486 2053 1577 templi
2091 1488 2432 1559 canonico
2469 1488 2776 1559 maxime
2808 1506 2978 1561 con-

303 1595 527 1681 venit,
585 1597 851 1689 quippe
906 1598 1029 1686 qui
1083 1617 1209 1688 pro
1245 1600 1355 1670 sui
1391 1599 1601 1671 officii
1659 1607 1917 1673 natura
1970 1600 2370 1691 theologiae
2424 1601 2713 1673 moralis
2766 1602 2977 1675 disci-

298 1700 535 1795 plinas
585 1706 844 1778 callere
898 1710 1218 1800 apprime
1272 1709 1561 1783 debeat.

447 1817 616 1889 469.
674 1817 1029 1891 Canonico
1077 1821 1293 1893 etiam
1330 1822 1661 1914 theologo
1698 1823 2024 1896 similiter
2060 1824 2434 1915 congruit3
2492 1841 2687 1912 nam,
2730 1841 2978 1913 quem-

299 1928 687 2000 admodum
752 1932 1257 2004 animadvertit
1325 1930 1595 2004 Bened.
1655 1931 1847 2005 xlv.
1906 1929 2037 2031 (de
2094 1936 2267 2025 Syn.
2325 1936 2543 2008 dioec.
2586 1937 2707 2008 lib.
2768 1937 2971 2009 XIII.

298 2059 455 2131 cap.
498 2040 568 2112 9.
612 2061 807 2114 num.
852 2039 1051 2138 17.),
1103 2043 1464 2115 decretum
1518 2043 1728 2117 Conc.
1773 2042 1963 2116 Trid.
2023 2065 2181 2136 cap.
2237 2045 2308 2119 1.
2354 2050 2534 2120 Sess,
2578 2048 2650 2118 5.
2711 2047 2795 2119 de
2850 2048 2980 2120 Re-

299 2152 513 2241 form.
556 2172 786 2242 aeque
840 2154 1378 2244 comprehendit
1431 2154 1955 2246 Scripturarum
2009 2174 2370 2230 sacrarum
2427 2158 2970 2247 expositionem,

303 2281 387 2334 ac
439 2262 839 2356 theologiae
892 2265 1372 2359 disciplinam.
1430 2263 1615 2338 Hinc
1675 2285 1802 2358 per
1851 2267 2236 2338 nonnullos
2294 2266 2663 2340 Antistites
2725 2267 2978 2339 lauda-

299 2374 541 2448 biliter
594 2376 1013 2448 mandatum
1065 2376 1286 2448 fuisse
1339 2377 1689 2467 adnotat,
1765 2386 1844 2451 ut
1898 2396 2022 2468 per
2075 2380 2495 2450 canonicum
2568 2378 2976 2470 theologum

301 2501 387 2557 ea
439 2486 839 2558 traderetur
889 2487 1270 2579 theologia,
1329 2506 1515 2578 quae
1568 2495 1677 2561 est
1729 2488 1820 2561 de
1872 2490 2307 2562 conscientia
2360 2508 2443 2562 ac
2492 2489 2832 2563 moribus
2891 2487 2979 2562 Id

298 2614 469 2670 vero
506 2596 772 2671 factum
811 2606 919 2672 est
961 2600 1196 2692 primo
1249 2600 1357 2671 vel
1412 2620 1627 2673 unam
1682 2620 1830 2673 rem
1884 2620 2045 2674 cum
2099 2602 2238 2674 alia
2276 2602 2735 2693 cumuland0‚
2779 2604 2975 2676 vide-

296 2709 465 2780 licet
522 2716 598 2781 ut
633 2710 1007 2802 theologus
1058 2711 1360 2783 biblicas
1415 2714 1756 2786 lectiones
1794 2715 2056 2805 populo
2100 2714 2394 2803 haheat,
2437 2735 2521 2788 ac
2561 2715 2772 2788 simul
2810 2733 2979 2787 con-

299 2822 644 2893 scientiae
698 2842 906 2894 casus
958 2823 1320 2913 explanet,
1378 2825 1480 2894 uti
1534 2831 1887 2897 statutum
1939 2833 2046 2897 est
2101 2826 2175 2897 in
2229 2824 2746 2899 Mediolanensi
2797 2823 2978 2897 Con-

300 2932 913 3023 cilio.provinciali
969 2956 1008 3007 a
1064 2933 1136 3006 S.
1177 2933 1422 3007 Carolo
1475 2934 1899 3010 Borromaeo
1954 2938 2340 3027 celebrat0,
2396 2940 2469 3009 in
2516 2938 2979 3011 celeberrima

296 3041 583 3134 Synodo
635 3044 984 3136 Fariensi‚
1044 3052 1116 3118 in
1171 3049 1456 3138 Synodo
1508 3046 2001 3124 Montisfalisci
2058 3072 2098 3123 a
2150 3050 2357 3123 Card.
2399 3049 2797 3124 Barbadico
2851 3051 2978 3122 ha·
3067 3083 3072 3091 ·

295 3154 449 3228 bita
481 3210 501 3244 ,
562 3159 863 3250 aliisque
917 3160 1408 3249 dioecesibus;
1466 3163 1769 3234 secundo
1821 3165 1933 3235 vel
1990 3183 2208 3236 unam
2262 3182 2410 3236 rem
2467 3164 2670 3236 alteri
2725 3164 2977 3237 subro-

300 3270 587 3360 gand0‚
665 3273 1001 3344 nimirum
1074 3273 1363 3362 quando
1433 3275 1806 3366 theologus
1875 3276 2029 3350 loco
2097 3276 2480 3349 lectionum
2550 3276 2977 3350 biblicarum

301 3363 731 3474 theologiam
787 3384 1122 3456 moralem
1196 3385 1408 3455 simul
1461 3384 1712 3457 doceat
1765 3392 1838 3458 et
1893 3389 2371 3461 conscientiae
2423 3407 2633 3461 casus
2684 3389 2971 3462 enodet.

296 3493 450 3577 Quo
502 3495 575 3565 in
631 3513 799 3567 casu
855 3496 1351 3566 adnotandum
1384 3548 1402 3583 ,
1470 3497 1661 3586 quod
1715 3494 1788 3567 S.
1830 3495 1903 3567 C.
1964 3495 2354 3590 Episcopos
2405 3500 2782 3588 hortatur,
2840 3507 2971 3590 ut,

298 3607 539 3698 quoad
579 3606 729 3678 fieri
770 3614 1028 3698 potest,
1089 3607 1493 3698 theologum
1541 3609 1890 3682 inducant
1927 3610 2017 3681 ad
2055 3611 2337 3701 aliquas
2373 3614 2630 3685 saltem
2672 3612 2977 3687 biblicas

298 3719 651 3791 lectiones
704 3719 777 3789 in
831 3737 1020 3789 anno
1072 3720 1337 3811 populo
1392 3719 1884 3809 explicandas.

449 3829 618 3918 [εἶθ.
676 3825 932 3919 Itaque
984 3830 1042 3901 si
1098 3848 1182 3901 ex
1241 3830 1393 3921 lege
1462 3830 1903 3903 fundationis
1969 3839 2043 3904 et
2108 3834 2434 3924 synodali
2487 3843 2758 3909 statuto
2811 3854 2979 3928 poe-

300 3942 716 4012 nitentiario
786 3942 897 4012 vel
969 3941 1294 4032 theologo
1365 3961 1547 4014 onus
1609 3944 1979 4017 incumbat
2045 3946 2978 4038 explicandionaestiones

299 4053 701 4143 theologiae
778 4052 1062 4123 moralis
1133 4059 1204 4124 et
1271 4073 1516 4125 sacrae
1588 4055 1916 4146 liturgiae
1986 4057 2059 4128 in
2123 4058 2495 4148 coetibuS,
2570 4060 2659 4131 de
2713 4060 2978 4150 quibus

300 4163 691 4252 loquimur,
750 4165 998 4251 utique
1040 4164 1411 4255 invigilare
1466 4164 1732 4238 debent
1773 4164 2130 4258 Episcopi,
2188 4176 2267 4241 ut
2314 4189 2497 4243 onus
2535 4173 2810 4243 muneri
2849 4188 2978 4242 suo

298 4277 706 4348 iniunctum
759 4276 1194 4348 adamussim
1249 4279 1556 4369 explere
1598 4287 2076 4370 perseverent.
2149 4279 2397 4373 Neque
2469 4282 2541 4355 S.
2584 4284 2980 4376 Congrega-

298 4388 516 4458 tionis
569 4390 954 4459 auctoritas
1008 4390 1241 4460 eidem
1293 4391 1519 4463 deerit
1552 4444 1569 4479 ,
1645 4394 1702 4462 si
1762 4391 1936 4465 iorte
1990 4412 2168 4484 opus
2220 4397 2366 4482 sit,
2443 4401 2522 4466 ut
2577 4397 2818 4467 videre
2871 4402 2979 4468 est

299 4501 379 4569 in
420 4500 705 4590 Ripana
762 4501 875 4570 12.
921 4497 1212 4572 Ianuar.
1263 4502 1509 4590 1692.;
1567 4522 1725 4575 cum
1767 4505 1955 4575 enim
2011 4502 2295 4596 Ripano
2351 4506 2677 4598 theologo
2715 4509 2788 4580 in
2827 4527 2980 4581 ere-

298 4612 533 4683 ctione
587 4612 1046 4702 praebendae
1088 4614 1502 4705 theologalis
1542 4615 1979 4705 impositum,
2039 4625 2108 4689 et
2146 4618 2405 4691 deinde
2443 4620 2770 4710 synodali
2811 4639 2980 4692 con-

300 4725 675 4799 stitutione
729 4728 1222 4801 confirmatum
1278 4728 1528 4801 fuisset
1579 4747 1805 4819 onuS,
1872 4737 1952 4803 ut
2006 4729 2284 4822 aliquos
2336 4733 2635 4824 saltem,
2694 4741 2979 4826 praeter
