3497 5235
1036 339 1156 417 Gap.
1182 342 1277 401 m.
1317 340 1391 400 n·
1431 339 1566 401 om
1607 338 1878 402 unnim
1919 343 1973 417 §-
1999 339 2073 399 ιι.
2132 340 2135 345 ·
2762 342 2885 407 445

223 476 538 550 eiusdem
575 476 906 568 specialis
942 473 1519 569 congregationis
1556 478 1777 549 menti
1821 476 2257 549 adamussim
2295 495 2653 566 annuens,
2694 476 2883 550 idem

222 588 553 661 Summus
605 586 931 661 Pontifex
982 588 1118 661 sub
1157 590 1271 662 die
1323 592 1394 661 3.
1435 585 1604 661 Maii
1651 590 1864 661 1858.
1908 588 2000 660 ad
2035 607 2282 661 omnes
2339 588 2708 663 Antistites
2760 608 2887 661 en-

220 703 520 793 cyclicas
554 698 832 775 Literas
869 702 1068 776 dedit
1121 705 1458 796 incipieu.
1499 704 1996 777 Amantissimi
2040 704 2547 795 Redemptor-is,
2586 723 2766 796 quas
2802 722 2890 775 ex

221 815 502 906 integro
551 816 626 886 in
678 816 1036 889 volumine
1072 812 1211 887 III.
1254 814 1389 887 sub
1444 834 1645 887 num.
1688 815 1807 887 37.
1865 814 2111 888 lectori
2165 816 2637 908 perlegendas
2692 815 2891 887 exbi-

218 924 578 999 bebimuS.
623 925 847 1000 Simul
900 946 985 1001 ac
1036 926 1128 999 ab
1180 924 1552 1020 Episcopis
1602 927 1739 999 bae
1793 923 2074 1000 Literae
2128 933 2465 1019 acceptae
2517 932 2714 1015 sunt,
2774 945 2892 1019 ge-

220 1041 553 1129 neratim,
595 1047 673 1113 ut
729 1047 1008 1114 constat
1061 1060 1147 1114 ex
1199 1039 1668 1113 relationibus
1719 1046 1879 1133 post
1931 1061 2053 1113 eas
2107 1042 2197 1113 ad
2250 1039 2323 1114 S.
2387 1038 2462 1112 C.
2520 1040 2885 1129 remissis,

217 1152 620 1228 animarum
656 1160 1020 1229 curatores
1054 1173 1210 1227 sese
1258 1153 1453 1227 SSmi
1490 1153 1574 1226 D.
1613 1150 1702 1225 N.
1741 1155 2284 1247 praescriptioni
2324 1154 2883 1228 conformarunt.

217 1261 417 1347 Quod
471 1267 532 1337 si
585 1266 948 1358 aliquibus
1017 1269 1091 1340 in
1144 1268 1428 1341 casibus
1496 1268 1726 1340 iustae
1799 1287 1882 1340 ac
1953 1267 2417 1341 rationabiles
2485 1285 2744 1340 causae
2796 1265 2890 1338 ad

217 1394 511 1449 sensum
547 1396 789 1450 earum
829 1375 1227 1452 Literarum
1267 1379 1777 1472 impedimento
1815 1388 2045 1470 erant,
2086 1399 2178 1453 ne
2215 1382 2430 1455 iidem
2481 1381 2649 1454 huic
2685 1400 2891 1475 prae-

216 1496 422 1580 cepto
476 1489 883 1563 satisfacere
937 1498 1255 1583 possent,
1313 1510 1388 1564 re
1441 1490 1515 1564 S.
1574 1490 1648 1564 C.
1709 1491 1785 1563 C.
1842 1492 2223 1584 diligenter
2274 1494 2622 1584 exposita,
2690 1512 2892 1567 acce-

216 1601 436 1674 dente
489 1602 1107 1676 commendatione
1159 1605 1474 1695 ipsorum
1517 1603 1962 1692 Antistitum,
2004 1623 2087 1676 ac
2133 1605 2538 1695 specialiter
2573 1606 2664 1678 ad
2712 1604 2893 1678 San-

216 1714 541 1787 ctitatem
578 1711 792 1786 Suam
830 1716 1174 1788 relatione
1228 1716 1445 1804 facta,
1486 1716 1916 1807 peculiarem
1958 1716 2240 1788 veniam
2277 1716 2368 1788 ad
2405 1724 2673 1789 certum
2712 1726 2894 1790 tem-

219 1844 356 1917 pus
406 1826 826 1899 duraturam
882 1829 1191 1900 assecuti
1242 1834 1437 1917 sunt,
1479 1847 1563 1901 ac
1614 1829 1829 1902 etiam
1869 1847 2061 1901 nunc
2107 1830 2393 1922 assequi
2446 1830 2704 1903 solent.
2744 1828 2883 1905 Cfr.

223 1939 504 2030 Spiren.
554 1940 667 2011 18.
709 1937 917 2012 Febr.
968 1939 1182 2012 1865.

293 2185 435 2239 Art.
472 2186 554 2240 11.
594 2185 687 2241 De
722 2186 835 2249 iis,
877 2187 1099 2261 quibus
1136 2188 1307 2242 inest
1346 2187 1651 2255 obligatio
1681 2187 1919 2243 Missae
1955 2204 2073 2258 pro
2114 2190 2349 2259 populo
2390 2191 2819 2259 applicandae.

362 2394 785 2460 Sumulmun.
842 2394 991 2457 351.
1045 2390 1256 2457 Primo
1304 2391 1445 2455 loco
1492 2390 1568 2457 ad
1617 2388 1861 2456 Missam
1910 2410 2029 2477 pro
2077 2391 2323 2477 populo
2354 2389 2473 2456 sibi
2507 2390 2763 2458 subdito
2798 2402 2893 2458 te-

221 2504 468 2560 nentur
513 2491 837 2580 Episcopi,
874 2505 1210 2580 postquam
1244 2493 1646 2581 episcopatus
1678 2493 2141 2581 possessionem
2176 2493 2389 2581 adepti
2426 2493 2690 2561 suerint.
2726 2498 2895 2574 Quae

223 2595 406 2663 Missa
453 2616 585 2664 non
633 2595 940 2664 deonerat
989 2596 1325 2664 canonicos
1372 2619 1402 2662 a
1453 2600 1630 2664 Missa
1678 2597 2106 2665 conventuali.
2148 2633 2191 2646 -
2224 2600 2374 2664 352.
2414 2598 2647 2664 Vicarii
2690 2602 2894 2665 Gene-

221 2702 417 2777 rales,
471 2699 886 2767 coadiutores
933 2700 1197 2767 alicuius
1245 2699 1473 2766 Vicarii
1524 2700 1898 2787 Apostolici,
1952 2712 2015 2766 et
2065 2701 2200 2786 ipse
2249 2701 2532 2767 Vicarius
2581 2703 2900 2789 Apostoli·

229 2822 341 2868 cns
392 2801 470 2868 ad
519 2802 762 2868 Missam
811 2822 929 2889 pro
977 2806 1223 2889 populo
1270 2823 1399 2870 non
1434 2812 1765 2870 tenentur.
1802 2802 1927 2871 Sed
1963 2802 2111 2870 vide
2146 2823 2243 2881 ea,
2280 2823 2442 2889 quae
2474 2804 2896 2889 proferuntur

223 2907 291 2971 in
339 2905 471 2973 fine
519 2905 709 2972 huius
752 2906 1025 2972 articuli.
1061 2943 1103 2955 -
1141 2910 1292 2973 353.
1331 2909 1402 2973 ln
1437 2911 1499 2976 S.
1536 2911 1604 2975 C.
1647 2910 1845 2973 Conc.
1880 2907 2204 2993 proposita
2241 2906 2391 2972 olim
2427 2907 2714 2991 quaestio
2748 2907 2890 2984 fuit,

219 3030 298 3075 an
349 3019 732 3076 tenerentur
780 3010 971 3076 etiam
1021 3012 1282 3077 Praelati
1335 3011 1692 3096 regulares3
1745 3022 1807 3076 at
1855 3010 2140 3095 quaestio
2191 3008 2518 3076 indefinita
2569 3009 2891 3080 remansit.

219 3150 265 3162 -
298 3116 459 3178 354.
513 3113 809 3180 Secundo
860 3125 1161 3179 tenentur
1207 3112 1495 3198 parochi,
1550 3113 1658 3198 qui
1711 3121 1851 3177 actu
1902 3123 1969 3178 et
2013 3111 2235 3178 habitu
2283 3111 2630 3178 animarum
2680 3131 2895 3177 curam

218 3213 691 3282 administrant.
737 3253 780 3264 -
829 3218 980 3282 355.
1032 3217 1183 3282 Sive
1233 3215 1274 3280 ii
1329 3215 1718 3302 temporanei
1769 3213 1935 3291 sint,
1986 3213 2124 3279 sive
2172 3214 2510 3300 perpetui,
2564 3212 2719 3298 quin
2768 3213 2897 3279 imo

219 3318 420 3383 etiam
451 3318 897 3402 parochiarum
931 3316 1148 3383 vicarii
1185 3315 1251 3383 in
1285 3316 1551 3395 casibus,
1592 3317 1822 3403 quibus
1857 3317 2029 3382 iuxta
2063 3316 2419 3382 Concilium
2454 3314 2896 3382 'tridentinum

218 3422 522 3506 deputari
572 3419 835 3489 debent.
889 3421 1002 3498 Qui
1052 3441 1231 3485 casus
1282 3419 1570 3506 quinque
1614 3431 1764 3485 sunt
1797 3430 1861 3485 et
1893 3418 2333 3508 designantur.
2370 3455 2412 3467 —
2446 3420 2598 3485 356.
2634 3417 2897 3495 Quando

214 3522 559 3590 habitualis
603 3524 959 3590 animarum
1007 3541 1153 3588 cura
1202 3542 1400 3609 penes
1447 3541 1634 3588 unam
1668 3540 2037 3607 personam,
2086 3522 2343 3587 actualis
2389 3538 2590 3609 penes
2634 3520 2895 3585 alteram

211 3626 490 3704 residet,
543 3625 722 3704 haec,
773 3643 904 3693 non
951 3624 1048 3691 illa
1095 3624 1175 3690 ad
1224 3627 1466 3691 Missam
1516 3623 1906 3692 offerendam
1963 3636 2241 3700 tenetur,
2292 3623 2427 3688 sive
2478 3623 2552 3689 ad
2603 3636 2892 3708 tempuS,

207 3731 359 3797 sive
412 3728 479 3795 in
526 3743 918 3816 perpetuum
971 3727 1259 3794 eamdem
1309 3739 1508 3816 gerat.
1546 3766 1588 3778 —
1623 3732 1772 3795 357.
1815 3730 1967 3793 358.
2006 3725 2267 3805 Quando
2303 3744 2467 3792 nnus
2515 3725 2758 3792 duabus
2788 3746 2902 3813 pa-

225 3832 467 3900 roeciis
513 3830 707 3897 unitis
753 3831 1027 3921 praesit,
1093 3850 1212 3917 per
1276 3849 1466 3898 unam
1513 3831 1754 3900 Missam
1816 3849 1967 3900 suae
2033 3829 2403 3917 obligationi
2465 3828 2796 3907 satisfacit,
2845 3828 2898 3894 si

207 3936 381 4003 unio
428 3934 512 4000 sit
556 3936 870 4022 plenaria,
908 3946 973 4002 et
1006 3933 1418 4013 exstinctiva;
1467 3935 1516 3999 si
1572 3946 1785 4002 tamen
1830 3933 1913 4000 sit
1959 3951 2163 4022 aeque
2210 3931 2581 4019 principalis
2620 3932 2721 3996 vel
2752 3931 2902 3997 sub-

199 4045 485 4121 iectiva,
536 4062 656 4131 per
700 4043 897 4109 alium
945 4041 1137 4109 debet
1185 4040 1442 4108 alteram
1489 4041 1734 4108 Missam
1785 4041 2041 4108 offerre.
2081 4077 2124 4090 -
2158 4043 2309 4106 359.
2357 4044 2443 4104 De
2479 4037 2773 4104 facultate
2805 4038 2898 4101 bi-

193 4145 416 4214 nandi
469 4155 537 4211 et
583 4146 1052 4230 eleemosynam
1098 4142 1503 4230 percipiendi
1555 4146 1766 4230 agitur
1814 4164 1892 4210 ex
1935 4143 2226 4230 professo
2258 4141 2526 4206 articulo
2573 4139 2892 4228 sequenti.

189 4287 262 4301 -
295 4253 456 4320 360.
511 4250 880 4335 capellanos
927 4248 1006 4316 ad
1053 4249 1381 4335 suppetias
1428 4246 1720 4332 parochis
1771 4244 2066 4312 ferendas
2111 4252 2464 4333 assumptos
2526 4260 2654 4307 non
2705 4240 2899 4307 afficit

184 4353 532 4440 obligatio
579 4351 797 4417 Missae
844 4370 963 4437 pro
1009 4351 1281 4440 populo.
1330 4387 1374 4399 -
1421 4353 1571 4416 361.
1625 4352 1784 4414 Item
1832 4367 1952 4414 nec
2000 4348 2353 4435 capellanos
2414 4346 2728 4431 asylorum
2777 4363 2895 4430 pro

175 4454 644 4544 pauperibus,
695 4471 1049 4532 carcerum,
1101 4451 1615 4520 nosocomiorum
1665 4461 1730 4516 et
1778 4449 2107 4516 similium.
2146 4487 2191 4499 -
2222 4453 2372 4515 362.
2428 4452 2586 4515 Item
2634 4467 2752 4514 nec
2783 4467 2900 4536 pa-

169 4559 496 4627 rocbum
544 4555 1034 4634 missionarium,
1085 4555 1203 4622 nisi
1254 4555 1497 4643 praesit
1529 4552 1870 4641 parochiae
1904 4552 2206 4619 canonice
2242 4552 2303 4616 in
2343 4553 2599 4618 titulum
2640 4553 2894 4637 pridem

165 4672 500 4732 erectae.
537 4697 582 4709 -
615 4663 766 4726 363.
822 4663 917 4725 Ex
963 4659 1336 4745 nuperrima
1385 4655 1813 4738 declaratione
1864 4660 1926 4724 S.
1969 4658 2172 4742 Gong.
2220 4652 2300 4720 de
2350 4658 2539 4743 Prop.
2577 4654 2733 4722 Fide
2785 4657 2891 4723 Vi-

157 4764 374 4839 carii
429 4764 774 4852 Apostolici
822 4783 892 4830 ac
939 4760 1316 4830 missionarii
1365 4779 1495 4828 non
1546 4769 1848 4828 tenentur
1894 4779 1973 4826 ea>
2017 4759 2285 4827 iustitia
2334 4759 2578 4826 Missam
2623 4777 2745 4846 pro
2777 4775 2892 4845 po-
