3497 5235
1093 315 1213 390 ⁰⁸1·
1238 316 1336 374 111.
1374 316 1447 373 Do
1487 314 1622 373 olm
1665 314 1939 374 numm.
1982 317 2037 390 ἓ.
2062 316 2110 375 1.
2817 308 2938 372 299

284 458 667 529 nequaquam
698 445 805 512 sit.
836 483 881 495 -
911 449 1017 514 98.
1060 449 1120 514 Si
1157 467 1289 514 non
1323 447 1771 514 intercedente
1806 446 2119 513 ordinaria
2166 445 2462 511 canonica
2496 464 2701 522 causa,
2740 463 2939 530 aequa

285 556 439 609 extra
486 545 781 614 ordinem
830 569 1009 615 causa
1055 550 1243 629 adsit,
1296 571 1411 617 cur
1441 572 1473 617 a
1507 550 1700 617 choro
1746 549 1988 626 abesse,
2039 560 2102 615 et
2152 547 2407 615 interim
2458 546 2941 614 distributiones

283 664 395 713 non
439 647 640 716 amitti
687 649 987 730 suadeat,
1039 653 1216 720 adest
1266 657 1329 721 S.
1385 656 1454 720 C.
1512 657 1752 731 Conc.,
1803 671 1968 738 quae
2019 663 2381 738 opportuna
2427 650 2801 738 impertitur
2847 650 2941 715 in-

282 747 436 815 dulta
484 750 550 817 in
600 753 845 819 casibus
894 755 1345 839 peculiaribus.
1400 760 1488 821 De
1536 753 1907 821 huiusmodi
1958 753 2388 840 peculiaribus
2433 752 2697 820 indultis
2728 761 2944 817 actum

283 861 362 916 est
407 854 468 917 in
519 853 814 921 Romana
865 857 1273 922 Indultorum
1323 861 1388 924 6.
1443 858 1584 924 Maii
1641 860 1837 923 1820.
1871 891 1915 904 -
1946 859 2057 920 99.
2096 859 2165 922 In
2209 858 2478 922 Tranen.
2520 854 2786 921 Distrib.
2825 857 2933 919 20.

282 955 557 1020 Decemb.
603 959 795 1023 1862.
836 960 1161 1047 complura
1196 959 1427 1035 dubia,
1466 978 1631 1047 quae
1663 958 1995 1025 materiam
2044 958 2349 1024 hactenus
2399 958 2752 1043 expositam
2787 973 2938 1021 con-

283 1056 508 1138 tinent,
561 1062 954 1128 enucleatim
1004 1063 1422 1128 declarantur.

411 1334 532 1403 53.
591 1329 999 1406 Bonilacius
1050 1330 1252 1405 VIII.
1313 1336 1484 1426 Cap.
1528 1332 2131 1406 Consuetudinem
2183 1333 2266 1405 de
2316 1333 2484 1404 cler.
2527 1350 2667 1403 non
2721 1330 2935 1403 resid.

285 1442 346 1513 in
380 1443 487 1525 6.,
542 1450 927 1534 postquam
980 1446 1369 1535 generatim
1424 1447 1822 1534 constituit,
1874 1443 2501 1518 distributionibus
2535 1461 2775 1514 carere
2810 1441 2939 1513 ab·

285 1559 537 1642 senteS,
577 1553 757 1626 haec
807 1557 1050 1627 statim
1089 1557 1450 1648 adiungit:
1497 1580 1534 1623 ‹
1565 1554 1903 1647 Exceptis
1938 1556 2106 1643 illis,
2148 1573 2328 1644 quos
2363 1553 2769 1642 infirmitaS,
2810 1572 2938 1626 seu

286 1687 316 1732 ›
349 1665 532 1736 iusta
589 1672 662 1738 et
713 1667 1161 1739 rationabilis
1230 1675 1302 1741 et
1354 1668 1741 1759 corporalis
1794 1668 2232 1754 necessitas,
2308 1671 2433 1737 aut
2484 1665 2775 1737 evidens
2827 1682 2942 1736 66-

286 1797 317 1843 >
349 1777 608 1848 clesiae
643 1777 919 1849 utilitas
952 1784 1399 1850 excusaret.»
1453 1776 1880 1850 Huiusmodi
1922 1778 2459 1869 dispositionem
2492 1777 2939 1849 confirmavit

281 1889 553 1964 disertis
606 1891 843 1964 verbis
893 1889 1306 1966 Tridentina
1362 1894 1691 1984 Synodus
1743 1912 1903 1982 cup.
1948 1892 2066 1966 42.
2120 1895 2299 1966 Sese.
2340 1892 2464 1966 24.
2505 1893 2589 1964 de
2624 1892 2933 1982 Reform.

281 1974 418 2073 Hoc
469 2003 704 2095 posito
739 2004 961 2076 veluti
999 2003 1496 2094 fundamento,
1529 2006 1938 2094 statuimus,
1975 2004 2173 2076 aliud
2213 2023 2438 2096 genus
2472 2021 2629 2077 esse
2666 2022 2936 2091 eorum,

282 2114 416 2200 qui,
474 2113 646 2185 licet
697 2113 940 2186 absint
992 2136 1033 2187 a
1088 2115 1326 2204 chor0,
1384 2116 1971 2189 distributionum
2037 2118 2423 2209 participes
2473 2117 2685 2204 fiunt,
2743 2115 2940 2188 aliud

282 2239 552 2313 eorum,
612 2226 737 2315 qui
790 2233 1034 2299 contra
1104 2229 1452 2300 iacturam
1520 2230 1938 2319 patiuntur,
2015 2230 2296 2318 quoties
2357 2229 2467 2300 sui
2535 2228 2814 2318 copiam
2864 2228 2941 2299 in

293 2334 487 2406 choro
525 2355 668 2407 non
722 2334 1023 2409 faciunt.
1077 2336 1172 2410 Hi
1207 2339 1280 2410 in
1319 2340 1633 2430 generali
1670 2336 2180 2412 Bonifacianae
2218 2339 2610 2412 sanctionis
2646 2339 2890 2430 regula
2914 2392 2934 2428 ,

281 2446 373 2518 illi
422 2467 591 2520 vero
645 2449 720 2520 in
774 2449 1094 2521 eiusdem
1149 2451 1438 2542 regulae
1491 2453 1910 2542 exceptione
1946 2459 2350 2524 versantur.
2409 2450 2545 2524 Sed
2581 2450 2940 2522 enimvero

274 2566 552 2650 praeter
587 2578 736 2648 eos,
779 2562 904 2651 qui
954 2562 1500 2638 distributiones
1533 2565 1904 2638 lucrantur
1941 2583 2028 2637 ex
2065 2582 2366 2637 censura
2404 2562 2618 2636 huius
2654 2564 2935 2656 capitiS,

277 2672 379 2742 vel
428 2691 609 2759 non,
667 2673 788 2744 alii
844 2680 1211 2763 praeterea
1264 2681 1756 2765 recensentur,
1799 2678 1922 2766 qui
1977 2676 2208 2748 eidem
2261 2677 2434 2748 iuris
2487 2677 2937 2768 dispositioni

271 2782 556 2856 obnoxii
612 2789 810 2856 sunt.
871 2782 1127 2875 Itaque
1178 2787 1407 2878 primo
1461 2788 1613 2860 loco
1648 2790 1738 2860 de
1774 2789 2051 2879 primiS,
2093 2795 2342 2880 postea
2378 2787 2467 2859 de
2504 2789 2745 2859 alteris
2785 2808 2943 2879 gra-

272 2893 489 2967 datim
545 2895 993 2985 eloquemur.

404 3003 497 3078 In
551 3006 687 3079 hoc
726 3009 952 3098 primo
1007 3028 1262 3100 genere
1301 3029 1572 3099 eorum,
1603 3011 1693 3083 de
1724 3010 1992 3100 quibus
2029 3011 2174 3102 agit
2213 3016 2681 3083 memoratum
2715 3008 2943 3101 Caput

271 3118 891 3202 Consuetudinem,
928 3126 1097 3194 ante
1149 3124 1386 3193 omnia
1423 3122 1961 3195 constituuntur
1998 3124 2295 3214 aegroti,
2326 3121 2415 3195 de
2442 3122 2707 3213 quibus
2742 3124 2942 3196 iuvat

268 3232 675 3303 exscribere
711 3249 823 3320 ea,
867 3250 1053 3321 quae
1105 3232 1324 3306 habet
1361 3231 1432 3303 S.
1467 3232 1540 3306 C.
1576 3232 1786 3306 Cone.
1830 3232 2102 3305 infolio
2138 3234 2479 3307 Nuceria.
2519 3235 2714 3308 Serv.
2748 3233 2937 3305 chor.

259 3348 325 3414 et
361 3343 582 3417 distr.
633 3344 752 3414 17.
786 3341 994 3416 Febr.
1034 3346 1249 3416 1838.
1288 3343 1362 3440 g.
1398 3347 1747 3418 Iamvero:
1809 3341 2075 3417 «Inter
2117 3364 2398 3435 666565,
2439 3345 2530 3418 61)
2568 3365 2749 3436 quas
2786 3346 2947 3435 qui-

263 3479 301 3522 »
337 3453 529 3526 libet
582 3455 841 3544 quovis
890 3474 1186 3529 munere
1239 3456 1505 3529 chorali
1543 3458 1832 3530 servitio
1871 3459 2347 3547 mancipatuS,
2380 3458 2490 3530 vel
2525 3457 2940 3544 canonicus,

261 3590 299 3632 ›
337 3566 454 3637 vel
494 3565 1009 3640 beneficiarius
1044 3590 1084 3640 a
1123 3568 1334 3640 choro
1374 3569 1707 3641 adeundo
1734 3569 2049 3659 legitime
2081 3574 2298 3658 queat
2335 3570 2687 3658 excusari,
2718 3568 2949 3659 aegri-

261 3701 299 3744 »
338 3679 684 3750 tudinem
722 3680 1032 3769 corporis
1086 3699 1239 3752 esse
1293 3679 1835 3767 recensendam,
1871 3680 2130 3752 docent
2166 3682 2348 3753 sacri
2386 3699 2725 3768 canoneS‚
2768 3680 2948 3753 adeo

255 3813 294 3857 ›
335 3797 448 3879 ut,
495 3791 626 3880 qui
679 3807 764 3860 ea
817 3791 1156 3863 detentus
1191 3791 1484 3863 chorum
1537 3810 1683 3862 non
1721 3792 2005 3880 adierit,
2038 3793 2259 3864 veluti
2293 3810 2637 3886 praesens
2673 3791 2951 3863 haben-

223 3926 288 3972 .‚
331 3903 515 3988 duS,
573 3908 794 3990 atque
850 3903 1124 3993 integra
1163 3902 1523 3975 fructuum
1559 3905 2018 3996 perceptione
2056 3904 2193 3976 frui
2230 3922 2461 3995 aequo
2498 3906 2649 3975 iure
2684 3903 2951 3976 debeat

246 4038 284 4080 ι
326 4012 369 4105 (
395 4013 583 4103 Cap.
633 4012 1107 4086 Communiter
1157 4013 1278 4088 33.
1321 4015 1554 4087 dist...
1621 4017 1791 4107 Cap.
1842 4018 2286 4108 Sanificavit
2341 4015 2429 4089 11
2443 4070 2459 4086 .
2501 4017 2585 4088 de
2625 4011 2943 4111 praeb.).

243 4149 283 4194 ›
326 4122 430 4197 Et
492 4142 672 4195 sane
728 4126 788 4195 si
840 4126 952 4197 vel
1007 4126 1159 4197 iure
1195 4126 1383 4198 civili
1421 4125 1801 4198 infirmitas
1837 4127 1929 4199 ab
1970 4127 2202 4200 officio
2240 4134 2311 4200 et
2348 4144 2644 4198 munere
2670 4143 2951 4216 semper

241 4260 280 4304 ›
323 4242 649 4309 excusat
702 4232 842 4329 (L.
897 4237 970 4309 2.
1012 4235 1136 4332 §g-
1198 4238 1274 4310 Si
1324 4239 1477 4329 quis
1531 4239 1607 4309 in
1663 4239 1813 4310 iud.
1853 4240 1929 4331 ff.
1992 4241 2068 4312 Si
2120 4240 2273 4330 quis
2326 4245 2638 4310 cautum.
2697 4239 2781 4310 L.
2826 4237 2943 4310 60.

240 4373 278 4419 »
329 4348 771 4435 Quaesitum
821 4350 897 4441 ff.
940 4349 1024 4421 de
1076 4368 1151 4421 re
1203 4344 1448 4446 iud.),
1503 4368 1585 4420 eo
1656 4350 1885 4439 magis
1953 4349 2324 4422 excusabit
2375 4350 2527 4421 iure
2580 4349 2949 4439 canonico,

237 4486 278 4533 ›
323 4461 547 4553 quod
601 4460 696 4530 ab
735 4457 1051 4533 Ecclesia
1107 4461 1455 4552 procedit,
1498 4478 1686 4549 quae
1725 4461 1996 4532 viscera
2035 4461 2524 4552 pientissimae
2563 4461 2810 4533 matris
2843 4462 2954 4533 in-

236 4601 277 4642 »
320 4573 542 4659 duit,
599 4572 1051 4661 filiorumque
1104 4591 1395 4644 suorum
1450 4571 1986 4644 calamitatibus
2038 4572 2305 4644 blande
2358 4573 2709 4645 consolari
2759 4573 2953 4646 omni

235 4710 277 4754 ›
321 4701 484 4777 ope
544 4700 827 4773 semper
878 4683 1181 4756 studuit.
1220 4707 1257 4751 »
