3497 5235
615 288 735 354 356
1372 290 1739 350 Inna-notioni·
1781 292 1835 350 8.
1863 288 2047 363 Gom.
2076 289 2222 349 σου.
2261 292 2534 365 apetitio.

618 448 657 493 ›
698 425 1038 497 ecclesiae
1087 426 1242 498 sine
1293 426 1582 498 licentia
1634 420 2023 516 Episcopiss
2088 422 2162 495 S.
2204 423 2279 495 C.
2321 425 2626 513 censuit,
2683 442 2824 496 non
2874 424 3149 514 requiri
3199 425 3272 495 li-

615 558 654 603 »
695 536 1002 608 centiam
1051 533 1420 628 Episcopi,
1478 536 1769 626 quando
1820 538 2251 629 dignitates,
2293 538 2659 626 canonici,
2701 544 2825 609 aut
2860 537 3271 630 portionarii

615 670 654 715 »
694 647 947 720 abesse
999 650 1248 724 volunt
1302 656 1614 742 tempore
1667 649 1842 741 ipsis
1918 668 1960 720 a
2019 647 2329 722 Concilio
2381 650 2766 741 permisso:
2838 667 2986 721 non
3038 654 3273 721 tamen

613 782 655 827 a>
695 778 941 834 omnes
992 761 1202 833 simul
1257 761 1506 835 abesse
1558 781 1793 853 posse,
1853 780 1943 834 ne
1996 762 2297 834 ecclesia
2347 780 2478 834 suo
2531 760 2774 833 debito
2817 761 3107 833 servitio
3159 761 3273 833 de-

616 895 655 940 »
695 872 1057 945 stituatur.
1115 870 1342 954 Quota
1397 882 1637 948 autem
1688 892 1856 964 pars
1907 873 2121 944 simul
2174 874 2399 962 possit
2448 871 2738 961 abesse,
2803 872 3121 962 relinqui
3171 892 3274 943 ar·

617 1008 656 1053 ›
695 984 909 1057 bitrio
960 981 1293 1076 Episcopi
1345 993 1415 1059 et
1467 984 1848 1078 Capituli»
1903 987 2126 1057 veluti
2180 986 2321 1057 iam
2374 986 2810 1058 notavimus,

766 1097 929 1168 168.
989 1093 1076 1168 In
1128 1094 1551 1170 Collectione
1609 1093 2152 1170 Gardelliniana
2223 1097 2359 1170 sub
2430 1116 2630 1168 num.
2691 1097 2907 1168 4536.
2973 1095 3273 1168 habetur

615 1207 1006 1297 decretum,
1065 1226 1151 1279 ex
1205 1227 1346 1298 quo
1399 1209 1777 1281 deducitur
1810 1261 1831 1297 ,
1900 1209 2333 1300 capitulares
2386 1210 2462 1281 in
2514 1208 2927 1281 choralibus
2979 1205 3276 1280 functio-

612 1319 828 1391 nibus
880 1320 1218 1411 magistro
1270 1322 1875 1393 caeremoniarum
1913 1321 2202 1393 obedire
2237 1321 2544 1408 debere3
2601 1322 2753 1411 ipse
2802 1321 2993 1393 enim
3040 1338 3273 1393 eorum

611 1431 943 1518 director,
1001 1431 1294 1503 minime
1345 1450 1508 1504 vero
1546 1431 1856 1504 famulus
1906 1433 2355 1525 reputandus
2408 1438 2517 1504 est
2567 1433 2645 1504 in
2680 1432 2896 1505 rebus
2947 1432 3041 1506 ad
3078 1431 3279 1503 mini-

612 1543 904 1616 sterium
958 1561 1167 1613 suum
1217 1543 1774 1634 pertinentibus.
1838 1542 1929 1617 Et
1981 1562 2158 1617 sane
2211 1544 2737 1635 quaerebatur:
2807 1567 2845 1608 ι
2881 1541 2986 1614 An
3037 1560 3273 1614 omnes

614 1679 653 1724 ›
693 1655 1122 1746 capitulares
1175 1663 1560 1728 teneantur
1593 1657 1884 1731 obedire
1935 1659 2542 1730 caeremoniarum
2596 1658 2933 1748 magistro
2988 1656 3081 1727 ab
3117 1652 3275 1746 Epi-

615 1788 654 1833 »
694 1783 907 1855 scopo
959 1765 1183 1837 electo
1218 1767 1292 1836 in
1329 1767 1468 1856 bis,
1511 1787 1699 1859 quae
1732 1770 2057 1842 divinum
2114 1771 2386 1843 cultum
2438 1773 2855 1861 respiciunt,
2894 1770 3011 1842 vel
3050 1770 3273 1861 potius

615 1900 653 1944 ν
695 1876 1127 1948 considerari
1180 1877 1440 1952 debeat
1491 1888 1858 1971 tamquam
1912 1883 2418 1971 capitularium
2471 1879 2827 1955 ramulus?
2880 1879 3109 1972 Resp.
3161 1880 3274 1952 Ca-

618 2012 655 2055 »
695 1987 1041 2079 pitulares
1092 2006 1338 2060 omnes
1372 1994 1601 2064 teneri
1653 1992 1943 2066 obedire
1997 1996 2603 2067 caeremoniarum
2659 1996 2997 2087 magistro
3036 1996 3112 2066 in
3157 1996 3269 2083 iis,

618 2124 655 2168 »
698 2117 884 2188 quae
936 2099 1259 2171 divinum
1313 2103 1586 2175 cultum
1637 2106 2076 2195 respiciunt:
2144 2106 2621 2197 eumdemque
2680 2108 2754 2179 in
2804 2108 2917 2179 sui
2972 2108 3271 2178 muneris

620 2236 659 2281 ›
701 2212 1036 2283 exercitio
1087 2229 1242 2282 esse
1277 2216 1780 2303 capitularium
1833 2216 2282 2306 directorem,
2332 2237 2475 2289 non
2528 2218 2902 2291 famulum.
2942 2244 2981 2285 ν
3037 2214 3156 2315 (S.
3186 2220 3264 2289 R.

620 2325 833 2415 Conq.
864 2323 986 2394 24.
1019 2324 1199 2399 Maii
1230 2322 1446 2397 1817.
1478 2327 1640 2399 dub.
1679 2327 1718 2400 1
1731 2325 1845 2422 1.)
1881 2323 2083 2408 Quod
2120 2331 2259 2400 iam
2300 2329 2531 2402 iuerat
2567 2330 2885 2402 decisum
2916 2329 3010 2402 ab
3040 2330 3268 2402 eadem

616 2434 691 2507 S.
733 2434 808 2504 C.
858 2436 980 2507 sub
1031 2435 1310 2508 aie-17.
1357 2439 1493 2509 Iul.
1541 2439 1757 2513 4734.
1804 2441 1881 2512 iu
1934 2441 2498 2532 Monopolitana.

771 2547 937 2619 169.
996 2545 1339 2621 Addimus
1389 2550 1526 2623 hoc
1577 2552 1727 2642 ipso
1782 2552 1858 2622 in
1910 2552 2061 2624 loco
2116 2552 2255 2624 alia
2310 2548 2383 2623 S.
2425 2550 2500 2623 C.
2542 2547 2693 2624 Rit.
2736 2550 3052 2637 decreta,
3098 2566 3268 2639 quae

617 2678 780 2733 cum
831 2660 1120 2731 statutis
1171 2661 1691 2751 capitularibus
1745 2663 2113 2735 materiam
2166 2663 2519 2755 praebere·
2565 2662 2857 2752 valent,
2926 2670 3074 2734 tum
3124 2679 3272 2731 nor-

616 2790 806 2844 mam
859 2788 944 2843 ac
977 2769 1312 2864 'regulam
1366 2775 1861 2865 suppeditant,
1902 2781 1981 2846 ut
2017 2775 2392 2865 disciplina
2444 2776 2642 2847 chori
2692 2776 2871 2847 satis
2915 2780 3271 2865 perspecta

614 2885 733 2972 sit,
792 2890 861 2954 et
906 2884 1318 2975 diligentius
1353 2887 1821 2959 custodiatur.
1874 2884 2129 2976 Itaque
2170 2906 2256 2959 ex
2298 2888 2707 2961 Collectione
2744 2887 3269 2959 Gardelliniana

615 2990 748 3090 (u.
784 2987 1004 3088 270.)
1050 2996 1517 3069 exscribimus
1569 3016 1758 3087 quae
1809 3005 2253 3089 sequuntur:
2317 3022 2354 3064 «a
2386 2998 2787 3088 Capitulum
2843 3006 2917 3070 et
2968 2996 3269 3070 canonici

619 3130 658 3175 ›
698 3106 1040 3180 ecclesiae
1093 3108 1584 3181 Salernitanae
1638 3108 1711 3181 S.
1757 3106 1846 3180 R.
1890 3108 1964 3181 C.
2009 3113 2265 3201 exponi
2323 3110 2673 3199 fecerunt,
2729 3127 2850 3181 eos
2896 3109 3147 3181 habere
3194 3106 3270 3175 in

620 3242 659 3287 »
698 3236 942 3291 eorum
998 3220 1296 3291 ecclesia
1351 3222 1736 3293 nonnullas
1788 3223 2260 3312 particulares
2306 3230 2378 3294 et
2417 3224 2754 3312 antiquas
2805 3219 3272 3293 caeremonias

619 3354 658 3399 ›
698 3350 742 3400 a
779 3327 897 3400 Pio
936 3325 1056 3399 IV.
1100 3329 1219 3401 iel.
1261 3348 1401 3402 rec.
1446 3332 1910 3424 approbataS‚
1969 3350 2156 3422 quae
2209 3334 2391 3405 libro
2442 3333 2960 3406 Caeremoniali
3004 3331 3275 3423 Episco-

619 3465 658 3510 »
699 3458 953 3532 porum
990 3442 1262 3512 noviter
1299 3443 1640 3533 impresso
1693 3463 1840 3515 non
1891 3451 2061 3516 sunt
2109 3445 2549 3534 conformes;
2605 3452 2677 3517 et
2713 3446 2872 3517 ideo
2910 3445 3005 3516 ab
3041 3444 3271 3518 eadem

622 3579 659 3623 »
702 3551 773 3624 S.
816 3550 907 3623 R.
951 3550 1023 3622 C.
1066 3552 1410 3626 declarari
1463 3558 1853 3646 petierunt,
1912 3576 2033 3630 eos
2084 3575 2230 3628 non
2282 3575 2439 3629 esse
2494 3557 2845 3649 obligatos
2907 3558 3001 3629 ad
3051 3556 3273 3629 obser-

619 3692 659 3732 »
699 3665 1056 3735 vationem
1095 3663 1264 3735 dicti
1303 3665 1880 3739 CaeremonialiS.
1938 3665 2131 3749 Quae
2170 3668 2460 3757 quidem
2500 3665 2571 3738 S.
2613 3666 2705 3741 R.
2740 3668 2959 3761 Cong.
3001 3686 3272 3759 respon-

622 3800 659 3843 »
701 3774 847 3845 dit:
911 3774 1160 3847 Omnes
1213 3778 1537 3849 ecclesias
1592 3779 2219 3869 metropolitanas,
2284 3781 2717 3853 cathedrales
2769 3787 2836 3852 et
2886 3781 3269 3869 colleqiatas

621 3910 660 3955 ›
700 3886 968 3959 dictum
1020 3887 1276 3958 librum
1332 3889 1921 3962 Caeremom’alem
1991 3892 2066 3962 in
2119 3894 2432 3964 omnibus
2503 3893 2599 3964 ad
2659 3913 2961 3985 unquem
3014 3905 3275 3965 servare

621 4020 660 4065 2>
701 3996 994 4079 debere,
1045 4004 1546 4091 praeterquam
1598 4002 1673 4070 in
1727 4002 1929 4082 illis,
1981 4023 2159 4093 quae
2207 4004 2291 4075 de
2344 4005 2699 4095 amiqua,
2753 3999 3274 4076 immemorabili

622 4132 661 4177 ›
703 4129 786 4180 ac
840 4109 1186 4181 laudabili
1236 4113 1768 4193 consuetudine,
1804 4112 1949 4183 alio
1999 4113 2106 4185 vel
2159 4114 2434 4186 diverso
2486 4115 2687 4186 modo
2741 4115 2828 4186 ab
2871 4135 2981 4197 ea,
3033 4131 3152 4205 quo
3193 4111 3271 4179 in

623 4245 660 4289 »
706 4220 1218 4293 caeremoniali
1261 4224 1805 4313 praescribitur,
1841 4224 2330 4297 observantur.
2378 4223 2494 4297 16.
2538 4226 2673 4297 Iul.
2722 4224 2937 4298 1605.
2985 4219 3280 4296 Salerni-

622 4355 662 4399 >
704 4339 907 4404 tana.
945 4358 982 4401 »

766 4440 927 4518 Huc
981 4446 1291 4537 pertinet
1339 4446 1476 4518 hoc
1511 4447 1708 4519 aliud
1743 4448 1989 4536 etiam,
2048 4447 2242 4537 quod
2293 4449 2646 4538 sequitur,
2704 4448 2886 4519 sacri
2941 4447 3119 4518 illius
3148 4438 3278 4512 Or-

622 4555 812 4628 dinis
863 4557 1252 4651 decretum,
1311 4561 1683 4635 videlicet:
1747 4588 1786 4629 ι
1815 4561 1947 4635 Pro
1987 4572 2188 4655 parte
2232 4563 2539 4656 Capituli
2574 4566 2916 4639 ecclesiae
2951 4564 3269 4637 Elboren.

624 4692 666 4736 v
706 4669 1006 4760 petitum
1060 4671 1236 4744 fuit:
1311 4672 1418 4746 An
1469 4674 1836 4749 decretum
1888 4686 2302 4751 emanatum
2362 4678 2455 4752 ad
2504 4680 2925 4754 instantiam
2974 4676 3273 4755 omnium
