3497 5235
531 334 649 396 536
1667 334 1932 407 Appendix
1971 335 2039 392 11.

678 464 905 539 XLII.
947 465 1175 550 Quum
1230 468 1619 561 appellatio
1655 470 2072 560 producitur
2105 491 2146 541 a
2200 471 2557 543 sententia
2601 470 2900 542 alicuius
2951 470 3194 541 curiae

534 579 956 671 episcopalis
1008 581 1101 652 ad
1153 576 1795 672 Metropolitanam,
1838 580 2428 676 Archiepiscopus
2489 600 2617 672 pro
2667 581 3074 673 cognitione
3125 584 3200 652 et

531 690 889 765 decisione
942 712 1199 766 causae
1235 696 1561 783 sequitur
1599 711 1918 764 normam
1970 694 2406 787 procedendi
2441 696 2514 766 in
2549 693 2685 765 hac
2722 694 3198 765 instructione

527 801 890 876 traditam.

681 912 948 988 XLIII.
989 915 1060 989 Si
1112 919 1478 1011 contingat
1530 920 1722 1010 quod
1773 921 2096 1008 clericuS,
2148 939 2295 992 non
2345 919 2677 992 obstante
2732 918 2862 990 fori
2914 917 3206 1008 privile-

540 1029 679 1121 gi0,
720 1028 810 1102 ob
864 1029 1160 1101 crimina
1213 1032 1615 1104 communia
1666 1031 2088 1105 subiiciatur
2137 1033 2498 1126 processui
2536 1038 2607 1103 et
2658 1030 2921 1103 iudicio
2972 1030 3200 1103 laicae

536 1141 952 1233 potestatiS,
1008 1138 1427 1215 Ordinarius
1494 1142 1628 1215 hoc
1679 1144 1754 1215 in
1806 1162 1979 1216 casu
2042 1147 2504 1216 summariam
2568 1143 2785 1214 sumit
2838 1142 3204 1213 criminosi

538 1250 707 1325 facti
763 1254 1266 1344 cognitionem,
1307 1262 1526 1346 atque
1580 1255 1987 1348 perpendit,
2030 1275 2125 1326 an
2162 1256 2422 1346 ipsum,
2462 1254 2555 1326 ad
2607 1254 2869 1326 tradita
2908 1271 3038 1345 per
3087 1272 3204 1325 sa-

537 1382 691 1437 cros
744 1383 1082 1454 03301135,
1123 1365 1354 1438 locum
1390 1367 1607 1439 iaciat
1659 1366 2022 1455 infamiae,
2062 1367 2593 1459 irregularitati,
2636 1372 2761 1437 aut
2799 1366 2920 1437 alii
2974 1364 3210 1439 eccle-

535 1476 864 1549 siasticae
916 1478 1297 1550 sanctioni.

683 1586 755 1683 ξ.
806 1589 869 1657 1.
913 1587 1150 1661 Donec
1186 1590 1524 1662 iudicium
1554 1590 1896 1681 pendeat,
1931 1600 2054 1663 aut
2091 1598 2466 1663 accusatus
2502 1590 2839 1663 detentus
2873 1590 2995 1676 sit,
3037 1606 3212 1678 pru·-

538 1700 716 1772 dens
767 1708 902 1789 est,
944 1702 1135 1790 quod
1188 1699 1607 1774 Ordinarius
1658 1721 1813 1776 sese
1865 1702 2123 1775 limitet
2176 1703 2267 1774 ad
2320 1701 2554 1774 media
2606 1700 3025 1795 provisoria.

686 1808 762 1906 §-
803 1814 876 1884 2.
917 1810 1219 1904 Expleto
1271 1819 1512 1886 tamen
1549 1815 1838 1903 iudicio,
1879 1819 1949 1885 et
2002 1813 2224 1886 libero
2272 1812 2550 1887 reddito
2601 1819 2966 1899 accusato,
3008 1813 3201 1884 curia

542 1922 740 1995 iuxta
793 1924 1063 1995 exitum
1102 1924 1681 1999 informationum
1734 1944 1866 1998 ceu
1917 1928 2247 2019 superius
2283 1930 2840 2015 assumptarum‚
2882 1921 3201 2014 procedit

542 2033 635 2105 ad
690 2035 1010 2108 tramites
1063 2036 1609 2129 dispositionum
1661 2041 2064 2129 praesentis
2120 2038 2634 2111 instructionis.

687 2143 942 2218 XLIV.
982 2144 1071 2220 Iu
1123 2150 1411 2223 casibus
1460 2149 1699 2222 dubiis
1735 2158 1809 2224 et
1860 2152 1934 2222 in
1986 2150 2199 2222 variis
2234 2149 2567 2239 practicis
2616 2146 3197 2233 difficultatibus,

542 2276 728 2347 quae
781 2261 1189 2351 contingere
1242 2264 1544 2352 possint,
1604 2261 1960 2335 Ordinarii
2013 2262 2393 2334 consulant
2443 2261 2630 2332 hanc
2692 2256 2764 2330 S.
2805 2257 3204 2349 Congrega-

542 2370 810 2442 tionem
863 2372 955 2444 ad
1007 2374 1339 2446 vitandas
1389 2376 1888 2448 contentiones
1939 2383 2010 2447 et
2065 2374 2460 2445 nullitates.
2915 2456 2920 2459 v

690 2482 803 2553 Ex
854 2484 1037 2556 Aud.
1086 2486 1314 2559 ssmi.
1357 2488 1498 2559 diei
1552 2487 1669 2561 11.
1711 2488 1905 2560 Iunii
1945 2486 2160 2560 1880.
2208 2486 2464 2558 SSri'zus
2502 2484 2703 2557 Diius
2739 2479 2996 2554 Noster
3032 2480 3219 2553 LEO

541 2592 689 2667 div.
724 2613 930 2685 prov.
973 2597 1125 2670 PP.
1168 2598 1369 2672 XIII.
1420 2601 1672 2673 audita
1724 2584 2066 2672 relatione
2109 2597 2507 2691 praesentis
2574 2592 3075 2667 [astructionis
3126 2589 3213 2663 ab

540 2705 1006 2800 infrascripto
1062 2710 1263 2781 Sacr.
1310 2712 1644 2804 Conpreq.
1705 2713 2109 2805 Episcopor.
2160 2715 2226 2781 et
2279 2709 2733 2800 Reqularium
2787 2704 3216 2785 secretario,

542 2835 699 2889 eam
752 2819 826 2890 in
880 2820 1196 2893 omnibus
1247 2824 1635 2914 approbare
1685 2830 1746 2896 et
1801 2821 2218 2915 confir-mare
2268 2821 2604 2913 diqnatus
2656 2825 2780 2891 est.

697 2929 953 3002 Romae
1002 2930 1116 3003 die
1166 2939 1230 3005 et
1280 2953 1472 3005 anno
1521 2935 1767 3026 quibus
1821 2953 2065 3025 supra.

1911 3171 1920 3182 ·
2006 3126 2067 3200 I.
2109 3128 2334 3200 Cum.
2376 3127 2748 3200 Furiarum
2800 3122 3074 3196 PnAssr.

2011 3236 2073 3311 I.
2116 3237 2197 3311 B.
2241 3240 2552 3334 Aqnozzi
2605 3238 3066 3358 secretarius.

1712 3387 2041 3430 ψ.

1613 3564 2028 3618 APPENDIX
2062 3565 2143 3619 11.

735 3679 827 3734 De
863 3681 1064 3736 libero
1103 3683 1396 3751 ingressu
1432 3685 1800 3740 clericorum
1838 3685 2253 3739 saecularium
2288 3685 2354 3737 in
2392 3683 2660 3737 Ordines
2697 3680 3045 3748 regulares.

675 3867 746 3941 1.
806 3871 1125 3963 Epistola
1178 3871 1538 3944 Benedicti
1592 3873 1747 3944 PP.
1817 3870 2011 3944 XIV.
2068 3871 2164 3943 ad
2214 3871 2557 3963 Anqelum
2605 3867 2923 3943 Mariam
2983 3863 3118 3935 Tit.

850 3982 922 4053 S.
966 3983 1315 4054 Praaeedis
1356 3985 1429 4056 S.
1474 3984 1559 4055 R.
1601 3985 1686 4055 E.
1730 3983 2223 4072 Presbyterum
2261 3980 2720 4056 cardinalem
2772 3973 2914 4072 (1).

698 4141 803 4215 Ex
841 4163 983 4236 quo
1019 4144 1323 4219 dilectus
1373 4146 1564 4219 filius
1617 4144 1945 4220 Leander
1994 4144 2344 4234 Chizzola,
2386 4144 2944 4217 Archidiaconus
2995 4140 3226 4214 eccle-

552 4260 701 4331 siae
753 4264 923 4331 tuae
977 4259 1409 4332 cathedralis
1458 4256 1876 4347 BrixiensiS,
1933 4277 2019 4332 ex
2072 4259 2452 4349 improviso
2508 4257 2770 4329 isthinc
2821 4257 3218 4349 digressuS,

551 4367 947 4444 Bononiam
998 4390 1074 4443 se
1126 4372 1471 4459 contulit,
1534 4370 1774 4461 ibique
1825 4370 2151 4443 habitum
2218 4369 2531 4461 suscepit
2585 4369 2822 4442 clerici
2874 4367 3225 4460 regularis

555 4482 927 4557 Societatis
977 4479 1171 4571 Iesu,
1226 4485 1466 4556 statim
1520 4503 1560 4554 a
1612 4490 1710 4571 te,
1770 4484 2024 4557 dilecte
2075 4483 2179 4555 fili
2229 4479 2507 4572 Noster,
2549 4482 2760 4554 datae
2796 4479 3089 4553 fuerunt
3124 4478 3228 4551 ad

697 4728 776 4802 (1)
816 4736 899 4783 Ex
942 4734 1187 4784 Bullarii
1227 4734 1425 4787 Bencd.
1457 4735 1608 4785 XIV.
1642 4740 1775 4785 tom.
1811 4733 1889 4784 11.
1923 4747 2049 4797 pag.
2085 4732 2170 4781 73.
2219 4730 2381 4781 redit.
2418 4732 2617 4782 Venot.
2646 4730 2785 4781 anni
2824 4725 3005 4801 1778).
