3497 5235
897 273 1016 352 ⁰⁸1⁵·
1044 279 1085 335 1.
1126 277 1196 336 De
1238 278 1386 337 statu
1425 276 1702 337 Ecclesiae·
1720 278 1992 337 materiali.
2035 281 2088 355 g.
2112 289 2171 347 3.
2762 268 2841 332 59

268 530 377 605 111.
421 531 801 628 Privilegia
855 540 927 608 et
975 535 1507 629 praerogativae
1549 532 2018 630 Episcopatus
2069 542 2194 611 aut
2242 533 2798 609 Patriarchatus.

332 781 761 847 Sunnnmn.
790 782 928 844 .22.
978 776 1217 844 Bened.
1268 779 1427 845 xlv.
1480 778 1871 845 mentionem
1919 776 2065 844 facit
2112 776 2195 843 de
2242 773 2581 863 privilegio
2630 791 2848 839 conse·

232 880 417 948 eraudi
465 880 791 948 Pontificis
838 880 918 947 ad
965 881 1348 966 Episcopum
1393 880 1741 947 Ostiensem
1790 880 2178 969 pertinente.
2208 915 2251 929 -
2282 881 2390 944 23.
2428 879 2586 943 Item
2634 874 2713 941 de
2744 893 2854 940 an·

231 984 375 1071 tiquo
421 983 774 1072 privilegio
822 983 1135 1069 Episcopo
1186 981 1635 1071 salisburgensi
1691 1002 1887 1070 super
1932 994 2203 1069 quatuor
2249 977 2577 1066 Episcopis
2624 976 2852 1043 consti-

233 1086 498 1155 tuendis:
537 1122 582 1136 -
614 1090 725 1152 24.
764 1088 1023 1152 Necnon
1069 1084 1149 1151 de
1195 1085 1329 1152 aliis
1375 1086 1729 1172 privilegiis
1777 1086 2038 1152 aliorum
2087 1084 2456 1151 Antistitum
2504 1079 2854 1167 inungendi

229 1190 544 1276 proprium
598 1189 987 1274 principem.
1036 1224 1079 1238 -
1124 1191 1229 1253 25.
1283 1191 1369 1253 De
1419 1187 1810 1274 privilegiis,
1872 1207 2035 1274 quae
2097 1186 2390 1253 Praelatis
2449 1183 2853 1251 inferioribus

229 1288 548 1376 aliquando
605 1289 838 1355 tributa
902 1287 1336 1355 inveniuntur.
1387 1325 1430 1339 -
1477 1294 1585 1355 26.
1638 1293 1726 1355 De
1775 1290 2006 1377 triplici
2071 1289 2495 1354 Praelatorum
2540 1287 2782 1373 specie.
2812 1317 2857 1335 -

226 1395 311 1458 37.
344 1392 510 1469 Quid
564 1392 953 1476 requiratur,
990 1401 1058 1456 ut
1090 1391 1349 1457 Praelati
1385 1392 1607 1457 tertiae
1652 1391 1888 1479 speciei
1919 1390 2232 1477 synodum
2266 1408 2494 1477 cogere
2527 1387 2790 1474 possint.
2813 1419 2856 1436 -

228 1497 317 1561 28.
350 1498 433 1561 Ut
481 1494 901 1582 privilegium
959 1495 1345 1561 convocandi
1408 1513 1786 1561 concursum
1851 1495 1915 1562 in
1977 1496 2201 1561 iisdem
2261 1493 2649 1568 admittatur,
2702 1488 2856 1575 quid

228 1599 596 1682 requiratur.
648 1600 741 1662 Eo
788 1596 1019 1683 posito,
1069 1597 1187 1683 ipsi
1234 1607 1496 1683 possunt
1546 1600 2005 1664 examinatores
2052 1597 2314 1683 eligere,
2367 1612 2744 1659 oeconomos
2793 1600 2860 1656 et

228 1701 473 1765 vicarios
507 1698 847 1785 deputare,
883 1698 1124 1784 aliaque
1159 1698 1362 1764 facere
1399 1699 1463 1764 in
1498 1701 1656 1764 Sess.
1691 1698 1816 1764 24.
1851 1717 1988 1783 cap.
2025 1696 2138 1764 18.
2178 1698 2248 1763 de
2281 1697 2424 1780 Res.
2460 1694 2859 1780 descripta.-

228 1806 319 1868 29.
367 1804 432 1871 Si
484 1801 633 1887 quis
695 1801 834 1867 iure
882 1811 1135 1867 ornatus
1185 1812 1278 1868 est
1328 1801 1712 1869 convocandi
1773 1820 2184 1879 concursum,
2252 1817 2380 1866 non
2443 1797 2585 1863 ideo
2649 1806 2856 1883 potest

227 1904 526 1985 synodum
577 1921 954 1968 convocare.
1004 1906 1092 1968 De
1140 1903 1626 1969 archimandrita
1689 1902 2090 1969 Messanensi.
2127 1938 2172 1950 -
2218 1905 2324 1968 30.
2378 1898 2636 1966 Praelati
2697 1896 2856 1963 infe-

230 2009 413 2071 riores
460 2006 809 2090 regulares,
847 2003 1037 2070 etiam
1080 2004 1473 2072 Benedictini
1512 2024 1640 2071 non
1671 2004 1935 2092 possunt
1967 2026 2045 2072 ex
2077 2005 2401 2071 sanctione
2448 2005 2640 2069 Cone.
2680 1999 2851 2066 Trid.

233 2119 570 2186 tonsuram,
620 2108 725 2172 vel
774 2106 1037 2173 Ordines
1082 2108 1358 2174 minores
1408 2107 1700 2173 conferre
1734 2109 1832 2186 iis,
1869 2109 1978 2195 qui
2010 2108 2128 2174 sibi
2179 2126 2306 2173 non
2353 2106 2637 2172 subsunt.
2676 2108 2860 2170 Prae-

230 2211 319 2275 lati
365 2211 745 2287 saeculares,
798 2228 939 2274 cum
992 2211 1381 2298 regularibus
1429 2230 1554 2276 non
1602 2212 1920 2298 praesint,
1972 2212 2127 2277 nulli
2181 2223 2541 2286 tonsuram,
2591 2218 2698 2273 aut
2743 2208 2861 2272 mi-

238 2332 409 2379 nores
457 2310 727 2379 Ordines
772 2311 1060 2378 conferre
1101 2323 1400 2398 possunt,
1450 2313 1569 2378 nisi
1626 2312 1896 2380 habeant
1941 2313 2388 2401 privilegium,
2440 2310 2612 2397 quod
2660 2311 2861 2395 impe·-

231 2427 449 2482 tratum
496 2414 696 2481 fuerit
739 2427 883 2503 post
930 2418 1125 2482 Conc.
1179 2416 1355 2483 Trid.
1409 2420 1495 2482 De
1544 2416 1786 2484 Abbate
1834 2420 1908 2483 N.
1957 2419 2032 2483 N.
2080 2416 2587 2484 venetiarum·
2635 2417 2743 2480 31.
2798 2414 2857 2482 Si

235 2538 396 2585 secus
438 2516 553 2584 fiat
598 2518 838 2584 nedum
886 2519 1096 2586 illicita
1140 2520 1253 2586 sed
1302 2530 1367 2585 et
1400 2538 1481 2585 ex
1513 2520 1840 2586 modernis
1887 2524 1952 2588 S.
1992 2524 2061 2587 C.
2104 2523 2301 2587 Cone.
2337 2517 2864 2585 declarationibus

235 2621 486 2687 invalida
538 2633 636 2686 est
684 2620 1019 2686 ordinatio.
1054 2658 1099 2674 -
1145 2624 1250 2688 32.
1305 2624 1563 2688 Praelati
1611 2622 1767 2689 item
1815 2623 2147 2690 inferiores
2194 2623 2414 2689 tertiae
2457 2621 2693 2707 speciei
2728 2620 2862 2685 sine

235 2724 560 2811 privilegio
607 2734 941 2806 nequeunt
985 2721 1364 2789 dimissorias
1408 2725 1534 2790 suis
1579 2725 1846 2791 subditis
1895 2725 2273 2792 concedere.
2329 2730 2415 2790 De
2465 2724 2860 2809 quaestione,

237 2845 305 2891 au
344 2827 545 2892 Abbas
607 2843 730 2911 per
792 2822 1083 2891 accidens
1130 2827 1521 2912 Episcopus,
1573 2827 1853 2894 abbatiae
1911 2827 2181 2896 subditis
2241 2827 2505 2893 Ordines
2571 2824 2872 2890 conferre.

239 2947 297 2991 ac
337 2927 720 2994 dimissorias
765 2925 915 2992 dare
960 2927 1197 3014 possit,
1258 2948 1335 2995 an
1396 2930 1514 2995 hoc
1562 2929 1656 2995 ius
1704 2928 2017 3017 Episcopo
2079 2929 2370 2996 viciniori
2432 2938 2770 3012 competat.
2824 2961 2866 2976 -

240 3032 330 3095 33.
377 3033 518 3097 Non
565 3029 798 3096 desunt
844 3030 1104 3096 Praelati
1154 3030 1508 3109 inferiores,
1547 3033 1652 3117 qui
1690 3033 2025 3119 privilegio
2077 3033 2356 3119 insigniti
2399 3043 2546 3097 sunt
2581 3031 2863 3096 dimisso-

244 3133 342 3199 rias
386 3132 829 3218 impertiendi.
865 3168 906 3182 -
954 3136 1061 3199 34.
1098 3136 1210 3199 35.
1262 3136 1388 3199 Nec
1436 3134 1589 3200 item
1638 3133 1893 3212 desunt,
1946 3136 2053 3220 qui
2100 3135 2440 3222 privilegio
2485 3132 2866 3198 decorantur

246 3235 754 3303 administrandae
803 3233 1347 3314 confirmationis,
1413 3255 1530 3302 ceu
1579 3235 1647 3302 fit
1696 3236 1776 3303 de
1824 3237 2065 3305 Abbate
2113 3237 2339 3304 Montis
2387 3236 2702 3323 Virginis,
2753 3235 2865 3321 qui

250 3339 597 3405 confirmare
628 3348 840 3425 potest
874 3337 1060 3403 etiam
1089 3338 1327 3405 alienos
1362 3337 1648 3404 subditos
1680 3337 1761 3404 de
1796 3358 2105 3406 consensu
2136 3338 2638 3416 Ordinariorum,
2681 3336 2866 3403 certis

250 3441 619 3508 cautionibus
663 3438 983 3507 adhibitis.
1018 3476 1059 3488 -
1107 3443 1211 3507 36.
1269 3441 1444 3506 Circa
1492 3441 1679 3506 huius
1724 3441 1971 3507 articuli
2021 3443 2345 3509 materiam
2393 3440 2657 3507 adeatur
2684 3444 2865 3506 Petra

257 3543 580 3609 Commorat.
649 3545 732 3610 ad
794 3543 1290 3610 Con-stitutionem
1337 3543 1724 3626 Apostolicas
1786 3544 2155 3611 nominatim
2217 3543 2294 3612 ad
2358 3545 2698 3612 constitut.
2758 3544 2862 3609 lv.

253 3645 458 3711 Callisti
505 3648 611 3712 111.
664 3655 819 3712 sect.
860 3648 924 3712 2.

372 3859 485 3933 22.
525 3855 685 3934 Non
735 3861 949 3951 pauci
999 3868 1165 3934 sunt
1226 3861 1596 3935 Antistites
1627 3913 1647 3951 ‚
1704 3882 2004 3954 quorum
2058 3864 2416 3939 cathedris
2478 3862 2869 3956 peculiares

260 3969 511 4061 aliquae
540 3972 1097 4063 praerogativae
1135 3992 1216 4046 ac
1250 3973 1614 4066 privilegia
1653 3975 2073 4067 inhaerent;
2130 3978 2373 4068 itaque
2423 3992 2867 4066 summopere

259 4084 572 4174 congruit,
630 4089 708 4154 ut
759 4083 970 4155 iidem
1032 4084 1105 4154 in
1168 4086 1528 4158 exaranda
1590 4086 1935 4160 relatione
1995 4094 2227 4161 status
2284 4088 2611 4180 propriae
2672 4089 2866 4162 dioe-

261 4194 408 4266 cesis
439 4195 524 4267 de
557 4193 968 4267 huiusmodi
1003 4197 1510 4287 praerogativis
1537 4204 1608 4269 et
1635 4199 2020 4290 privilegiis
2046 4199 2260 4272 verba
2289 4199 2584 4285 faciant,
2618 4217 2868 4289 quem·

262 4304 607 4378 admodum
658 4307 1255 4397 opportunissime
1307 4309 1652 4399 praecipit
1701 4306 2167 4382 Benedictina
2221 4310 2590 4383 instructio
2627 4312 2699 4382 in
2735 4311 2868 4386 hoc

260 4417 438 4490 tertio
501 4420 760 4511 capite,
826 4420 1018 4509 quod
1078 4420 1548 4493 evolvendum
1610 4421 1815 4495 modo
1877 4420 2084 4494 nobis
2144 4422 2502 4495 obiicitur.
2566 4420 2872 4496 Benedi-

264 4531 391 4600 ctus
417 4526 598 4603 xlv,
639 4530 724 4604 de
766 4531 1027 4623 Synod.
1068 4531 1283 4604 dioec.
1329 4532 1448 4604 lib.
1495 4531 1610 4605 13.
1652 4553 1811 4626 cap.
1849 4534 1917 4606 7.
1961 4553 2036 4606 π.
2076 4533 2149 4608 3.
2182 4541 2249 4609 et
2283 4555 2462 4629 seq„
2511 4542 2592 4608 ut
2622 4534 2759 4607 hac
2794 4536 2870 4607 in

263 4653 321 4708 re
365 4659 662 4716 normam
715 4643 1036 4735 aliquam
1095 4649 1259 4737 apte
1310 4645 1827 4737 suppeditaret,
1884 4645 2089 4738 plura
2140 4648 2458 4721 cumulat
2511 4647 2864 4740 exempla,
