3497 5235
1037 221 1158 296 0⁸1³·
1190 223 1288 281 m.
1329 222 1400 279 Do
1442 221 1576 279 olore
1618 221 1889 280 moulari.
1931 223 1984 297 g.
2012 224 2058 282 1.
2768 226 2881 287 321

264 361 430 433 nicus
479 356 820 432 ecclesiae
874 360 947 430 S.
978 355 1392 448 Hieronymi
1431 352 1879 448 Illyricorum
1934 358 2026 431 ab
2065 356 2252 431 Urbe
2289 360 2552 433 absens
2587 362 2727 433 iam
2768 364 2889 435 tri-

259 472 368 544 bus
410 469 644 556 anniS,
686 487 847 540 cum
885 488 925 540 a
962 471 1158 541 curia
1210 466 1370 540 Emi
1421 466 1819 541 Cardinalis
1854 466 2114 542 Vicarii
2168 489 2294 561 per
2349 472 2594 545 literas
2640 475 2892 546 citato-

259 586 371 654 rias
399 582 623 653 edicto
657 582 889 654 editas
923 581 1038 654 die
1075 582 1196 652 21.
1237 577 1554 653 Ianuarii
1600 582 1783 651 1717
1797 573 1847 670 .,
1889 583 2234 674 repetitas
2284 583 2400 656 die
2440 587 2563 657 25.
2599 585 2885 677 ApriliS,

258 697 530 768 monitus
581 693 857 780 fuisset,
900 700 978 765 ut
1031 693 1122 764 ad
1177 693 1644 766 residentiam
1677 693 1968 783 rediret,
2001 693 2137 766 sub
2174 695 2289 766 die
2329 696 2443 767 17.
2479 695 2892 768 Decembris

254 805 530 878 eiusdem
586 805 760 875 anni
811 805 1209 878 canonicali
1261 804 1470 877 titulo
1521 806 1844 898 privatus
1895 813 2029 879 est.
2087 803 2360 879 Paucos
2390 814 2549 899 post
2585 808 2736 880 dies
2773 827 2893 880 ca·
2988 892 2992 897 ,

254 918 514 990 nonicus
568 914 868 988 Romam
924 916 1279 1007 pervenit,
1322 934 1405 986 ac
1458 916 1771 1004 interim,
1811 917 2233 1008 interposita
2273 918 2758 1009 appellatione
2795 919 2887 991 de

251 1030 543 1102 nullitate
597 1037 889 1101 actuum
943 1028 1014 1099 in
1070 1029 1285 1100 Sacra
1338 1024 1923 1118 congregatione,
1965 1030 2326 1120 proposito
2379 1029 2643 1101 dubio:
2706 1052 2743 1096 ‹
2776 1031 2888 1103 An

256 1167 284 1206 ν
315 1140 648 1212 sententia
672 1140 1106 1230 privationis
1158 1138 1654 1220 canonicatus,
1706 1138 1790 1210 de
1839 1158 1972 1230 quo
2024 1142 2295 1231 agitur,
2332 1141 2768 1213 sustineatur
2809 1142 2887 1213 in

254 1279 284 1318 ι
313 1249 516 1324 casu?
544 1276 582 1319 »
641 1248 712 1321 S.
755 1248 829 1321 C.
870 1250 1282 1341 respondit:
1346 1273 1383 1315 «ι
1416 1250 1787 1342 Νεςιατὶυε,
1823 1256 1888 1322 et
1940 1252 2272 1341 amplius
2308 1277 2345 1318 ι»

368 1364 528 1436 104.
596 1361 1316 1434 Animadvertendum
1369 1368 1505 1449 est,
1547 1380 1725 1453 opus
1780 1379 1923 1432 non
1976 1379 2161 1447 esse,
2204 1369 2283 1435 ut
2316 1362 2728 1435 huiusmodi
2763 1380 2893 1434 ne-

250 1476 568 1566 gligentes
621 1481 692 1547 et
744 1473 1080 1546 absentes
1130 1474 1331 1565 prius
1383 1480 1813 1545 moneantur
1848 1473 1939 1545 ad
1977 1472 2463 1561 residendum,
2499 1483 2890 1564 antequam

246 1591 658 1680 puniantur,
733 1589 823 1660 ad
879 1606 1041 1659 eum
1096 1605 1354 1677 nempe
1419 1587 1754 1672 modum,
1812 1605 1953 1675 quo
2018 1585 2229 1658 Conc.
2287 1584 2476 1658 Trid.
2544 1588 2892 1681 parochos

245 1719 457 1772 omnes
530 1719 680 1772 non
732 1700 1128 1771 residentes
1181 1699 1379 1771 iubet
1436 1698 1607 1789 Cap.
1651 1696 1720 1769 4.
1785 1701 1967 1771 sess,
2005 1697 2130 1771 23.
2191 1700 2274 1772 de
2326 1700 2636 1785 Reform.
2691 1697 2899 1781 Quod

241 1831 381 1884 vero
435 1812 733 1884 minime
782 1811 1258 1883 omittendum
1313 1816 1463 1897 est,
1533 1811 1607 1880 in
1659 1826 1740 1880 eo
1791 1810 2155 1897 consistit,
2212 1817 2328 1897 ut,
2394 1814 2453 1882 si
2507 1811 2693 1883 ultra
2752 1820 2897 1884 tres

242 1941 499 1996 menses
577 1921 984 2010 abfuerint,
1042 1922 1353 1996 citentur
1405 1923 1496 1995 ad
1551 1921 2045 2013 allegandum,
2104 1942 2328 2012 quare
2383 1942 2526 1995 non
2581 1922 2895 1996 debeant

237 2037 474 2126 privari
537 2036 931 2107 secundum
970 2033 1334 2106 decretum
1373 2033 1582 2105 Conc.
1627 2031 1817 2103 Trid.
1865 2036 2043 2106 SesS.
2083 2035 2206 2106 24.
2240 2053 2396 2125 cap.
2436 2034 2594 2114 12„
2631 2035 2736 2107 uti
2774 2035 2897 2105 de-

239 2148 510 2219 claravit
567 2144 641 2218 S.
682 2145 755 2219 C.
797 2142 1006 2217 Conc.
1049 2146 1123 2215 in
1171 2146 1545 2218 Vercellen.
1589 2145 1806 2218 4575.
1864 2141 2042 2240 (lib.
2086 2144 2156 2217 4.
2198 2146 2453 2217 decret.
2504 2164 2674 2238 paq.
2720 2144 2888 2217 490.

235 2265 291 2330 et
322 2256 500 2353 seq.)
557 2257 753 2348 apud
806 2255 1073 2328 Bened.
1117 2253 1307 2327 XIV.
1353 2259 1587 2329 Instit.
1630 2259 1797 2329 eccl.
1843 2257 2009 2330 407.
2054 2277 2128 2328 η.
2160 2256 2281 2329 37.
2346 2279 2383 2321 ‹
2412 2255 2607 2338 Quod
2648 2259 2707 2328 si
2761 2254 2896 2350 (ita

238 2396 269 2436 »
302 2370 589 2442 subiicit
625 2368 894 2440 ibidem
949 2369 1064 2441 ille
1116 2365 1474 2461 Pontifex)
1527 2371 1790 2458 aliquis
1824 2370 2293 2457 canonicatu,
2354 2368 2461 2440 vel
2513 2368 2891 2457 beneficiO,

237 2507 268 2546 »
303 2482 570 2570 quibus
625 2499 807 2552 onus
860 2480 1223 2553 residendi
1284 2483 1785 2572 coniungitur,
1865 2481 2126 2572 privari
2198 2479 2510 2569 debeat,
2570 2480 2898 2553 absentia

235 2595 516 2666 »trium
574 2611 926 2696 annorum
981 2594 1179 2685 prius
1244 2595 1646 2668 necessaria
1700 2599 1843 2683 est,
1903 2593 2167 2684 quibus
2226 2595 2560 2685 peractiS,
2619 2603 2727 2668 ter
2778 2594 2901 2666 ille

235 2729 267 2768 ν
302 2704 706 2777 monendus
759 2712 891 2794 est,
936 2712 1005 2778 et
1043 2723 1167 2796 per
1201 2725 1324 2779 sex
1363 2707 1537 2778 alios
1575 2725 1859 2779 menses
1897 2706 2447 2796 exspectanduS,
2481 2705 2766 2778 'deinde
2804 2708 2898 2778 ad

230 2844 261 2881 »
299 2819 807 2908 privationem,
842 2817 1004 2889 licet
1035 2820 1183 2908 ipse
1213 2837 1357 2889 non
1387 2826 1821 2908 compareat,
1863 2818 2266 2890 devenitur.
2299 2814 2494 2887 Haec
2528 2819 2895 2906 sapienter

231 2956 262 2995 »
298 2932 615 3023 explicat
653 2928 704 3000 F
711 2949 1039 3021 agnanus
1078 2931 1247 3019 Cap.
1290 2927 1394 3000 Ex
1433 2937 1598 3002 tuae
1637 2951 1711 3002 n.
1748 2930 1867 3003 44.
1908 2938 1973 3002 et
2008 2929 2128 3002 35.
2172 2930 2255 3001 cle
2292 2929 2462 3000 cler.
2499 2940 2640 3003 non
2678 2928 2893 2998 resid.

229 3068 258 3104 »
295 3039 503 3114 Hanc
542 3042 774 3133 legem
828 3043 1233 3115 institutam
1287 3048 1630 3133 perpetuo
1683 3042 1919 3115 tenuit
1975 3043 2046 3113 S.
2090 3037 2194 3128 C.,
2238 3059 2399 3111 cum
2437 3057 2567 3109 nos
2604 3039 2738 3129 ipsi
2778 3039 2902 3110 Se-

226 3179 258 3218 »
293 3156 584 3228 cretarii
663 3173 921 3225 munus
979 3172 1403 3245 ageremUS,
1478 3156 1552 3225 in
1605 3172 1819 3226 causa
1876 3155 2199 3224 Romana
2254 3153 2592 3225 Can-onie.
2654 3153 2724 3222 3.
2765 3148 2902 3222 De-

223 3291 257 3329 »
295 3268 576 3338 cembr.
626 3267 843 3337 1718.
879 3291 916 3332 ›

360 3382 601 3471 Super
661 3379 811 3451 ‘boc
874 3384 1295 3470 argumento
1366 3375 1805 3449 attendenda
1877 3381 1980 3447 est
2051 3375 2460 3464 nuperrima
2544 3377 2902 3448 Verulana

215 3492 453 3565 Resid.
496 3499 565 3563 et
612 3492 818 3563 Priv.
858 3491 1080 3582 fruct.
1124 3490 1193 3560 6.
1237 3485 1398 3559 lun.
1449 3489 1660 3559 1863.
1719 3485 2021 3570 Quidam
2063 3489 2450 3560 canonicus
2487 3489 2901 3559 infirmitate

210 3604 615 3695 implicitus
667 3603 874 3693 plura
927 3603 1069 3672 iam
1124 3600 1499 3672 absentiae
1566 3599 1976 3672 obtinuerat
2047 3601 2372 3689 indulta3
2429 3610 2682 3692 postea
2734 3618 2901 3670 vero

210 3732 371 3786 cum
431 3714 946 3800 convaluisset,
1006 3719 1129 3784 aut
1181 3713 1433 3785 saltem
1488 3713 1906 3784 canonicam
1962 3712 2396 3785 infirmitatis
2431 3732 2722 3785 causam
2756 3729 2901 3782 non

209 3826 814 3912 demonstrasset,
871 3844 912 3894 a
966 3824 1178 3895 choro
1233 3822 1482 3895 abesse
1536 3829 1948 3914 perrexerat
1998 3825 2187 3894 omni
2241 3824 2409 3896 licet
2461 3823 2740 3895 indulto
2777 3822 2904 3892 de-

201 3940 547 4012 stitutus.
606 3934 889 4026 Itaque,
948 3941 1202 4027 agente
1236 3931 1586 4025 CapituIO,
1630 3936 1700 4006 in
1752 3934 2093 4007 iudicium
2147 3953 2368 4026 penes
2421 3935 2901 4027 episcopalem

201 4052 494 4122 curiam
551 4054 849 4120 vocatus
912 4053 1063 4136 est,
1133 4066 1494 4136 causaque
1563 4048 1926 4139 proposita
1981 4049 2365 4120 damnatus
2416 4047 2552 4119 fuit
2603 4047 2900 4117 dimidio

195 4165 590 4237 fructuum
626 4180 714 4233 ex
749 4180 877 4233 sua
915 4158 1326 4250 praebenda
1362 4159 1943 4231 omittendorum.
1998 4158 2490 4249 Appellatione
2527 4159 2899 4228 interiecta

194 4276 408 4369 apud
475 4276 546 4347 S.
590 4273 665 4345 C.
706 4271 951 4361 Conc.,
1010 4272 1395 4344 canonicus
1447 4277 1614 4343 ante
1666 4272 1906 4342 omnia
1960 4269 2486 4357 contendebat,
2544 4285 2701 4340 sese
2753 4286 2900 4339 non

193 4408 364 4460 esse
428 4392 773 4457 vocatum
826 4384 920 4455 ad
973 4384 1460 4475 allegandum,
1520 4398 1743 4471 quare
1795 4381 2154 4453 fructuum
2208 4381 2730 4452 canonicalium
2794 4379 2903 4451 di·

189 4499 437 4573 midio
500 4496 897 4588 privandus
950 4502 1164 4583 esset,
1205 4493 1528 4583 adeoque
1564 4493 1997 4564 sententiam
2036 4510 2190 4563 esse
2227 4492 2702 4564 revocandam
2739 4510 2902 4583 pro-

185 4608 627 4705 pugnabat.
685 4607 775 4680 At
811 4606 884 4679 S.
917 4605 991 4679 C.
1033 4604 1244 4679 Conc.
1285 4607 1717 4680 sententiam
1755 4601 2092 4675 Verulani
2130 4604 2385 4676 iudicis
2421 4604 2895 4694 confirmavit,

436 4754 627 4799 Lucmt.
664 4750 800 4797 risit.
830 4750 969 4798 Sacr.
1001 4750 1144 4805 Lim„
1172 4748 1289 4796 edit.
1321 4747 1416 4794 111.
1451 4746 1549 4794 Vol.
1580 4747 1619 4792 1.
2631 4751 2684 4795 21
