3497 5235
668 293 789 358 468
1417 292 1788 351 hundinis
1827 289 1881 348 8.
1907 289 2091 362 Gener.
2119 290 2267 349 ῦοιιο.
2305 290 2576 365 expetitio.

666 453 707 501 ι
749 427 959 500 bitrio
1008 425 1341 517 Episcopi
1397 426 1713 516 aliquam
1767 427 2410 496 remunerationem
2469 423 2736 509 intuitu
2783 421 3050 494 laboris
3102 427 3177 494 et
3225 423 3337 494 in-

666 564 707 612 »
748 538 1436 626 commodi,exclusa
1475 535 1800 626 qualibet
1833 536 2280 626 eleemosyna
2317 553 2444 625 pro
2471 535 2946 626 applicatione
2977 527 3328 606 Missae3›

662 650 877 723 Porro
928 648 1323 742 Episcopus
1376 646 1738 720 subdebat
1793 646 2003 718 alicui
2053 645 2365 738 parocho
2434 664 2577 717 non
2642 664 2895 738 parum
2946 645 3213 717 laboris
3262 651 3337 718 et

664 762 1091 837 incommodi
1146 765 1433 852 propter
1486 761 1713 847 niveS,
1755 757 2015 851 frigora
2067 765 2139 831 et
2173 768 2441 844 aestuS,
2479 776 2761 830 necnon
2815 760 3089 831 viarum
3129 780 3338 853 aspe-

664 878 947 949 ritatem
1002 872 1450 946 tolerandum
1503 890 1687 960 esse,
1730 878 1807 943 ut
1859 870 1953 943 ad
1986 870 2321 943 ecclesias
2356 871 2611 943 filiales
2645 871 2936 943 dissitas
2970 890 3131 945 sese
3166 892 3339 947 con·

666 985 866 1059 serre·
899 991 1137 1076 posset
1191 984 1264 1055 in
1319 991 1665 1075 tempore.

812 1097 981 1168 386.
1039 1091 1172 1167 Hic
1225 1102 1591 1185 tamquam
1644 1093 1737 1164 ad
1789 1100 2120 1167 ornatum
2172 1093 2388 1165 huius
2434 1090 2901 1185 {tractationis
2970 1097 3337 1171 afferimus

667 1225 958 1281 causam
1009 1207 1389 1280 Almerien.
1431 1207 1868 1297 Eleemosyn.
1910 1207 1955 1277 2
2007 1201 2216 1276 Mart.
2264 1206 2476 1278 1861.
2537 1202 2624 1278 In
2659 1209 2900 1299 regnis
2947 1204 3339 1300 Hispania-

664 1339 824 1392 rum
876 1325 948 1391 et
1000 1316 1415 1391 Lusitaniae
1470 1319 1542 1390 in
1597 1317 1779 1390 sesto
1830 1314 2530 1389 commemorationis
2576 1319 2899 1389 omnium
2950 1316 3339 1392 Defuncto-

665 1450 823 1504 rum
875 1431 1178 1522 singulis
1245 1428 1737 1502 sacerdotibus
1792 1427 2055 1500 ibidem
2110 1428 2715 1501 commorantibus
2773 1436 2918 1502 tres
2970 1431 3338 1504 celebrare

665 1539 918 1615 Missas
969 1560 1383 1614 concessum
1437 1548 1573 1628 est,
1614 1547 1694 1612 ut
1746 1547 2028 1613 constat
2078 1557 2165 1611 ex
2217 1536 2512 1612 Constit.
2551 1537 2820 1613 Bened.
2861 1538 3056 1614 XIV.
3113 1542 3332 1633 incip.

672 1655 869 1739 Quod
917 1654 1234 1745 expensis
1289 1655 1430 1726 diei
1481 1654 1604 1725 26.
1645 1651 1826 1743 Aug.
1876 1651 2087 1723 1748.
2131 1647 2452 1723 Iamvero
2505 1661 2796 1726 cautum
2849 1660 2957 1725 est
2997 1655 3073 1725 in
3110 1672 3198 1726 eo
3235 1656 3342 1725 in-

665 1766 894 1853 dulte,
947 1772 1028 1838 ut
1096 1764 1503 1837 sacerdotes
1577 1764 1971 1855 Aragoniae
2041 1781 2170 1855 pro
2236 1764 2445 1836 tertia
2518 1761 2759 1854 Missa,
2815 1768 3036 1838 ceteri
3089 1785 3340 1838 omnes

668 1879 971 1951 aliarum
1022 1878 1391 1969 regionum
1444 1894 1573 1968 pro
1624 1876 1941 1948 secunda
1991 1883 2061 1949 et
2111 1876 2320 1949 tertia
2374 1875 2643 1948 nullam
2697 1877 2912 1967 plane
2948 1878 3342 1969 eleemosy-

665 2010 865 2077 nam,
905 1997 1158 2081 sponte
1214 1990 1375 2061 licet
1426 1988 1774 2075 oblatam,
1814 1989 2096 2076 assequi
2152 1985 2454 2078 possint.
2510 1984 2783 2068 Quibus
2837 1990 3095 2078 positis
3131 1988 3341 2062 dubi-

667 2101 1005 2175 tabatur:
1065 2123 1103 2169 ‹
1148 2099 1248 2172 An
1283 2098 1776 2172 sacerdotibus
1828 2100 2356 2192 comprehensis
2410 2100 2480 2171 in
2538 2101 2839 2186 indulto,
2879 2102 2971 2173 de
3009 2119 3158 2191 quo
3193 2101 3340 2192 agi-

673 2238 713 2285 »
750 2219 892 2302 tur,
951 2212 1385 2306 prohibitum
1441 2213 1532 2283 sit
1584 2213 1899 2303 recipere
1951 2230 2078 2303 pro
2133 2212 2358 2302 prima
2428 2208 2640 2284 Missa
2708 2213 2849 2284 diei
2902 2210 3340 2284 Commemo-

672 2351 712 2398 ›
752 2327 1049 2397 rationis
1099 2326 1415 2396 omnium
1472 2324 1791 2396 fidelium
1846 2323 2341 2396 defunctorum
2398 2324 2922 2416 eleemosynam
2997 2328 3340 2398 maiorem

671 2462 711 2505 ›
751 2455 865 2525 ea,
933 2454 1117 2526 quae
1169 2456 1209 2507 a
1264 2443 1428 2508 taxa
1482 2435 1836 2526 synodali,
1903 2454 2030 2508 seu
2082 2455 2122 2506 a
2177 2435 2307 2507 loci
2364 2436 2879 2509 consuetudine
2956 2439 3339 2528 praefinita

674 2572 712 2616 ι
757 2547 992 2635 luerit,
1050 2547 1378 2639 quamvis
1429 2555 1683 2638 sponte
1759 2546 2075 2619 oblatam
2129 2546 2202 2619 in
2253 2542 2473 2633 casu?
2514 2572 2550 2614 ιι
2607 2544 2694 2620 In
2746 2567 3008 2641 magno
3061 2549 3340 2622 diversa

670 2661 1119 2751 opinantium
1172 2660 1560 2732 certamine
1614 2656 1688 2730 S.
1728 2658 1982 2751 Congr.
2050 2676 2255 2731 suam
2308 2660 2737 2732 sententiam
2790 2668 3037 2752 rogata
3092 2660 3345 2734 rescri-

668 2773 856 2865 psit:
917 2793 955 2836 ‹
994 2771 1431 2844 Affirmatire
1471 2796 1538 2840 ιι.

818 2885 986 2957 387.
1030 2880 1274 2973 Neque
1325 2884 1481 2956 sine
1552 2883 1796 2972 aliquo
1845 2882 2179 2956 utilitatis
2247 2881 2482 2955 fructu
2533 2884 2708 2973 erit,
2766 2903 2979 2958 nosse
3048 2904 3346 2957 causam

675 2996 1206 3070 salmantinam
1268 2995 1408 3067 W.
1457 2994 1581 3067 SS.
1623 2996 1769 3066 LL.
1815 2996 2193 3068 novissime
2231 2994 2345 3066 die
2379 2998 2501 3068 22.
2542 2993 2884 3068 Februar.
2933 2998 3150 3069 1862.
3193 2997 3350 3088 agi-

671 3113 898 3179 tatam
953 3110 1024 3178 in
1078 3106 1150 3177 S.
1184 3104 1261 3177 C.
1291 3104 1536 3193 Conc.,
1579 3107 1782 3178 cuius
1818 3106 1996 3179 haec
2031 3109 2304 3197 species
2341 3113 2535 3180 erat:
2597 3130 2632 3172 ι
2660 3105 3023 3181 Ducentae
3058 3110 3350 3182 circiter

676 3244 714 3289 >
753 3218 883 3313 (ita
939 3220 1178 3292 aiebat
1229 3216 1658 3310 Episcopus)
1712 3220 2084 3308 paroeciae
2134 3222 2208 3292 in
2250 3220 2385 3291 hac
2438 3220 2741 3293 dioecesi
2793 3227 3114 3306 exstant,
3154 3239 3350 3310 quae

676 3356 717 3400 ν
757 3333 970 3402 aliam
1023 3331 1389 3404 ecclesiam
1432 3331 1717 3402 lilialem
1755 3330 1894 3402 sibi
1946 3332 2300 3403 adnexam
2338 3330 2634 3419 liabent,
2676 3332 2749 3402 in
2802 3351 2947 3421 qua
2986 3334 3355 3422 parochus

674 3466 715 3510 ν
756 3441 1013 3514 diebus
1066 3441 1444 3514 Dominicis
1495 3450 1567 3514 et
1617 3442 1818 3515 festis
1871 3462 1996 3535 per
2047 3463 2314 3515 annum
2369 3441 2655 3516 Missam
2713 3447 3109 3518 secundam
3160 3447 3357 3519 cele-

675 3579 716 3623 »
756 3553 942 3640 brat,
983 3560 1053 3624 et
1091 3555 1272 3625 circa
1308 3555 1496 3626 hanc
1532 3557 2122 3629 consuetudinem
2161 3556 2439 3628 diversa
2476 3556 2695 3628 dubia
2744 3557 3352 3631 suboriuntur....

677 3689 715 3733 ι
757 3661 846 3736 Ει
895 3666 1122 3756 primo
1173 3666 1742 3738 animadvertere
1796 3665 2069 3755 debeO,
2120 3669 2311 3757 quod
2364 3667 2680 3740 fidelium
2733 3688 3080 3741 numerus
3144 3671 3356 3743 iuxta

676 3800 716 3847 >
757 3777 888 3849 has
939 3778 1276 3851 ccclesias
1310 3779 1896 3850 commorantium
1938 3779 2143 3851 valde
2177 3780 2416 3852 varius
2466 3786 2617 3851 est:
2661 3781 2735 3851 in
2771 3780 3142 3871 aliquibus
3177 3786 3358 3852 sunt

677 3911 717 3958 >
758 3890 1077 3979 quinque
1131 3898 1255 3962 aut
1291 3889 1563 3977 decem,
1604 3891 1678 3960 in
1725 3890 1884 3962 aliis
1920 3891 2236 3980 ducenti,
2278 3893 2350 3963 in
2404 3892 2561 3963 aliis
2594 3894 2938 3964 sexcenti.
2984 3890 3359 3965 Distanlia

679 4025 720 4069 ν
761 4020 799 4071 a
856 4002 1143 4073 matrice
1200 4001 1405 4073 modo
1458 4001 1548 4073 ad
1605 4001 2012 4073 milliarium
2077 4021 2223 4075 non
2276 4002 2604 4094 attingit,
2663 4003 2869 4075 modo
2922 4013 3096 4078 sunt
3149 4005 3356 4092 duo,

678 4113 884 4184 »tria
940 4120 1064 4185 aut
1116 4121 1421 4202 quatuor
1473 4114 1830 4186 milliaria.
1875 4137 1912 4182 ›
1953 4111 2464 4205 Exponebatur
2517 4117 2836 4208 insuper,
2887 4117 3362 4192 sacerdotum

677 4223 961 4296 defectu
1030 4222 1335 4298 laborari
1407 4224 1498 4296 ob
1571 4233 1779 4298 notas
1831 4227 2022 4298 illius
2087 4230 2286 4319 regni
2357 4229 2585 4317 viceS,
2645 4228 2961 4319 itemque
3015 4229 3366 4304 subsidia

677 4334 925 4407 deesse
977 4336 1066 4407 ad
1133 4337 1425 4412 clericos
1494 4338 1567 4407 in
1621 4338 1707 4408 iis
1769 4339 2085 4411 ecclesiis
2152 4339 2451 4413 alendos
2520 4346 2806 4433 propter
2875 4340 3364 4417 abolitionem

679 4443 1112 4517 decimarum
1166 4447 1886 4540 subrogationemque
1938 4469 2226 4523 annuae
2277 4452 2639 4544 pensionis
2691 4451 3017 4543 parochis
3052 4461 3366 4529 tantum
3477 4515 3478 4528 2

677 4557 1109 4646 assignatae.
1168 4555 1420 4649 Neque
1470 4561 1762 4633 tandem
1816 4561 2171 4650 elucebat,
2229 4584 2320 4635 an
2375 4565 2496 4635 illa
2547 4567 2967 4657 populorum
3027 4585 3182 4640 seu
3243 4590 3370 4662 pa·

679 4671 1066 4740 roeciarum
1125 4672 1292 4742 unio
1345 4672 1650 4745 dicenda
1701 4681 1890 4747 esset
1941 4694 2134 4749 mere
2169 4678 2588 4768 subiectim,
2637 4687 2764 4752 aut
2799 4680 3030 4769 potius
3067 4685 3374 4759 exstin-
