3497 5235
1048 232 1169 308 Gap.
1196 234 1293 292 111.
1332 233 1407 291 Do
1446 232 1580 290 clero
1623 232 1894 290 suaderi.
1938 234 1992 307 ἓ.
2017 233 2064 289 1.
2774 220 2893 286 319

278 366 413 441 Maii
450 371 675 458 1820„
718 389 935 461 quam
990 388 1118 461 per
1168 379 1544 442 extensum
1598 367 2101 441 exhibebimus
2154 366 2510 439 volumine
2558 361 2699 435 111.
2754 361 2890 436 sub

276 481 486 565 n.24.‚
526 482 876 554 Verulana
907 481 1202 555 Distrib.
1228 482 1349 552 26.
1375 479 1585 552 Febr.
1628 478 1840 550 1859.
1884 478 1972 550 de
2009 486 2252 550 strena
2290 478 2533 549 debita
2572 477 2646 548 in
2675 470 2895 548 Nocte

272 586 401 663 Nat.
439 590 512 663 D.
545 589 627 663 N.
672 589 733 663 1.
766 592 875 682 (1.,
916 593 1202 665 Nullius
1249 613 1367 664 scu
1406 591 1778 666 subtacen.
1825 591 2047 663 Solut.
2096 590 2210 661 18.
2252 587 2461 661 Mart.
2519 587 2592 660 S.
2633 585 2888 679 Congr.

273 697 466 793 Episc.
518 713 585 778 et
636 702 898 797 Regni.

389 815 535 887 100.
592 811 749 888 Non
802 818 1058 908 exigua
1116 834 1281 908 pars
1332 814 1874 901 resolutionum,
1917 830 2104 902 quae
2157 811 2248 884 ad
2302 829 2510 883 casus
2552 812 2626 882 in
2679 810 2892 882 huius

268 926 504 998 articuli
554 930 731 1001 serie
784 929 1174 1001 recensitos
1229 926 1660 1013 referuntur,
1718 923 2148 996 enucleatim
2187 927 2625 1013 pertractata
2664 929 2736 993 et
2773 939 2895 992 ex-

263 1056 446 1127 pensa
481 1047 583 1112 est
623 1043 694 1112 in
732 1039 803 1112 S.
845 1038 917 1112 C.
962 1037 1174 1112 Conc.
1226 1040 1534 1110 Trancn.
1579 1037 1957 1109 Distribut.
2007 1037 2150 1107 diei
2203 1036 2323 1108 20.
2358 1032 2525 1105 Dec.
2566 1034 2778 1105 1862.
2820 1040 2891 1105 et

272 1148 614 1234 Veliterno,
647 1152 1080 1242 Participat.
1109 1151 1249 1223 diei
1278 1151 1398 1222 20.
1436 1146 1598 1220 Dec.
1631 1148 1879 1235 1851.;
1918 1148 2163 1236 itaque
2201 1164 2347 1217 rem
2374 1163 2508 1217 nec
2534 1146 2885 1232 inutilem,

260 1277 366 1331 nec
389 1263 735 1354 ingratam
767 1263 999 1336 lacere
1029 1261 1485 1347 arbitramur,
1517 1261 1576 1331 si
1605 1259 1929 1332 eiusdem
1957 1276 2214 1330 causae
2244 1258 2517 1329 Folium
2553 1275 2697 1327 una
2726 1274 2890 1328 cum

255 1370 455 1445 dubiis
489 1383 556 1449 et
594 1373 1200 1447 declarationibus
1228 1373 1564 1445 dabimus
1591 1373 1664 1443 in
1694 1371 2055 1442 volumine
2093 1365 2229 1439 111.
2256 1369 2391 1441 sub
2420 1389 2493 1440 n.
2517 1370 2640 1440 26.
2666 1375 2738 1440 et
2762 1370 2886 1441 27.

346 1619 473 1674 Art.
498 1621 609 1675 1v.
649 1621 742 1675 De
780 1621 924 1675 aliis
962 1621 1190 1689 poenis
1229 1621 1456 1675 contra
1489 1619 1887 1686 negligentes
1926 1619 1992 1672 et
2030 1618 2332 1672 absentes
2372 1614 2758 1672 constitutis.

354 1807 780 1870 Sunnmmn.
836 1806 984 1869 101.
1041 1799 1346 1868 canonici
1394 1800 1632 1885 aliique
1680 1793 2133 1877 chorale3,.si,'
2170 1817 2298 1865 non
2346 1797 2633 1863 obstante
2680 1796 2892 1865 distri-

243 1899 552 1971 butionum
618 1907 899 1982 iactura,
967 1903 1231 1970 chorum
1295 1905 1627 1991 negligere
1689 1913 2155 1986 perseverent,
2221 1901 2447 1987 poenis
2506 1899 2894 1985 pecuniariis

241 2005 474 2091 aliisque
522 2008 684 2075 iuris
734 2005 1037 2073 remediis
1092 2008 1408 2090 compesci
1471 2016 1761 2090 possunt.
1815 2042 1858 2053 -
1909 2007 2058 2071 102.
2114 2003 2421 2070 Absentes
2469 2023 2501 2068 a
2550 2003 2892 2070 residentia

242 2106 324 2171 vel
369 2109 565 2175 choro
615 2128 738 2195 per
787 2110 1046 2196 longum
1101 2119 1353 2193 tempus
1400 2110 1610 2193 primo
1658 2127 1823 2173 anno
1855 2109 2193 2195 privantur
2226 2105 2493 2171 dimidio
2532 2105 2888 2185 fructuum3

238 2211 494 2278 secundo
545 2232 720 2278 anno
770 2212 1066 2276 omnibus
1118 2212 1459 2290 fructibus3
1516 2211 1737 2287 tertio,
1792 2210 2062 2276 durante
2110 2210 2547 2286 contumacia,
2600 2208 2894 2276 beneficii

233 2310 395 2377 titulo
440 2328 802 2380 exuuntur.
842 2350 885 2361 -
925 2317 1068 2379 103.
1108 2315 1270 2392 Quin
1307 2314 1536 2391 obstet,
1574 2311 1747 2399 qnod
1802 2312 2176 2380 beneficium
2226 2313 2592 2397 patrimonii
2638 2313 2895 2380 titulum

236 2416 581 2483 constituat.
657 2416 963 2483 Servandi
1031 2428 1240 2482 tamen
1289 2429 1437 2492 sunt
1485 2416 1717 2504 gradus
1765 2416 1956 2482 modo
2008 2416 2345 2494 recensiti,
2405 2415 2563 2481 licet
2615 2416 2895 2483 absentia

224 2514 351 2600 plus
397 2539 593 2603 quam
648 2518 727 2584 ad
780 2533 906 2585 tres
952 2538 1149 2586 annos
1197 2518 1642 2605 protendatur.
1680 2556 1723 2569 -
1762 2522 1908 2586 104.
1949 2524 2306 2605 Antequam
2355 2520 2761 2606 applicentur
2795 2541 2895 2587 re-

229 2622 432 2686 censiti
487 2641 852 2710 poenarum
902 2622 1160 2709 graduS,
1213 2643 1374 2710 opus
1421 2642 1547 2690 non
1599 2633 1716 2700 est,
1758 2623 2147 2689 utabsentes
2194 2624 2559 2691 commoniti
2615 2625 2887 2692 luerint:

220 2733 274 2786 at
313 2744 469 2791 vero
523 2746 793 2793 necesse
844 2738 978 2803 est,
1051 2738 1120 2791 ut
1177 2729 1477 2813 explicite
1540 2728 1640 2792 vel
1705 2728 2015 2814 implicite
2076 2727 2358 2793 citentur
2415 2727 2490 2791 ad
2556 2725 2895 2793 dicendam

221 2843 448 2892 causam
477 2878 495 2906 ‚
556 2850 678 2894 cnr
723 2842 994 2915 propter
1039 2831 1380 2895 absentiam
1434 2830 1743 2915 puniendi
1798 2850 1921 2895 non
1970 2832 2117 2894 sint.
2155 2832 2382 2895 -105.
2436 2830 2495 2895 Si
2535 2828 2889 2914 ignoratur,

213 2927 305 2993 ubi
355 2933 601 2997 absens
650 2945 1109 3011 commoretur,
1161 2946 1494 3020 postquam
1535 2934 1685 2999 dicti
1733 2952 2086 3019 poenarum
2136 2931 2365 3018 gradus
2412 2932 2705 3018 applicati
2759 2930 2897 2995 lue-

217 3030 366 3111 rint,
418 3036 731 3102 citandus
780 3049 875 3102 est
926 3040 1123 3102 trinae
1173 3037 1485 3102 citationis
1535 3036 1744 3101 edicto
1792 3036 1868 3101 ad
1919 3037 2124 3100 valvas
2172 3035 2496 3111 ecclesiae,
2534 3048 2599 3100 et
2635 3034 2893 3122 posthac

208 3142 324 3199 tres
355 3157 631 3204 menses
670 3141 1075 3226 exspectandi
1127 3151 1299 3206 sunt.
1337 3176 1380 3187 -
1417 3142 1564 3205 106.
1621 3138 1681 3207 Si
1731 3141 2123 3203 canonicales
2170 3150 2525 3221 proventus
2576 3138 2637 3203 in
2682 3138 2895 3204 distri-

203 3234 592 3308 butionibus
642 3244 756 3307 toti
810 3243 1175 3319 consistant,
1229 3242 1615 3309 omittuntur
1665 3241 1983 3307 fructuum
2032 3242 2610 3327 sequestrationeS,
2663 3244 2895 3328 quibus

200 3338 370 3407 locus
420 3365 570 3411 non
623 3358 758 3422 est,
813 3346 1076 3410 minime
1127 3365 1280 3411 vero
1333 3358 1694 3431 temporum
1747 3345 2108 3409 dilationes.
2148 3381 2191 3392 -
2228 3347 2375 3411 107.
2416 3345 2581 3409 intra
2635 3344 2893 3411 triennii

195 3445 524 3527 spatium,
589 3467 721 3531 quo
767 3448 1166 3533 applicantur
1212 3467 1566 3534 poenarum
1630 3447 1899 3533 gradus,
1968 3466 2091 3512 non
2144 3446 2495 3532 impeditur
2546 3448 2894 3533 Episcopus

192 3561 406 3612 contra
481 3570 628 3616 non
696 3551 1078 3617 residentem
1145 3550 1650 3616 animadvertere
1699 3570 1995 3616 censuras
2058 3548 2407 3634 infligendo
2471 3549 2547 3615 ad
2610 3569 2895 3616 normam

185 3664 325 3735 cap.
377 3653 502 3719 Ex
559 3663 724 3717 tunc
775 3652 856 3717 de
904 3654 1056 3718 cler.
1112 3672 1238 3719 non
1293 3674 1458 3730 res.‚
1511 3653 1862 3718 dummodo
1911 3652 1987 3718 ad
2039 3654 2461 3739 privationem
2526 3673 2650 3718 non
2701 3652 2893 3718 deve-

183 3752 342 3816 niat.
373 3792 419 3803 —
465 3760 632 3821 108.
688 3759 895 3821 Poena
947 3775 1071 3820 non
1125 3756 1534 3821 residentium
1584 3756 1939 3842 applicatur
1986 3761 2172 3821 etiam
2220 3770 2437 3821 contra
2489 3753 2894 3821 beneficiatos

175 3852 238 3920 i'n
281 3859 647 3934 ecclesiis,
687 3878 848 3941 quae
885 3857 1277 3923 cathedrales
1312 3871 1375 3924 ct
1407 3860 1776 3944 collegi-atae
1816 3879 1940 3924 non
1973 3870 2154 3936 sunt,
2195 3859 2449 3944 qnando
2501 3858 2739 3924 ibidem
2789 3860 2894 3925 vel

175 3957 235 4021 in
287 3973 544 4045 parte,
605 3962 707 4024 vel
759 3962 822 4024 in
877 3972 1006 4025 toto
1057 3960 1411 4027 beneficiati
1473 3960 1549 4027 ad
1599 3963 1868 4027 clioralia
1919 3961 2116 4026 officia
2170 3962 2680 4045 obstringuntur.
2732 3962 2893 4036 Quin

169 4062 366 4128 etiam
433 4064 816 4129 beneficiati
861 4062 1349 4149 participatione
1396 4066 1633 4150 privari
1685 4077 1974 4149 possunt,
2028 4064 2185 4151 quin
2234 4084 2392 4151 opus
2435 4065 2517 4129 sit
2567 4066 2891 4131 fructuum

167 4166 758 4252 sequestratione.

319 4383 531 4456 101.
598 4378 1008 4463 Queruntur
1060 4400 1579 4474 nonnunquam
1636 4387 1707 4456 in
1762 4387 1912 4457 suis
1962 4384 2434 4456 relationibus
2492 4384 2889 4478 Antistites,

151 4498 606 4568 canonicos
657 4494 979 4583 aliosque
1029 4493 1241 4597 cboro
1278 4496 1598 4568 addictos
1636 4497 1919 4568 choralc
1958 4515 2256 4588 pensum
2296 4496 2679 4590 negligere,
2716 4507 2894 4572 tam-

141 4610 296 4682 etsi
340 4605 984 4681 distributionum
1022 4609 1295 4680 iactura
1330 4609 1784 4683 mulctentur.
1829 4606 1911 4682 ld
1951 4618 2190 4683 autem
2229 4628 2316 4683 ex
2355 4629 2438 4683 eo
2477 4613 2893 4704 plerumque
2960 4640 2969 4649 ·
