3497 5235
859 367 981 442 0⁸1».
1007 365 1049 424 1.
1089 368 1160 426 De
1203 367 1355 425 uhtu
1392 367 1653 426 Eooloniu
1694 366 1970 425 mteritli.
2013 368 2066 443 ἓ.
2095 367 2222 425 4-7.
2807 365 2889 430 83

225 519 275 567 ac
310 509 549 566 certam
598 498 1039 586 praebendam
1088 500 1407 567 destinare
1455 502 1641 586 plane
1691 518 1819 567 non
1868 498 2077 577 datur,
2133 507 2196 571 S.
2247 503 2322 567 C.
2371 499 2644 569 suadere
2692 503 2881 580 solet,

223 614 277 670 ut
310 602 564 670 duobus
611 604 962 680 canonicis,
1000 603 1062 669 in
1095 617 1239 671 actu
1271 605 1645 682 collationis,
1700 603 1809 670 uni
1859 622 2091 671 munus
2143 604 2449 692 theologi,
2501 605 2680 672 alteri
2732 624 2888 691 poe-

225 707 545 774 nitentiarii
599 704 990 793 imponatur.
1030 744 1073 755 -
1122 710 1227 772 77.
1282 711 1362 774 Ut
1409 706 1771 793 praebenda
1821 706 2032 791 primo
2081 719 2370 772 vacatura
2418 726 2542 792 pro
2576 706 2883 792 theologo

221 811 459 875 stabilita
512 820 883 886 censeatur,
936 812 1284 875 necessaria
1336 820 1430 876 est
1478 809 1813 896 deputatio
1864 810 1945 875 ad
1991 809 2102 874 hoc
2152 809 2227 874 ab
2263 809 2579 896 Episcopo
2621 828 2740 898 per
2773 807 2888 874 de-

221 923 442 977 cretum
495 910 894 998 peragenda.
930 948 973 958 -
1024 915 1126 978 78.
1183 915 1651 998 Nonnunquam
1703 919 1767 982 S.
1810 915 1880 977 C.
1933 911 2179 988 suadet,
2235 924 2305 978 ut
2351 911 2716 978 huiusmodi
2771 909 2883 978 de-

222 1014 438 1100 putatio
488 1023 842 1101 peragatur
887 1032 1064 1078 num·
1103 1033 1217 1099 pro
1251 1025 1431 1089 tunc,
1489 1015 1793 1081 nimirum
1830 1011 2129 1081 effectum
2165 1014 2479 1091 habitura,
2517 1034 2659 1080 cum
2697 1033 2887 1100 prae-

221 1115 398 1182 benda
450 1116 532 1183 ad
586 1134 738 1181 eum
788 1134 971 1181 usum
1023 1116 1328 1184 destinata
1375 1117 1722 1184 vacaverit.
1764 1153 1809 1166 -
1858 1120 1964 1182 79.
2022 1120 2088 1182 ln
2138 1115 2564 1203 computanda
2601 1123 2882 1203 congrua

222 1220 539 1304 utriusque
586 1215 993 1304 praebendae
1054 1218 1428 1288 deducenda
1489 1233 1638 1285 sunt
1700 1238 1894 1286 onera
1958 1218 2210 1284 easdem
2273 1222 2782 1307 praegravantia.
2837 1243 2881 1269 -ε

220 1323 303 1385 80.
337 1323 647 1406 congrua
697 1322 792 1402 (in
841 1322 1009 1385 ltalia
1043 1333 1107 1386 et
1142 1322 1357 1388 insulis
1407 1322 1873 1404 adiacentibus)
1921 1339 2049 1388 non
2085 1320 2278 1388 debet
2312 1341 2446 1388 esse
2478 1322 2693 1388 minor
2739 1342 2881 1388 scu-

220 1433 474 1489 tatorum
510 1427 654 1499 60„
694 1423 759 1489 in
793 1442 1063 1508 eamque
1113 1423 1592 1492 distributiones
1626 1426 1978 1511 computari
2013 1435 2318 1511 possunt3
2372 1425 2530 1511 quin
2581 1425 2708 1490 imo
2749 1434 2881 1491 tota

221 1546 475 1616 congrua
528 1541 819 1594 constare
864 1542 1076 1615 potest
1123 1529 1698 1602 distributionibus.
1737 1567 1780 1579 -
1826 1533 1933 1596 81.
1990 1528 2395 1596 praebendae
2442 1528 2654 1615 primo
2702 1549 2882 1595 vaca·

219 1640 375 1695 turae
423 1649 508 1696 ex
554 1650 738 1697 causa
788 1632 1234 1719 resignationis
1283 1635 1366 1698 ad
1404 1635 1687 1717 favorem
1735 1632 1802 1698 in
1851 1647 2035 1697 usum
2086 1632 2479 1718 theologalis,
2518 1634 2622 1698 vel
2655 1634 2881 1720 poeni-

218 1735 474 1814 tentialis
525 1735 686 1821 erigi
738 1750 1094 1820 nequeunt.
1146 1773 1188 1785 -
1236 1741 1345 1802 82.
1398 1741 1556 1802 Item
1621 1755 1738 1802 nec
1787 1736 2196 1821 praebendae
2259 1737 2362 1802 vel
2420 1734 2722 1813 affectae,
2775 1737 2883 1801 vel

217 1850 599 1914 reservatae,
654 1837 990 1904 affectione
1055 1839 1155 1904 vel
1220 1840 1654 1905 reservatione
1720 1838 2019 1905 durante.
2071 1874 2113 1886 -
2161 1841 2271 1904 83.
2324 1839 2665 1903 Limitatur
2713 1838 2879 1904 circa

219 1939 354 2016 loca,
409 1940 519 2006 ubi
572 1938 884 2005 servanda
919 1952 1013 2006 est
1045 1941 1430 2008 constitutio
1464 1940 1704 2006 Bened.
1746 1941 1902 2005 Xlll.
1944 1941 2301 2006 Pastoralis
2334 1941 2542 2026 officii.
2573 1977 2616 1988 -
2641 1944 2747 2006 84.
2782 1944 2880 2008 An

217 2043 600 2128 praebendae
653 2046 1014 2128 patronatui
1068 2046 1376 2112 obnoxiae
1442 2044 1506 2109 in
1571 2062 1751 2109 usum
1804 2042 2179 2130 theologalis
2243 2044 2345 2108 vel
2394 2042 2879 2129 poenitentialis

220 2146 350 2234 erigi
402 2146 680 2231 possint.
736 2147 797 2215 Si
848 2147 1094 2231 patroni
1146 2147 1430 2214 assentiri
1478 2146 1723 2223 nolint,
1780 2156 1848 2210 ut
1898 2145 2260 2232 praebenda
2328 2147 2389 2210 in
2457 2145 2877 2234 theologalem
2934 2190 2939 2195 -

216 2250 305 2313 rel
351 2249 890 2334 poenitentialem
938 2250 1140 2317 libere
1190 2254 1493 2339 erigatur,
1546 2256 1726 2319 Sacra
1762 2249 2189 2337 congregatio
2236 2249 2399 2315 solet
2433 2268 2539 2314 eos
2574 2267 2691 2335 per
2724 2248 2873 2336 Epi-

214 2369 416 2438 scopos
463 2353 748 2431 hortari,
803 2365 874 2418 ut
917 2353 1140 2420 saltem
1188 2355 1565 2431 assentiant,
1619 2364 1944 2420 reservato
1992 2353 2107 2418 sibi
2161 2353 2298 2418 iure
2346 2363 2716 2439 patronatus
2764 2352 2872 2419 ad·

214 2452 394 2519 instar
451 2455 897 2542 parochiarum
961 2457 1321 2542 patronatui
1388 2455 1811 2522 ecclesiastico
1873 2457 1976 2521 vel
2043 2454 2240 2519 laicali
2299 2453 2755 2520 subiectarum.
2814 2456 2878 2523 Si

215 2556 484 2623 absolute
537 2569 836 2635 renuant,
873 2558 1066 2624 satius
1100 2571 1195 2625 est
1243 2565 1305 2629 S.
1348 2560 1928 2648 congregationem
1960 2556 2159 2624 adire.
2200 2563 2263 2626 S.
2298 2561 2371 2623 C.
2412 2558 2475 2624 in
2509 2556 2878 2624 huiusmodi

214 2661 444 2725 casibus
495 2680 612 2747 pro
662 2661 1277 2728 circumstantiarum
1326 2662 1628 2728 varietate
1675 2660 1868 2727 modo
1917 2661 2312 2745 negativum,
2366 2661 2559 2727 modo
2608 2660 2879 2727 affirma-

216 2759 403 2827 tivum
449 2782 832 2849 responsum
882 2763 1086 2830 dedit.
1123 2802 1165 2814 -
1212 2768 1319 2831 85.
1376 2769 1443 2831 ln
1498 2767 1865 2831 Cremonen.
1907 2763 2121 2829 Erect.
2164 2763 2347 2828 theol.
2403 2763 2537 2829 iura
2571 2777 2878 2848 patrono-

216 2882 346 2928 rum
376 2884 758 2931 consensum
803 2886 991 2931 suum
1039 2866 1499 2956 denegantium
1548 2879 1782 2931 sartum
1838 2877 2207 2951 tectumque
2238 2864 2543 2931 servavit.
2578 2901 2620 2913 -
2656 2868 2763 2930 86.
2806 2869 2877 2933 ln

215 2966 273 3029 S.
310 2968 605 3034 Miniatis
664 2970 783 3033 W.
827 2971 940 3034 SS.
981 2972 1103 3034 LL.
1157 2971 1346 3055 plura
1394 2978 1615 3036 notatu
1662 2966 1853 3056 digna
1915 2970 2093 3055 prius
2141 2967 2399 3034 edoceri
2449 2986 2517 3032 se
2564 2968 2797 3033 voluit.
2830 3001 2875 3014 -·

213 3070 310 3133 87.
361 3073 430 3137 ln
475 3071 804 3138 Asculano
860 3076 1173 3137 Commut.
1227 3073 1506 3146 volunt„
1561 3073 1913 3139 reluctante
1963 3069 2283 3152 Capitulo,
2337 3067 2414 3134 ad
2462 3081 2875 3153 patronatum

212 3186 446 3250 vocato,
497 3176 940 3240 canonicatum
993 3176 1056 3240 in
1105 3175 1525 3263 theologalem
1576 3176 1734 3261 erigi
1787 3193 1916 3240 non
1966 3170 2282 3258 permisit.
2336 3170 2536 3235 Aliter
2573 3171 2773 3236 sensit
2806 3170 2875 3238 in

216 3274 594 3341 Haceraten.
650 3277 870 3343 Praeb.
927 3276 1107 3342 theol.
1166 3299 1272 3344 an.
1317 3278 1568 3353 1804„
1633 3279 1877 3342 etiamsi
1948 3276 2372 3362 municipium
2435 3273 2794 3340 obsisteret.
2833 3312 2875 3324 -

212 3380 315 3442 88.
371 3382 527 3444 item
576 3380 641 3444 in
695 3381 996 3444 Amerina
1047 3382 1257 3448 Erect.
1314 3380 1529 3455 theol„
1585 3380 1649 3446 in
1699 3399 1848 3465 qua,
1901 3398 2045 3443 cum
2098 3376 2329 3443 familia
2377 3387 2642 3460 patrona
2684 3397 2876 3444 suum

214 3497 575 3548 consensum
626 3481 1000 3568 denegaret,
1057 3489 1121 3552 S.
1161 3489 1230 3551 C.
1287 3481 1639 3559 constituit,
1695 3493 1765 3547 ut
1816 3480 2039 3546 eadem
2088 3480 2481 3546 sacerdotem
2532 3489 2675 3544 actu
2736 3479 2876 3544 ido-

212 3600 398 3647 neum
445 3585 771 3651 nominare
824 3595 1174 3651 teneretur.
1217 3622 1260 3632 —
1308 3590 1414 3652 89.
1472 3588 1658 3651 Certa
1705 3583 1900 3649 hodie
1951 3582 2236 3649 doctrina
2285 3593 2417 3659 est,
2472 3581 2645 3667 quod
2704 3583 2874 3648 solus

215 3684 491 3750 Pontifex
539 3687 903 3773 collegiatas
948 3691 1144 3774 possit
1192 3689 1466 3773 erigere,
1518 3699 1665 3774 post
1712 3685 2049 3752 decretum
2097 3684 2397 3750 videlicet
2447 3690 2509 3752 S.
2553 3688 2622 3750 C.
2671 3687 2869 3750 Conc.

211 3783 276 3849 in
328 3788 845 3854 Crmonen.'an.
886 3794 1076 3856 1623.
1130 3790 1479 3875 Deperdito
1529 3792 1791 3856 decreto
1825 3788 2190 3864 erectionis,
2246 3807 2407 3872 quae
2454 3787 2633 3872 signa
2682 3787 2875 3851 colle-

214 3886 548 3971 gialitatem
596 3890 1011 3978 portendant,
1063 3893 1414 3958 remissive.
1452 3929 1494 3941 -
1526 3896 1634 3958 90.
1692 3896 1918 3957 Cetera
1967 3890 2048 3955 de
2100 3890 2400 3975 theologo
2433 3909 2499 3954 ac
2534 3891 2872 3974 poeniten-

215 3990 397 4057 tiario
440 3993 568 4059 vid.
622 4013 763 4078 cap.
808 3998 930 4058 III.
988 4003 1048 4074 g.
1097 3997 1159 4060 V.

364 4200 473 4270 67.
525 4198 942 4274 Tridentina
995 4200 1350 4293 SynoduS‚
1409 4218 1499 4274 ne
1550 4202 1877 4274 coelestis
1940 4201 2058 4272 ille
2112 4216 2474 4271 sacrorum
2526 4198 2875 4272 librorum

219 4307 606 4403 thesaurus,
648 4331 868 4404 quem
901 4311 1207 4406 Spiritus
1241 4319 1534 4387 sanctus
1579 4331 1858 4386 summa
1911 4310 2342 4384 liberalitate
2396 4309 2693 4382 tradidit
2744 4311 2874 4384 ho-

219 4421 558 4514 minibus,
614 4426 986 4518 neglectus
1051 4427 1354 4515 iaceret,
1420 4425 2040 4517 providentissime
2098 4424 2274 4494 Sess.
2327 4423 2400 4494 5.
2460 4440 2617 4514 cap.
2663 4421 2732 4496 1.
2791 4424 2876 4514 de

218 4530 511 4622 Reform.
564 4537 1061 4630 praebendam
1115 4538 1578 4629 theologalem
1631 4538 1910 4610 institui
1956 4534 2294 4624 decrevit,
2355 4555 2395 4601 ‹
2435 4534 2509 4605 in
2549 4535 2871 4607 ecclesiis

219 4664 260 4707 ›
301 4638 427 4730 (ita
471 4647 564 4721 ibi
614 4648 911 4746 legitur)
965 4651 1532 4741 metropolitanis
1583 4650 1695 4722 vel
1748 4647 2311 4737 cathedralibus,
2354 4648 2414 4720 si
2462 4648 2711 4720 civitas
2762 4647 2878 4717 in·-

213 4775 257 4820 >
299 4753 504 4846 signis
534 4763 642 4837 vel
677 4762 1060 4856 populosa,
1102 4780 1185 4836 ac
1219 4763 1436 4836 etiam
1471 4762 1547 4834 in
1582 4762 1975 4855 collegiatis
2005 4760 2479 4836 existentibus
2515 4763 2592 4833 in
2629 4760 2873 4850 aliquo
