3497 5235
592 338 711 406 420
1340 339 1709 403 munctioni-
1750 338 1802 399 8.
1832 336 2015 415 congr.
2043 334 2188 399 Ocno.
2230 333 2501 414 monitio.

590 477 823 549 causis
876 484 1188 566 nequeat
1239 459 1608 551 r'emoveri.
1664 473 1751 548 Id
1804 478 1945 547 iam
1997 478 2087 549 de
2137 496 2264 548 suo
2313 484 2633 567 tempore
2700 474 3108 548 testabatur
3158 472 3253 546 de

591 585 785 660 Luca
837 588 911 658 in
964 590 1157 660 Disc.
1203 589 1327 662 IX.
1370 583 1601 685 (apud
1656 589 2042 661 Gallemart
2078 588 2244 660 edit.
2295 588 2492 660 Trid.
2537 586 2749 660 1762.
2783 606 2955 679 paq.
2996 580 3251 681 466),

590 699 925 790 idemque
976 699 1186 773 hodie
1240 708 1605 792 receptum
1659 706 1794 787 est,
1837 707 1916 773 ut
1967 699 2294 790 pluribus
2344 700 2689 791 exemplis
2741 700 3005 793 passim
3058 717 3255 771 com-

591 812 873 903 probari
928 822 1191 904 posset.

738 927 907 997 292.
953 922 1385 998 Monendum
1438 935 1682 999 tamen
1754 932 1904 1014 est,
1965 943 2106 997 non
2158 925 2781 999 indiscriminatim
2840 924 2979 996 hac
3039 942 3258 1016 super

596 1058 670 1113 re
723 1059 764 1110 a
818 1035 890 1110 S.
932 1036 1005 1109 C.
1047 1039 1359 1128 procedi,
1407 1039 1534 1111 sed
1588 1039 1787 1109 iuxta
1838 1038 2029 1110 hanc
2078 1038 2292 1129 plane
2361 1037 2856 1129 disciplinam,
2915 1038 3257 1109 nimirum

522 1235 548 1259 „
591 1158 696 1240 ut,
739 1150 1027 1241 quando
1078 1151 1384 1241 populus
1437 1150 1818 1222 distinctus
1854 1169 1999 1223 non
2052 1156 2161 1222 est
2212 1152 2285 1220 in
2321 1157 2550 1223 certas
2604 1150 3073 1243 propriasque
3126 1169 3262 1241 pa-

586 1265 885 1349 roeciaS,
927 1260 1526 1352 quemadmodum
1567 1261 2150 1334 animadvertunt
2184 1257 2581 1334 Tridentini
2618 1259 2861 1334 Patres
2902 1263 3083 1334 Sess.
3121 1262 3255 1334 25.

590 1396 747 1467 cap.
796 1374 911 1448 16.
955 1373 1038 1447 de
1077 1374 1424 1465 Reform„
1461 1371 1855 1467 Episcopus
1895 1375 2280 1464 unicuique
2331 1392 2539 1446 suum
2577 1381 3000 1465 perpetuum
3041 1392 3266 1464 pecu-

587 1490 980 1580 liaremque
1017 1490 1406 1580 parochum
1442 1491 1757 1580 assignet
1794 1506 1875 1561 eo
1928 1505 2185 1578 nempe
2222 1487 2542 1576 consilio,
2585 1495 2663 1558 ut
2715 1494 2959 1577 pastor
2993 1504 3265 1577 cogno-

590 1609 742 1675 scat
793 1619 960 1673 oves
1011 1620 1206 1690 suas,
1248 1609 1317 1674 et
1373 1608 1804 1692 cognoscant
1857 1602 2090 1691 ipsum
2142 1616 2341 1671 suae.
2383 1596 2563 1672 Item
2615 1602 2675 1672 si
2728 1598 2862 1696 (id,
2904 1597 3098 1689 quod
3146 1600 3265 1670 lo-

595 1732 784 1803 cum,
826 1732 1039 1803 quem
1093 1730 1482 1801 versamus,
1542 1732 1675 1785 acu
1730 1707 1991 1805 tangit)
2045 1711 2260 1783 alicui
2311 1707 2663 1801 Capitu10,
2703 1712 3082 1799 benefici0,
3131 1717 3270 1782 aut

596 1827 1258 1918 quomodocumque
1296 1825 1554 1914 cuique
1606 1826 1722 1914 pio
1760 1825 1913 1895 loco
1963 1836 2132 1896 cura
2186 1825 2585 1896 animarum
2636 1823 2726 1896 ob
2765 1824 2983 1896 huius
3035 1842 3273 1896 anne-

594 1940 878 2011 xionem
936 1939 1415 2026 unionemque
1487 1935 1746 2008 factam
1818 1936 2218 2008 necessario
2271 1936 2521 2008 iisdem
2575 1936 2990 2024 inhaereat,
3049 1942 3273 2027 prout

598 2052 914 2141 loquitur
948 2048 1157 2121 Conc.
1201 2046 1390 2120 Trid.
1438 2050 1617 2121 Sess.
1660 2047 1731 2120 7.
1775 2068 1931 2138 cap.
1974 2046 2044 2119 7.
2080 2048 2162 2120 de
2202 2050 2548 2139 Reform„
2588 2055 2760 2132 tunc
2794 2066 3023 2137 aeque
3062 2055 3269 2119 tenet

599 2161 671 2235 S.
716 2161 968 2253 Cong.,
1011 2168 1089 2233 ut
1127 2162 1478 2252 integrum
1515 2162 1607 2231 sit
1643 2157 2021 2251 Episcopo,
2064 2161 2248 2233 iusta
2304 2180 2388 2233 ac
2425 2160 2832 2233 rationabili
2870 2161 3265 2233 accedente

599 2296 840 2364 causa,
881 2274 1226 2346 vicarium
1279 2279 1704 2365 perpetuum
1757 2273 2227 2361 constituere,
2278 2272 2562 2345 sublato
2617 2292 2809 2346 more
2860 2272 3265 2364 deputandi

599 2389 941 2461 vicarium
994 2395 1532 2477 temporaneum
1586 2390 1655 2455 et
1709 2383 1800 2455 ad
1856 2393 2106 2457 nutum
2179 2384 2679 2457 amovendum.
2738 2383 2999 2458 Contra
3061 2386 3123 2457 si
3178 2402 3267 2456 ex

605 2501 964 2592 primaeva
995 2498 1440 2569 institutione
1468 2504 1539 2569 ot
1569 2497 1923 2568 erectione
1954 2497 2045 2570 ad
2072 2493 2501 2588 Capitulum,
2526 2496 2983 2586 beneficium,
3009 2499 3274 2570 aliurn-

603 2631 742 2704 que
793 2611 1092 2684 similem
1146 2610 1340 2701 pium
1378 2609 1608 2681 locum
1664 2628 1835 2681 cura
1890 2610 2291 2682 animarum
2334 2610 2818 2702 principaliter
2870 2611 3267 2702 pertineat,

603 2732 775 2798 tunc
812 2742 953 2796 non
991 2724 1152 2796 licet
1191 2720 1539 2816 Episcopo
1591 2723 1930 2794 vicarium
1969 2728 2390 2816 perpetuum
2428 2722 2776 2813 stabilire,
2815 2743 2946 2796 sua
2983 2730 3272 2796 tantum

603 2836 1125 2909 interveniente
1160 2841 1541 2927 potestate3
1586 2834 1791 2906 aliter
1818 2833 2008 2904 enim
2037 2833 2462 2906 beneficium
2491 2842 2814 2908 curatum
2852 2838 2927 2907 in
2964 2836 3275 2925 simplex

605 2952 1163 3032 converteretur,
1224 2951 1432 3037 prout
1484 2944 1876 3017 advertitur
1934 2950 2365 3035 caveturque
2423 2950 2601 3021 8333.
2640 2948 2763 3020 25.
2825 2968 2983 3040 cap.
3025 2947 3145 3022 16.
3186 2947 3278 3020 de

607 3059 915 3149 Reform.
980 3055 1404 3129 Huiusmodi
1458 3057 1834 3149 disciplina
1887 3059 2373 3130 recentissime
2425 3059 3031 3133 confirmationem
3086 3059 3285 3131 obti-

606 3173 763 3244 nuit
816 3191 859 3242 a
911 3168 982 3243 S.
1024 3169 1275 3261 Congr.
1320 3166 1530 3241 Conc.
1572 3171 1646 3241 in
1682 3171 1946 3242 Baren.
1994 3170 2157 3243 Cur.
2207 3170 2442 3243 Anim.
2494 3172 2615 3242 29.
2659 3173 2957 3263 Augusti
3013 3172 3279 3258 1857„

509 3369 516 3374 q
607 3284 809 3354 cuius
861 3281 1156 3370 folium,
1220 3287 1468 3373 utpote
1523 3283 1712 3371 quod
1785 3281 1971 3353 hanc
2040 3283 2407 3353 materiam
2459 3282 2915 3355 solertissime
2976 3283 3283 3373 exponit

608 3415 691 3468 ac
729 3393 1038 3480 roborat,
1081 3394 1462 3485 legendum
1500 3394 2005 3485 praebebimus
2042 3395 2113 3465 in
2151 3394 2508 3466 volumine
2544 3391 2680 3466 111.
2723 3395 2858 3466 sub
2896 3414 3101 3466 num.
3146 3395 3277 3467 34.

754 3508 922 3579 293.
965 3504 1203 3578 Nihilo
1240 3513 1477 3578 tamen
1529 3507 1761 3579 secius
1798 3508 1871 3579 in
1924 3507 2056 3579 hoc
2108 3508 2356 3578 ultimo
2409 3526 2606 3595 casu,
2652 3509 2943 3598 quando
2993 3509 3288 3578 anima-

604 3638 759 3691 rum
799 3620 1185 3691 necessitas
1237 3619 1346 3691 vel
1401 3619 1670 3690 utilitas
1724 3618 2007 3690 videtur
2049 3637 2454 3709 exposcere,
2497 3627 2576 3692 ut
2610 3620 2964 3712 parochus
3013 3638 3290 3711 perpe-

607 3739 776 3805 tuus
814 3732 1313 3818 constituatur,
1355 3731 1628 3805 auctrix
1665 3739 1775 3804 est
1826 3731 1898 3804 S.
1933 3729 2006 3803 C.
2041 3729 2115 3802 C.
2155 3728 2555 3824 Episcopis,
2596 3734 2765 3806 dum
2802 3751 3045 3805 eorum
3094 3733 3289 3805 rela-

609 3843 925 3915 tionibus
977 3842 1327 3928 rescribit,
1370 3850 1449 3915 ut
1488 3844 1829 3916 rationem
1884 3844 2200 3933 aliquam
2236 3861 2397 3915 cum
2434 3841 2787 3936 Capitulo,
2829 3845 3290 3935 alteriusque

610 3955 741 4027 loci
774 3955 868 4046 pii
902 3953 1461 4026 moderatoribus
1497 3957 1770 4042 ineant,
1804 3974 1972 4044 qua,
2004 3954 2256 4027 borum
2286 3958 2668 4029 accedente
2696 3975 3077 4046 consensu,
3111 3975 3295 4048 pos·

613 4069 705 4139 sit
741 4069 1200 4159 imposterum
1227 4073 1455 4139 rector
1489 4068 1851 4157 precarius
1886 4068 1959 4139 in
1996 4074 2422 4158 perpetuum
2451 4086 2532 4140 ac
2560 4068 2894 4141 stabilem
2924 4071 3288 4141 converti.

757 4179 927 4251 294.
969 4175 1074 4249 Ex
1110 4175 1404 4251 Constit.
1440 4180 1511 4251 S.
1546 4177 1649 4250 Pii
1685 4176 1771 4250 V.
1806 4180 2021 4270 incip.
2054 4179 2162 4251 Aa
2196 4180 2705 4272 exsequendum
2739 4181 2813 4251 in
2840 4180 3323 4270 assignanda.

614 4311 924 4384 congrua
961 4292 1240 4363 vicariis
1275 4292 1668 4383 perpetuis,
1709 4292 1972 4363 diserte
2007 4292 2381 4364 statuitur:
2444 4317 2481 4358 α
2520 4289 2630 4365 Ita
2668 4312 2743 4364 se
2781 4289 3295 4391 (Episcopum)

618 4429 655 4472 a»
695 4406 1057 4475 continere
1112 4410 1181 4475 et
1233 4402 1557 4474 arbitrari
1596 4402 1885 4490 debere,
1929 4410 2004 4475 ut
2059 4422 2203 4477 non
2244 4404 2464 4476 maior
2498 4410 2812 4493 centum,
2856 4422 2987 4476 nec
3037 4406 3297 4479 minor

617 4539 653 4582 »
695 4515 1219 4605 quinquaginta
1271 4522 1708 4586 scutatorum
1762 4533 2161 4587 annuorum
2216 4533 2519 4603 summa,
2573 4518 2995 4607 computatis
3044 4517 3291 4594 etiam

620 4652 655 4697 ›
696 4628 1026 4700 omnibus
1099 4630 1387 4700 incertis
1441 4629 1937 4700 emolumentis
1999 4637 2068 4701 et
2128 4629 2288 4701 aliis
2355 4629 2906 4703 obventionibus
2954 4647 3305 4706 commu·

621 4761 658 4806 »
701 4738 885 4811 niter
938 4741 1205 4830 percipi
1241 4739 1465 4812 solitis
1502 4741 1605 4812 eis
1640 4737 1957 4836 (vicariis
1992 4739 2392 4838 perpetuis)
2428 4743 2719 4816 omnino
2753 4744 3207 4835 assignetur.
3257 4772 3299 4818 ι
