3497 5235
592 205 668 272 18
1396 204 1470 264 Dc
1506 203 1810 265 munna·
1849 203 2116 263 Scotorum
2152 201 2416 263 nimium

592 339 927 430 Pontifex
978 337 1477 431 promulgavit,
1534 356 1788 410 novam
1840 316 2305 428 haud‘plene
2370 336 2597 429 legem
2666 335 3043 422 statuisse,
3102 332 3233 407 sed

590 453 722 538 illi,
777 462 963 545 quae
1014 451 1154 522 iam
1207 450 1330 522 diu
1379 455 1535 523 erat
1583 452 1657 522 in
1709 446 2051 539 Ecclesia,
2105 449 2491 522 solemnem
2559 447 2854 522 formam
2915 453 3234 521 tautum-

595 563 799 637 modo
851 579 980 634 suo
1016 561 1286 635 calculo
1324 562 1920 635 accommodasse.

673 835 760 900 11.
794 834 888 892 De
922 835 1195 891 utilitate
1228 834 1633 891 visitationis
1679 834 1796 890 SS.
1832 835 1950 889 LL.
1988 838 2053 891 et
2087 836 2442 892 Relationis
2478 838 2687 891 status
2726 836 3153 898 ecelesia-mn.

958 920 1156 990 deque
1189 919 1539 976 iuramento
1577 920 1644 976 et
1675 920 1779 983 iis.
1817 934 1977 989 quae
2013 921 2077 975 in
2114 935 2193 976 eo
2234 921 2472 978 edendo
2510 922 2866 975 servantur.

674 1134 682 1143 ·
726 1124 1214 1188 Sunnamum-
1247 1120 1357 1184 40.
1403 1116 1646 1184 Utilitas
1692 1129 1757 1184 et
1801 1118 2133 1184 necessitas
2185 1130 2416 1186 statum
2463 1119 2827 1187 dioeceseos
2873 1116 3231 1194 referendi,

596 1233 662 1289 et
708 1225 817 1289 SS.
856 1223 982 1286 ΛΑ.
1022 1223 1139 1286 LL.
1179 1216 1453 1284 adeundi
1504 1217 1672 1284 iuxta
1721 1220 1880 1286 Sixti
1915 1223 1991 1287 V.
2030 1223 2298 1289 constit.
2336 1224 2659 1287 Roma-nus
2696 1223 2991 1305 Pontifex
3023 1231 3240 1286 osten-

599 1324 794 1392 ditur.
824 1359 869 1375 ·
892 1326 995 1390 41.
1035 1320 1273 1387 Eadem
1319 1337 1449 1385 non
1494 1319 1804 1388 minuitur
1847 1322 1926 1387 ob
1960 1322 2304 1390 faciliorem
2335 1322 2704 1389 hodiernam
2739 1341 2952 1388 rerum
2985 1341 3053 1388 ac
3083 1340 3235 1408 per·

593 1443 889 1493 sonarum
936 1421 1597 1490 communicationem.
1627 1457 1669 1471 -
1698 1425 1804 1488 42.
1841 1424 2240 1490 Relationum
2298 1423 2924 1491 transmittendarum
2995 1422 3237 1489 utilitas

595 1525 1004 1593 confirmatur
1049 1542 1129 1589 ex
1173 1521 1401 1607 agendi
1449 1521 1695 1588 ratione
1743 1534 1877 1590 tum
1925 1528 1987 1592 S.
2029 1528 2099 1593 G.
2138 1527 2429 1603 concilii,
2482 1545 2645 1613 quae
2691 1524 3045 1592 huiusmodi
3099 1522 3239 1589 offi-

596 1629 764 1694 cium
810 1624 1101 1712 parochis
1146 1622 1692 1711 Fulginatensibus
1740 1627 2094 1693 iniunctum
2144 1628 2601 1713 comprobavit,
2637 1638 2768 1694 tum
2819 1631 2882 1695 S.
2916 1630 2985 1693 C..
3017 1628 3232 1712 Episc.

598 1741 663 1796 et
709 1728 966 1815 Regul.,
1019 1744 1182 1810 quae
1228 1725 1627 1791 novellorum
1684 1727 2114 1794 institutorum
2161 1730 2569 1796 Generalibus
2629 1730 3007 1795 triennalem
3072 1728 3235 1792 rela-

599 1832 837 1898 tionem
905 1827 1024 1893 sibi
1083 1824 1508 1893 exhibendam
1569 1828 2068 1916 imponit.-43.
2108 1831 2330 1918 Aptius
2393 1832 2527 1897 eius
2587 1831 2743 1918 legis
2812 1828 3239 1894 absolvendae

602 1946 852 2018 tempus
885 1927 1045 1997 illud
1079 1938 1197 2004 est,
1235 1926 1408 2015 quod
1440 1928 1803 1995 dioeceseos
1835 1932 2251 1999 visitationem
2285 1952 2456 2019 pone
2487 1932 2799 2019 sequitur.
2831 1966 2875 1980 -
2909 1935 3013 1997 44.
3051 1931 3238 1996 Eius-

599 2036 746 2101 dem
794 2031 948 2118 legis
997 2024 1502 2096 observationem
1550 2031 1959 2098 iureiurando
2006 2033 2302 2121 Episcopi
2350 2034 2803 2122 adpromittere
2837 2042 3165 2098 tenentur.
3193 2066 3238 2081 -

599 2136 757 2202 Olim
806 2131 1239 2199 iusiurandum
1287 2130 1645 2199 huiusmodi
1696 2133 1759 2198 in
1807 2135 2095 2201 manibus
2143 2136 2485 2204 Cardinalis
2553 2134 2803 2202 Diacoui
2873 2134 2938 2215 in
3007 2132 3237 2199 ordine

599 2235 853 2322 prioris,
904 2233 1003 2298 vel
1053 2234 1189 2317 eius
1234 2231 1507 2317 delegati
1556 2232 1887 2301 edebatur.
1916 2271 1960 2286 -
1992 2242 2097 2303 45.
2137 2237 2336 2304 Hodie
2367 2257 2526 2304 vero
2558 2237 2715 2303 ritus
2748 2239 3042 2324 antiquus
3073 2255 3237 2302 non·

599 2338 756 2405 nihil
806 2338 1169 2403 immutatus
1215 2345 1332 2400 est.
1369 2370 1413 2383 -
1446 2338 1550 2400 46.
1590 2337 1754 2413 Quos
1802 2336 1959 2404 ritus
2001 2332 2260 2405 ser'vent
2307 2339 2778 2426 archiepiscopl
2826 2350 2890 2405 et
2936 2337 3237 2425 Episcopi

601 2443 666 2506 iu
715 2437 1127 2506 iureiurando
1177 2435 1668 2503 edendoi-47.
1707 2440 1871 2516 Quos
1916 2440 2387 2527 Archiepiscopi
2436 2452 2499 2507 et
2546 2440 2840 2527 Episcopi
2890 2438 3239 2506 Cardinali-

603 2543 685 2610 tia
734 2542 1046 2631 dignitate
1104 2540 1673 2629 fulgentem-48.
1713 2542 2057 2607 Cardinalis
2125 2545 2430 2621 DecanuS,
2503 2553 2817 2629 tamquam
2884 2541 3238 2627 Episcopus

600 2645 926 2723 Ostiensis,
974 2643 1147 2731 pallii
1196 2641 1607 2728 privilegium
1653 2641 1921 2709 obtinet.
1957 2680 2000 2693 -
2033 2647 2140 2711 49.
2177 2646 2290 2723 Qui
2341 2646 2498 2712 ritus
2542 2655 2859 2721 servetur,
2895 2644 2943 2707 si
2979 2641 3238 2729 quando

601 2747 889 2814 Pontifex
938 2747 1072 2832 ipse
1118 2744 1678 2830 Arcbiepiscopum
1727 2746 2001 2831 aliquem
2050 2765 2418 2812 consecrare
2464 2746 2887 2834 digneturt-
2921 2746 3027 2810 50.
3067 2747 3240 2809 lura-

600 2850 799 2916 meuti
849 2847 1137 2924 formula,
1189 2865 1351 2932 quae
1397 2865 1431 2913 a
1476 2845 1871 2912 praesulibus
1917 2848 2273 2917 titularibus
2319 2848 2657 2914 adhibetur
2704 2858 2797 2913 est
2846 2846 3123 2923 brevior;
3175 2856 3238 2911 at

603 2970 765 3039 quae
809 2949 1150 3015 adhibetur
1193 2969 1225 3012 a
1272 2947 1664 3014 praesulibus
1712 2949 2216 3016 residentialibus
2244 2998 2262 3028 ,
2315 2950 2592 3038 longior.
2620 2953 2793 3015 -51.
2855 2950 2922 3012 ln
2980 2948 3237 3012 transla-

606 3050 882 3119 tionibus
929 3050 1390 3137 Episcoporum
1461 3048 1887 3116 iuramentum
1949 3051 2229 3117 iteratur.
2267 3088 2310 3102 -
2342 3056 2447 3117 52.
2488 3051 2548 3118 Si
2617 3052 2858 3138 primus
2926 3051 3239 3116 Diaconus

603 3173 729 3219 non
778 3153 938 3219 adsit
985 3151 1051 3218 in
1085 3150 1496 3228 consistorio,
1549 3152 1683 3217 eius
1730 3151 1901 3218 vices
1949 3151 2226 3219 obeundi
2275 3152 2369 3219 ius
2417 3153 2604 3219 habet
2649 3154 2891 3239 primus
2933 3154 3239 3219 Diaconus

606 3254 951 3321 Cardinalis
997 3272 1315 3340 praesens.
1349 3288 1394 3304 -
1425 3255 1533 3320 53.
1572 3257 1729 3320 Item
1774 3253 1823 3319 si
1873 3255 2117 3339 primus
2164 3254 2472 3322 Diaconus
2501 3274 2796 3341 praesens
2828 3253 3090 3342 quidem
3121 3256 3233 3329 sit,

599 3357 713 3424 sed
748 3358 905 3423 hanc
937 3355 1393 3422 caeremoniam
1437 3354 1746 3443 perficere
1778 3361 2272 3443 κηρυκι-54.
2310 3356 2490 3424 Unde
2537 3376 2634 3436 ea,
2670 3375 2832 3443 quae
2864 3355 3030 3422 dicta
3062 3364 3236 3432 sunt,

607 3458 847 3527 fuerint
877 3463 1219 3544 excerpta?

748 3685 868 3758 40.
924 3678 1357 3769 Utilitatem,
1410 3678 1551 3752 imo
1599 3677 2093 3752 necessitatem
2159 3693 2360 3749 sacra
2416 3674 2897 3769 Apostolorum
2952 3673 3231 3751 Limina

602 3796 937 3873 visitandi
1000 3799 1372 3885 statusque
1420 3792 1821 3867 dioeceseos
1888 3789 2285 3878 referendi,
2339 3807 2482 3862 non
2533 3796 2639 3863 est
2690 3789 2847 3879 bic,
2904 3809 3027 3862 cur
3075 3789 3234 3863 fuso

570 3926 926 3984 sermone
978 3906 1431 3997 explicemus.
1486 3900 1574 3976 Id
1624 3904 1811 3975 enim
1864 3902 2036 3975 satis
2076 3919 2432 3993 superque
2467 3902 2820 3992 praestitit
2870 3898 3107 3973 Sixtus
3142 3898 3225 3973 V.

603 4025 681 4096 in
714 4021 1225 4096 Constitutione
1252 4020 1603 4091 Romanus
1634 4014 1966 4105 Pontifex
2001 4014 2139 4086 diei
2176 4015 2296 4087 20.
2323 4011 2727 4086 Decembris
2764 4013 2976 4085 1585.
3017 4032 3232 4104 quam

602 4141 822 4208 totam
872 4132 1200 4208 dabimus
1249 4131 1323 4202 in
1373 4129 1728 4200 volumine
1764 4121 1902 4197 ΙΙΙ.
1941 4124 2075 4197 sub
2114 4143 2310 4199 num.
2347 4125 2413 4197 1.
2454 4120 2673 4196 Multa
2708 4124 2998 4215 insuper
3032 4141 3232 4224 sparf

602 4248 734 4320 sim
785 4247 925 4317 iam
992 4246 1067 4317 in
1119 4241 1412 4315 articulo
1479 4238 1932 4333 praecedenti
1999 4238 2693 4328 praeoccupavimus.
2750 4230 2939 4304 Illud
2994 4234 3231 4324 potius

602 4357 833 4433 facere
884 4374 1026 4427 non
1076 4371 1473 4448 possumuS,
1516 4352 1691 4442 quin
1725 4349 2201 4436 advertamuS,
2243 4347 2499 4419 nostris
2534 4345 2724 4416 bisce
2758 4341 3226 4435 temporibuS,

603 4470 865 4561 quibus
932 4467 1321 4538 humanum
1391 4463 1755 4555 ingenium
1819 4460 2111 4532 mirifica
2163 4458 2255 4531 ad
2306 4456 2727 4544 rhedarum,
2797 4455 3233 4544 naviumque

598 4580 1039 4656 velocitatem
1091 4575 1596 4650 incredibiliter
1665 4571 2159 4664 adaugendam
2210 4569 2474 4651 repe-⁴¹.
2520 4567 2977 4656 adiumenta,
3033 4569 3104 4637 et
3156 4564 3231 4637 in
