<?xml version="1.0" encoding="UTF-8"?>
<!DOCTYPE html PUBLIC "-//W3C//DTD XHTML 1.0 Transitional//EN"
    "http://www.w3.org/TR/xhtml1/DTD/xhtml1-transitional.dtd">
<html xmlns="http://www.w3.org/1999/xhtml" xml:lang="en" lang="en">
 <head>
  <title>
</title>
<meta http-equiv="Content-Type" content="text/html;charset=utf-8" />
  <meta name='ocr-system' content='tesseract 3.04.00' />
  <meta name='ocr-capabilities' content='ocr_page ocr_carea ocr_par ocr_line ocrx_word'/>
</head>
<body>
  <div class='ocr_page' id='page_1' title='image "./devisitationesa00popegoog_0028.png"; bbox 0 0 3497 5235; ppageno 0'>
   <div class='ocr_carea' id='block_1_1' title="bbox 510 217 2331 281">
    <p class='ocr_par' dir='ltr' id='par_1_1' title="bbox 510 217 2331 281">
     <span class='ocr_line' id='line_1_1' title="bbox 510 217 2331 281; baseline -0.001 0"><span class='ocrx_word' id='word_1_1' title='bbox 510 217 553 281; x_wconf 81' lang='lat'><em>8</em></span> <span class='ocrx_word' id='word_1_2' title='bbox 1314 219 2331 281; x_wconf 57' lang='lat' dir='ltr'><strong>munuum-summatum.</strong></span> 
     </span>
    </p>
   </div>
   <div class='ocr_carea' id='block_1_2' title="bbox 509 343 3137 1113">
    <p class='ocr_par' dir='ltr' id='par_1_2' title="bbox 509 343 3137 1113">
     <span class='ocr_line' id='line_1_2' title="bbox 518 343 3132 443; baseline 0.003 -24"><span class='ocrx_word' id='word_1_3' title='bbox 518 384 553 419; x_wconf 78' lang='lat'><strong>»</strong></span> <span class='ocrx_word' id='word_1_4' title='bbox 593 360 663 426; x_wconf 94' lang='lat' dir='ltr'><strong>et</strong></span> <span class='ocrx_word' id='word_1_5' title='bbox 697 372 816 425; x_wconf 93' lang='lat' dir='ltr'><strong>oro</strong></span> <span class='ocrx_word' id='word_1_6' title='bbox 850 360 1066 443; x_wconf 89' lang='lat' dir='ltr'><strong>atque</strong></span> <span class='ocrx_word' id='word_1_7' title='bbox 1092 353 1405 426; x_wconf 82' lang='lat' dir='ltr'><strong>obtestor</strong></span> <span class='ocrx_word' id='word_1_8' title='bbox 1438 343 1811 428; x_wconf 81' lang='lat' dir='ltr'><strong>Sanctitat.</strong></span> <span class='ocrx_word' id='word_1_9' title='bbox 1844 353 2092 442; x_wconf 87' lang='lat' dir='ltr'><strong>Tuam,</strong></span> <span class='ocrx_word' id='word_1_10' title='bbox 2133 364 2212 428; x_wconf 90' lang='lat' dir='ltr'><strong>ut</strong></span> <span class='ocrx_word' id='word_1_11' title='bbox 2248 356 2419 428; x_wconf 87' lang='lat' dir='ltr'><strong>mihi</strong></span> <span class='ocrx_word' id='word_1_12' title='bbox 2451 362 2721 429; x_wconf 88' lang='lat' dir='ltr'><strong>rectum</strong></span> <span class='ocrx_word' id='word_1_13' title='bbox 2755 376 2839 429; x_wconf 90' lang='lat' dir='ltr'><strong>ac</strong></span> <span class='ocrx_word' id='word_1_14' title='bbox 2869 356 3132 429; x_wconf 89' lang='lat' dir='ltr'><strong>iustum</strong></span> 
     </span>
     <span class='ocr_line' id='line_1_3' title="bbox 517 465 3132 563; baseline 0.002 -29"><span class='ocrx_word' id='word_1_15' title='bbox 517 494 553 531; x_wconf 81' lang='lat'>›</span> <span class='ocrx_word' id='word_1_16' title='bbox 592 465 905 536; x_wconf 90' lang='lat' dir='ltr'><strong>tribunal</strong></span> <span class='ocrx_word' id='word_1_17' title='bbox 942 474 1248 537; x_wconf 77' lang='lat' dir='ltr'><strong>vestrum</strong></span> <span class='ocrx_word' id='word_1_18' title='bbox 1287 469 1638 540; x_wconf 74' lang='lat' dir='ltr'>invocanti</span> <span class='ocrx_word' id='word_1_19' title='bbox 1666 489 1873 561; x_wconf 92' lang='lat' dir='ltr'><strong>opem</strong></span> <span class='ocrx_word' id='word_1_20' title='bbox 1901 468 2105 558; x_wconf 82' lang='lat' dir='ltr'><strong>ierat,</strong></span> <span class='ocrx_word' id='word_1_21' title='bbox 2143 469 2532 560; x_wconf 88' lang='lat' dir='ltr'><strong>iubeatque</strong></span> <span class='ocrx_word' id='word_1_22' title='bbox 2565 470 2658 541; x_wconf 92' lang='lat' dir='ltr'><strong>ad</strong></span> <span class='ocrx_word' id='word_1_23' title='bbox 2691 465 2831 540; x_wconf 72' lang='lat' dir='ltr'><strong>Vos</strong></span> <span class='ocrx_word' id='word_1_24' title='bbox 2865 470 3132 563; x_wconf 79' lang='lat' dir='ltr'><strong>venire,</strong></span> 
     </span>
     <span class='ocr_line' id='line_1_4' title="bbox 517 578 3126 673; baseline 0.002 -34"><span class='ocrx_word' id='word_1_25' title='bbox 517 604 552 639; x_wconf 78' lang='lat'><strong>»</strong></span> <span class='ocrx_word' id='word_1_26' title='bbox 593 583 660 647; x_wconf 83' lang='lat' dir='ltr'><strong>et</strong></span> <span class='ocrx_word' id='word_1_27' title='bbox 689 578 1076 648; x_wconf 79' lang='lat' dir='ltr'>doctrinam</span> <span class='ocrx_word' id='word_1_28' title='bbox 1113 597 1342 650; x_wconf 88' lang='lat' dir='ltr'><strong>meam</strong></span> <span class='ocrx_word' id='word_1_29' title='bbox 1373 580 1784 670; x_wconf 75' lang='lat' dir='ltr'><strong>Apostolicis</strong></span> <span class='ocrx_word' id='word_1_30' title='bbox 1817 583 2130 673; x_wconf 84' lang='lat' dir='ltr'><strong>vestigiis</strong></span> <span class='ocrx_word' id='word_1_31' title='bbox 2164 582 2649 653; x_wconf 79' lang='lat' dir='ltr'><strong>inhaerentem</strong></span> <span class='ocrx_word' id='word_1_32' title='bbox 2682 579 3126 651; x_wconf 76' lang='lat' dir='ltr'><strong>ostendere.»</strong></span> 
     </span>
     <span class='ocr_line' id='line_1_5' title="bbox 514 683 3130 784; baseline 0.002 -29"><span class='ocrx_word' id='word_1_33' title='bbox 514 683 800 759; x_wconf 78' lang='lat' dir='ltr'><strong>Interim</strong></span> <span class='ocrx_word' id='word_1_34' title='bbox 839 689 927 759; x_wconf 90' lang='lat' dir='ltr'><strong>ad</strong></span> <span class='ocrx_word' id='word_1_35' title='bbox 968 688 1039 760; x_wconf 90' lang='lat' dir='ltr'><strong>S.</strong></span> <span class='ocrx_word' id='word_1_36' title='bbox 1068 686 1371 762; x_wconf 86' lang='lat' dir='ltr'><strong>Leonem</strong></span> <span class='ocrx_word' id='word_1_37' title='bbox 1409 695 1697 763; x_wconf 90' lang='lat' dir='ltr'><strong>nuntios</strong></span> <span class='ocrx_word' id='word_1_38' title='bbox 1730 689 2117 784; x_wconf 77' lang='lat' dir='ltr'><strong>Hypatium</strong></span> <span class='ocrx_word' id='word_1_39' title='bbox 2151 700 2225 765; x_wconf 90' lang='lat' dir='ltr'><strong>et</strong></span> <span class='ocrx_word' id='word_1_40' title='bbox 2253 693 2661 764; x_wconf 64' lang='lat' dir='ltr'><strong>abramium</strong></span> <span class='ocrx_word' id='word_1_41' title='bbox 2688 690 3130 782; x_wconf 85' lang='lat' dir='ltr'><strong>Choroepisc.</strong></span> 
     </span>
     <span class='ocr_line' id='line_1_6' title="bbox 509 800 3136 896; baseline 0.002 -28"><span class='ocrx_word' id='word_1_42' title='bbox 509 805 579 869; x_wconf 91' lang='lat' dir='ltr'><strong>et</strong></span> <span class='ocrx_word' id='word_1_43' title='bbox 609 800 930 888; x_wconf 75' lang='lat' dir='ltr'><strong>Alypium</strong></span> <span class='ocrx_word' id='word_1_44' title='bbox 963 802 1384 873; x_wconf 82' lang='lat' dir='ltr'><strong>monachum</strong></span> <span class='ocrx_word' id='word_1_45' title='bbox 1424 803 1663 890; x_wconf 89' lang='lat' dir='ltr'><strong>mittit,</strong></span> <span class='ocrx_word' id='word_1_46' title='bbox 1698 806 1963 894; x_wconf 91' lang='lat' dir='ltr'><strong>quippe</strong></span> <span class='ocrx_word' id='word_1_47' title='bbox 1999 806 2124 894; x_wconf 90' lang='lat' dir='ltr'><strong>qui</strong></span> <span class='ocrx_word' id='word_1_48' title='bbox 2155 806 2318 896; x_wconf 83' lang='lat' dir='ltr'><strong>ipse</strong></span> <span class='ocrx_word' id='word_1_49' title='bbox 2351 802 2646 876; x_wconf 85' lang='lat' dir='ltr'><strong>Romam</strong></span> <span class='ocrx_word' id='word_1_50' title='bbox 2682 821 2969 895; x_wconf 77' lang='lat' dir='ltr'><strong>pergere</strong></span> <span class='ocrx_word' id='word_1_51' title='bbox 3008 802 3136 872; x_wconf 91' lang='lat' dir='ltr'><strong>im-</strong></span> 
     </span>
     <span class='ocr_line' id='line_1_7' title="bbox 512 909 3137 1011; baseline 0.003 -35"><span class='ocrx_word' id='word_1_52' title='bbox 512 909 929 999; x_wconf 77' lang='lat' dir='ltr'><strong>pediebatur</strong></span> <span class='ocrx_word' id='word_1_53' title='bbox 982 935 1019 975; x_wconf 67' lang='grc' dir='ltr'><strong><em>ι</em></strong></span> <span class='ocrx_word' id='word_1_54' title='bbox 1043 912 1624 1002; x_wconf 90' lang='lat' dir='ltr'><strong>quandoquidem</strong></span> <span class='ocrx_word' id='word_1_55' title='bbox 1674 912 1807 1008; x_wconf 87' lang='lat' dir='ltr'><strong>(ita</strong></span> <span class='ocrx_word' id='word_1_56' title='bbox 1844 911 1996 1011; x_wconf 86' lang='lat' dir='ltr'><strong>ille)</strong></span> <span class='ocrx_word' id='word_1_57' title='bbox 2050 934 2138 988; x_wconf 92' lang='lat' dir='ltr'><strong>ne</strong></span> <span class='ocrx_word' id='word_1_58' title='bbox 2173 915 2267 987; x_wconf 90' lang='lat' dir='ltr'><strong>ad</strong></span> <span class='ocrx_word' id='word_1_59' title='bbox 2305 934 2429 986; x_wconf 87' lang='lat' dir='ltr'><strong>vos</strong></span> <span class='ocrx_word' id='word_1_60' title='bbox 2461 915 2986 1001; x_wconf 80' lang='lat' dir='ltr'><strong>contenderem,</strong></span> <span class='ocrx_word' id='word_1_61' title='bbox 3022 930 3137 984; x_wconf 91' lang='lat' dir='ltr'><strong>re·</strong></span> 
     </span>
     <span class='ocr_line' id='line_1_8' title="bbox 514 1021 3131 1113; baseline 0.003 -32"><span class='ocrx_word' id='word_1_62' title='bbox 514 1044 549 1081; x_wconf 77' lang='lat'><strong>»</strong></span> <span class='ocrx_word' id='word_1_63' title='bbox 590 1021 855 1109; x_wconf 82' lang='lat' dir='ltr'><strong>giarnm</strong></span> <span class='ocrx_word' id='word_1_64' title='bbox 898 1022 1251 1091; x_wconf 83' lang='lat' dir='ltr'><strong>literarum</strong></span> <span class='ocrx_word' id='word_1_65' title='bbox 1292 1023 1569 1094; x_wconf 85' lang='lat' dir='ltr'><strong>vincula</strong></span> <span class='ocrx_word' id='word_1_66' title='bbox 1606 1028 2079 1109; x_wconf 84' lang='lat' dir='ltr'><strong>retinuerunt,</strong></span> <span class='ocrx_word' id='word_1_67' title='bbox 2122 1026 2720 1113; x_wconf 77' lang='lat' dir='ltr'><strong>quemadmodum</strong></span> <span class='ocrx_word' id='word_1_68' title='bbox 2754 1033 2826 1097; x_wconf 89' lang='lat' dir='ltr'><strong>et</strong></span> <span class='ocrx_word' id='word_1_69' title='bbox 2863 1025 3063 1096; x_wconf 82' lang='lat' dir='ltr'><strong>alios.</strong></span> <span class='ocrx_word' id='word_1_70' title='bbox 3093 1049 3131 1090; x_wconf 80' lang='lat'><strong>»</strong></span> 
     </span>
    </p>
   </div>
   <div class='ocr_carea' id='block_1_3' title="bbox 663 1128 3275 1224">
    <p class='ocr_par' dir='ltr' id='par_1_3' title="bbox 663 1128 3275 1224">
     <span class='ocr_line' id='line_1_9' title="bbox 663 1128 3275 1224; baseline 0.001 -24"><span class='ocrx_word' id='word_1_71' title='bbox 663 1132 777 1203; x_wconf 88' lang='grc'><strong>16.</strong></span> <span class='ocrx_word' id='word_1_72' title='bbox 837 1128 1139 1223; x_wconf 88' lang='lat' dir='ltr'><strong>Legatur</strong></span> <span class='ocrx_word' id='word_1_73' title='bbox 1212 1133 1510 1224; x_wconf 89' lang='lat' dir='ltr'><strong>epistola</strong></span> <span class='ocrx_word' id='word_1_74' title='bbox 1585 1133 1764 1203; x_wconf 70' lang='lat' dir='ltr'><strong>Aviti</strong></span> <span class='ocrx_word' id='word_1_75' title='bbox 1819 1129 2241 1206; x_wconf 86' lang='lat' dir='ltr'><strong>Viennensis</strong></span> <span class='ocrx_word' id='word_1_76' title='bbox 2315 1135 2405 1207; x_wconf 89' lang='lat' dir='ltr'><strong>ad</strong></span> <span class='ocrx_word' id='word_1_77' title='bbox 2467 1134 2665 1208; x_wconf 87' lang='lat' dir='ltr'><strong>urbis</strong></span> <span class='ocrx_word' id='word_1_78' title='bbox 2740 1141 3130 1206; x_wconf 86' lang='lat' dir='ltr'><strong>senatorem</strong></span> <span class='ocrx_word' id='word_1_79' title='bbox 3257 1130 3275 1143; x_wconf 84' lang='grc'><strong><em>’</em></strong></span> 
     </span>
    </p>
   </div>
   <div class='ocr_carea' id='block_1_4' title="bbox 510 1240 3200 4668">
    <p class='ocr_par' dir='ltr' id='par_1_4' title="bbox 512 1240 3137 1997">
     <span class='ocr_line' id='line_1_10' title="bbox 514 1240 3136 1339; baseline 0 -25"><span class='ocrx_word' id='word_1_80' title='bbox 514 1261 631 1314; x_wconf 86' lang='lat' dir='ltr'><strong>an.</strong></span> <span class='ocrx_word' id='word_1_81' title='bbox 673 1244 841 1314; x_wconf 83' lang='lat'><strong>503.</strong></span> <span class='ocrx_word' id='word_1_82' title='bbox 887 1245 1267 1334; x_wconf 87' lang='lat' dir='ltr'><strong>perscripta</strong></span> <span class='ocrx_word' id='word_1_83' title='bbox 1307 1240 1512 1335; x_wconf 87' lang='lat' dir='ltr'><strong>(tom.</strong></span> <span class='ocrx_word' id='word_1_84' title='bbox 1543 1243 1619 1314; x_wconf 78' lang='lat'><strong>2.</strong></span> <span class='ocrx_word' id='word_1_85' title='bbox 1659 1244 1866 1317; x_wconf 80' lang='lat' dir='ltr'><strong>Cmc.</strong></span> <span class='ocrx_word' id='word_1_86' title='bbox 1904 1244 2015 1315; x_wconf 82' lang='lat' dir='ltr'><strong>ed.</strong></span> <span class='ocrx_word' id='word_1_87' title='bbox 2060 1246 2299 1318; x_wconf 80' lang='lat' dir='ltr'><strong>Poris.</strong></span> <span class='ocrx_word' id='word_1_88' title='bbox 2335 1243 2562 1339; x_wconf 66' lang='lat'><strong><em>1714)</em></strong></span> <span class='ocrx_word' id='word_1_89' title='bbox 2594 1255 2666 1317; x_wconf 91' lang='lat' dir='ltr'><strong>et</strong></span> <span class='ocrx_word' id='word_1_90' title='bbox 2699 1246 2918 1318; x_wconf 91' lang='lat' dir='ltr'><strong>altera</strong></span> <span class='ocrx_word' id='word_1_91' title='bbox 2952 1245 3136 1316; x_wconf 87' lang='lat' dir='ltr'><strong>eius-</strong></span> 
     </span>
     <span class='ocr_line' id='line_1_11' title="bbox 512 1349 3133 1451; baseline 0 -27"><span class='ocrx_word' id='word_1_92' title='bbox 512 1354 669 1425; x_wconf 88' lang='lat' dir='ltr'><strong>dem</strong></span> <span class='ocrx_word' id='word_1_93' title='bbox 723 1356 1045 1445; x_wconf 88' lang='lat' dir='ltr'><strong>epistola,</strong></span> <span class='ocrx_word' id='word_1_94' title='bbox 1102 1349 1315 1450; x_wconf 85' lang='lat' dir='ltr'><strong>(quoe</strong></span> <span class='ocrx_word' id='word_1_95' title='bbox 1358 1362 1460 1427; x_wconf 74' lang='lat' dir='ltr'><strong>est</strong></span> <span class='ocrx_word' id='word_1_96' title='bbox 1510 1375 1794 1425; x_wconf 67' lang='lat' dir='ltr'><strong>nurnero</strong></span> <span class='ocrx_word' id='word_1_97' title='bbox 1828 1354 1949 1427; x_wconf 82' lang='lat'><strong>36.</strong></span> <span class='ocrx_word' id='word_1_98' title='bbox 1991 1357 2065 1427; x_wconf 84' lang='lat' dir='ltr'><strong>in</strong></span> <span class='ocrx_word' id='word_1_99' title='bbox 2100 1357 2399 1429; x_wconf 79' lang='lat' dir='ltr'><strong>editione</strong></span> <span class='ocrx_word' id='word_1_100' title='bbox 2436 1354 2829 1451; x_wconf 77' lang='lat' dir='ltr'><strong>sirmondi)</strong></span> <span class='ocrx_word' id='word_1_101' title='bbox 2877 1358 3133 1445; x_wconf 89' lang='lat' dir='ltr'><strong>scripta</strong></span> 
     </span>
     <span class='ocr_line' id='line_1_12' title="bbox 514 1464 3137 1557; baseline 0.001 -25"><span class='ocrx_word' id='word_1_102' title='bbox 514 1466 725 1554; x_wconf 89' lang='lat' dir='ltr'><strong>paulo</strong></span> <span class='ocrx_word' id='word_1_103' title='bbox 775 1475 970 1553; x_wconf 89' lang='lat' dir='ltr'><strong>ante,</strong></span> <span class='ocrx_word' id='word_1_104' title='bbox 1028 1484 1282 1555; x_wconf 88' lang='lat' dir='ltr'><strong>nempe</strong></span> <span class='ocrx_word' id='word_1_105' title='bbox 1334 1485 1522 1536; x_wconf 91' lang='lat' dir='ltr'><strong>anno</strong></span> <span class='ocrx_word' id='word_1_106' title='bbox 1576 1466 1760 1551; x_wconf 75' lang='lat'><strong>4903</strong></span> <span class='ocrx_word' id='word_1_107' title='bbox 1835 1466 1954 1537; x_wconf 92' lang='lat' dir='ltr'><strong>ubi</strong></span> <span class='ocrx_word' id='word_1_108' title='bbox 2009 1466 2098 1538; x_wconf 90' lang='lat' dir='ltr'><strong>de</strong></span> <span class='ocrx_word' id='word_1_109' title='bbox 2147 1485 2224 1538; x_wconf 91' lang='lat' dir='ltr'><strong>se</strong></span> <span class='ocrx_word' id='word_1_110' title='bbox 2275 1467 2574 1557; x_wconf 90' lang='lat' dir='ltr'><strong>aliisque</strong></span> <span class='ocrx_word' id='word_1_111' title='bbox 2628 1464 2989 1557; x_wconf 88' lang='lat' dir='ltr'><strong>Episcopis</strong></span> <span class='ocrx_word' id='word_1_112' title='bbox 3037 1465 3137 1536; x_wconf 91' lang='lat' dir='ltr'><strong>lo-</strong></span> 
     </span>
     <span class='ocr_line' id='line_1_13' title="bbox 513 1572 3135 1667; baseline 0.002 -27"><span class='ocrx_word' id='word_1_113' title='bbox 513 1593 744 1664; x_wconf 86' lang='lat' dir='ltr'><strong>quens</strong></span> <span class='ocrx_word' id='word_1_114' title='bbox 794 1578 928 1648; x_wconf 87' lang='lat' dir='ltr'><strong>ait:</strong></span> <span class='ocrx_word' id='word_1_115' title='bbox 989 1597 1025 1640; x_wconf 84' lang='lat'><strong>‹</strong></span> <span class='ocrx_word' id='word_1_116' title='bbox 1080 1572 1285 1647; x_wconf 90' lang='lat' dir='ltr'><strong>Scitis</strong></span> <span class='ocrx_word' id='word_1_117' title='bbox 1319 1575 1763 1665; x_wconf 80' lang='lat' dir='ltr'><strong>synodalium</strong></span> <span class='ocrx_word' id='word_1_118' title='bbox 1802 1575 2032 1667; x_wconf 90' lang='lat' dir='ltr'><strong>legum</strong></span> <span class='ocrx_word' id='word_1_119' title='bbox 2072 1595 2253 1663; x_wconf 89' lang='lat' dir='ltr'><strong>esse,</strong></span> <span class='ocrx_word' id='word_1_120' title='bbox 2292 1586 2372 1648; x_wconf 90' lang='lat' dir='ltr'><strong>ut</strong></span> <span class='ocrx_word' id='word_1_121' title='bbox 2423 1579 2494 1647; x_wconf 92' lang='lat' dir='ltr'><strong>in</strong></span> <span class='ocrx_word' id='word_1_122' title='bbox 2546 1577 2785 1664; x_wconf 89' lang='lat' dir='ltr'><strong>rebus,</strong></span> <span class='ocrx_word' id='word_1_123' title='bbox 2826 1593 3012 1666; x_wconf 88' lang='lat' dir='ltr'><strong>quae</strong></span> <span class='ocrx_word' id='word_1_124' title='bbox 3044 1573 3135 1645; x_wconf 89' lang='lat' dir='ltr'><strong>ad</strong></span> 
     </span>
     <span class='ocr_line' id='line_1_14' title="bbox 518 1684 3131 1778; baseline 0 -24"><span class='ocrx_word' id='word_1_125' title='bbox 518 1712 552 1754; x_wconf 83' lang='lat'><strong>›</strong></span> <span class='ocrx_word' id='word_1_126' title='bbox 596 1684 945 1760; x_wconf 81' lang='lat' dir='ltr'><strong>Ecclesiae</strong></span> <span class='ocrx_word' id='word_1_127' title='bbox 997 1692 1258 1759; x_wconf 71' lang='lat' dir='ltr'><strong>sinum</strong></span> <span class='ocrx_word' id='word_1_128' title='bbox 1296 1688 1676 1778; x_wconf 90' lang='lat' dir='ltr'><strong>pertinent,</strong></span> <span class='ocrx_word' id='word_1_129' title='bbox 1718 1688 1778 1758; x_wconf 90' lang='lat' dir='ltr'><strong>si</strong></span> <span class='ocrx_word' id='word_1_130' title='bbox 1830 1688 2003 1776; x_wconf 90' lang='lat' dir='ltr'><strong>quid</strong></span> <span class='ocrx_word' id='word_1_131' title='bbox 2038 1688 2503 1760; x_wconf 86' lang='lat' dir='ltr'><strong>dubitationis</strong></span> <span class='ocrx_word' id='word_1_132' title='bbox 2539 1688 2748 1760; x_wconf 78' lang='lat' dir='ltr'><strong>fuerit</strong></span> <span class='ocrx_word' id='word_1_133' title='bbox 2785 1695 3131 1771; x_wconf 80' lang='lat' dir='ltr'><strong>exortum,</strong></span> 
     </span>
     <span class='ocr_line' id='line_1_15' title="bbox 517 1795 3137 1888; baseline -0 -21"><span class='ocrx_word' id='word_1_134' title='bbox 517 1826 553 1867; x_wconf 81' lang='lat'>›</span> <span class='ocrx_word' id='word_1_135' title='bbox 594 1801 680 1870; x_wconf 88' lang='lat' dir='ltr'><strong>ad</strong></span> <span class='ocrx_word' id='word_1_136' title='bbox 733 1796 1095 1869; x_wconf 81' lang='lat' dir='ltr'><strong>Romanae</strong></span> <span class='ocrx_word' id='word_1_137' title='bbox 1148 1795 1500 1869; x_wconf 76' lang='lat' dir='ltr'><strong>Ecclesiae</strong></span> <span class='ocrx_word' id='word_1_138' title='bbox 1554 1800 1933 1869; x_wconf 84' lang='lat' dir='ltr'><strong>maximum</strong></span> <span class='ocrx_word' id='word_1_139' title='bbox 1985 1799 2448 1887; x_wconf 88' lang='lat' dir='ltr'><strong>sacerdotem,</strong></span> <span class='ocrx_word' id='word_1_140' title='bbox 2505 1800 2710 1887; x_wconf 88' lang='lat' dir='ltr'><strong>quasi</strong></span> <span class='ocrx_word' id='word_1_141' title='bbox 2760 1796 2853 1869; x_wconf 90' lang='lat' dir='ltr'><strong>ad</strong></span> <span class='ocrx_word' id='word_1_142' title='bbox 2926 1800 3137 1888; x_wconf 85' lang='lat' dir='ltr'><strong>caput</strong></span> 
     </span>
     <span class='ocr_line' id='line_1_16' title="bbox 518 1907 2338 1997; baseline -0.001 -17"><span class='ocrx_word' id='word_1_143' title='bbox 518 1936 555 1980; x_wconf 82' lang='lat'><strong>»</strong></span> <span class='ocrx_word' id='word_1_144' title='bbox 600 1917 942 1996; x_wconf 86' lang='lat' dir='ltr'><strong>nostrum,</strong></span> <span class='ocrx_word' id='word_1_145' title='bbox 999 1907 1311 1978; x_wconf 89' lang='lat' dir='ltr'><strong>membra</strong></span> <span class='ocrx_word' id='word_1_146' title='bbox 1363 1911 1734 1997; x_wconf 83' lang='lat' dir='ltr'><strong>sequentia</strong></span> <span class='ocrx_word' id='word_1_147' title='bbox 1789 1925 2257 1981; x_wconf 87' lang='lat' dir='ltr'><strong>recurramus.</strong></span> <span class='ocrx_word' id='word_1_148' title='bbox 2300 1935 2338 1978; x_wconf 79' lang='lat'><strong>»</strong></span> 
     </span>
    </p>

    <p class='ocr_par' dir='ltr' id='par_1_5' title="bbox 510 2016 3200 4668">
     <span class='ocr_line' id='line_1_17' title="bbox 662 2016 3138 2110; baseline 0 -23"><span class='ocrx_word' id='word_1_149' title='bbox 662 2020 774 2090; x_wconf 89' lang='lat'><strong>17.</strong></span> <span class='ocrx_word' id='word_1_150' title='bbox 832 2018 1185 2109; x_wconf 78' lang='lat' dir='ltr'><strong>Singulari</strong></span> <span class='ocrx_word' id='word_1_151' title='bbox 1240 2019 1596 2089; x_wconf 85' lang='lat' dir='ltr'><strong>mentione</strong></span> <span class='ocrx_word' id='word_1_152' title='bbox 1648 2019 1937 2110; x_wconf 91' lang='lat' dir='ltr'><strong>dignum</strong></span> <span class='ocrx_word' id='word_1_153' title='bbox 1974 2020 2403 2091; x_wconf 85' lang='lat' dir='ltr'><strong>arbitramur</strong></span> <span class='ocrx_word' id='word_1_154' title='bbox 2437 2020 2734 2091; x_wconf 87' lang='lat' dir='ltr'><strong>alterum</strong></span> <span class='ocrx_word' id='word_1_155' title='bbox 2784 2016 3138 2109; x_wconf 87' lang='lat' dir='ltr'><strong>pretiosis-</strong></span> 
     </span>
     <span class='ocr_line' id='line_1_18' title="bbox 515 2128 3133 2219; baseline -0.003 -16"><span class='ocrx_word' id='word_1_156' title='bbox 515 2133 768 2203; x_wconf 89' lang='lat' dir='ltr'><strong>simum</strong></span> <span class='ocrx_word' id='word_1_157' title='bbox 822 2130 1346 2214; x_wconf 85' lang='lat' dir='ltr'><strong>documentum,</strong></span> <span class='ocrx_word' id='word_1_158' title='bbox 1403 2129 1591 2218; x_wconf 89' lang='lat' dir='ltr'><strong>quod</strong></span> <span class='ocrx_word' id='word_1_159' title='bbox 1644 2132 1899 2219; x_wconf 91' lang='lat' dir='ltr'><strong>cuique</strong></span> <span class='ocrx_word' id='word_1_160' title='bbox 1951 2131 2238 2201; x_wconf 88' lang='lat' dir='ltr'><strong>obvium</strong></span> <span class='ocrx_word' id='word_1_161' title='bbox 2287 2148 2442 2202; x_wconf 91' lang='lat' dir='ltr'><strong>esse</strong></span> <span class='ocrx_word' id='word_1_162' title='bbox 2493 2136 2750 2219; x_wconf 87' lang='lat' dir='ltr'><strong>potest,</strong></span> <span class='ocrx_word' id='word_1_163' title='bbox 2805 2128 3133 2199; x_wconf 89' lang='lat' dir='ltr'><strong>nimirum</strong></span> 
     </span>
     <span class='ocr_line' id='line_1_19' title="bbox 516 2234 3136 2331; baseline -0.002 -18"><span class='ocrx_word' id='word_1_164' title='bbox 516 2239 962 2331; x_wconf 80' lang='lat' dir='ltr'><strong>Imperatoris</strong></span> <span class='ocrx_word' id='word_1_165' title='bbox 1018 2234 1393 2310; x_wconf 81' lang='lat' dir='ltr'><strong>iustiniani</strong></span> <span class='ocrx_word' id='word_1_166' title='bbox 1448 2241 1516 2310; x_wconf 92' lang='lat' dir='ltr'><strong>in</strong></span> <span class='ocrx_word' id='word_1_167' title='bbox 1571 2241 1653 2311; x_wconf 90' lang='lat' dir='ltr'><strong>L.</strong></span> <span class='ocrx_word' id='word_1_168' title='bbox 1697 2241 1765 2312; x_wconf 85' lang='lat'><strong>7.</strong></span> <span class='ocrx_word' id='word_1_169' title='bbox 1822 2248 1886 2312; x_wconf 87' lang='lat' dir='ltr'><strong>et</strong></span> <span class='ocrx_word' id='word_1_170' title='bbox 1937 2240 2008 2314; x_wconf 83' lang='lat'><strong>8.</strong></span> <span class='ocrx_word' id='word_1_171' title='bbox 2066 2241 2231 2315; x_wconf 70' lang='lat' dir='ltr'><strong>Coei.</strong></span> <span class='ocrx_word' id='word_1_172' title='bbox 2272 2242 2354 2313; x_wconf 82' lang='lat' dir='ltr'><strong>de</strong></span> <span class='ocrx_word' id='word_1_173' title='bbox 2388 2261 2638 2313; x_wconf 83' lang='lat' dir='ltr'><strong>summ.</strong></span> <span class='ocrx_word' id='word_1_174' title='bbox 2687 2241 2883 2311; x_wconf 84' lang='lat' dir='ltr'><strong>Trin.</strong></span> <span class='ocrx_word' id='word_1_175' title='bbox 2940 2234 3136 2310; x_wconf 89' lang='lat' dir='ltr'><strong>Idem</strong></span> 
     </span>
     <span class='ocr_line' id='line_1_20' title="bbox 520 2347 3142 2445; baseline -0.003 -22"><span class='ocrx_word' id='word_1_176' title='bbox 520 2373 720 2445; x_wconf 87' lang='lat' dir='ltr'><strong>porro</strong></span> <span class='ocrx_word' id='word_1_177' title='bbox 790 2353 1095 2423; x_wconf 85' lang='lat' dir='ltr'><strong>edictum</strong></span> <span class='ocrx_word' id='word_1_178' title='bbox 1167 2352 1734 2440; x_wconf 81' lang='lat' dir='ltr'><strong>promulgaverat</strong></span> <span class='ocrx_word' id='word_1_179' title='bbox 1800 2361 2046 2424; x_wconf 87' lang='lat' dir='ltr'><strong>contra</strong></span> <span class='ocrx_word' id='word_1_180' title='bbox 2116 2352 2492 2441; x_wconf 90' lang='lat' dir='ltr'><strong>quosdam,</strong></span> <span class='ocrx_word' id='word_1_181' title='bbox 2542 2352 2663 2441; x_wconf 91' lang='lat' dir='ltr'><strong>qui</strong></span> <span class='ocrx_word' id='word_1_182' title='bbox 2717 2347 3013 2422; x_wconf 88' lang='lat' dir='ltr'><strong>Nestorii</strong></span> <span class='ocrx_word' id='word_1_183' title='bbox 3069 2351 3142 2417; x_wconf 89' lang='lat' dir='ltr'><strong>et</strong></span> 
     </span>
     <span class='ocr_line' id='line_1_21' title="bbox 516 2456 3141 2554; baseline -0.003 -20"><span class='ocrx_word' id='word_1_184' title='bbox 516 2462 921 2554; x_wconf 78' lang='lat' dir='ltr'><strong>Eutycbctis</strong></span> <span class='ocrx_word' id='word_1_185' title='bbox 973 2462 1317 2532; x_wconf 87' lang='lat' dir='ltr'><strong>baeresim</strong></span> <span class='ocrx_word' id='word_1_186' title='bbox 1355 2464 1574 2533; x_wconf 87' lang='lat' dir='ltr'><strong>secuti</strong></span> <span class='ocrx_word' id='word_1_187' title='bbox 1628 2461 1949 2534; x_wconf 79' lang='lat' dir='ltr'><strong>fuerant:</strong></span> <span class='ocrx_word' id='word_1_188' title='bbox 2008 2461 2221 2534; x_wconf 91' lang='lat' dir='ltr'><strong>huius</strong></span> <span class='ocrx_word' id='word_1_189' title='bbox 2275 2465 2522 2551; x_wconf 87' lang='lat' dir='ltr'><strong>itaque</strong></span> <span class='ocrx_word' id='word_1_190' title='bbox 2550 2463 2645 2533; x_wconf 93' lang='lat' dir='ltr'><strong>rei</strong></span> <span class='ocrx_word' id='word_1_191' title='bbox 2685 2462 2871 2533; x_wconf 90' lang='lat' dir='ltr'><strong>idem</strong></span> <span class='ocrx_word' id='word_1_192' title='bbox 2910 2456 3141 2548; x_wconf 89' lang='lat' dir='ltr'><strong>Impe-</strong></span> 
     </span>
     <span class='ocr_line' id='line_1_22' title="bbox 515 2568 3138 2668; baseline -0.003 -21"><span class='ocrx_word' id='word_1_193' title='bbox 515 2583 702 2647; x_wconf 83' lang='lat' dir='ltr'><strong>rator</strong></span> <span class='ocrx_word' id='word_1_194' title='bbox 727 2570 850 2668; x_wconf 89' lang='lat' dir='ltr'><strong>(L.</strong></span> <span class='ocrx_word' id='word_1_195' title='bbox 878 2572 919 2645; x_wconf 83' lang='lat'>7</span> <span class='ocrx_word' id='word_1_196' title='bbox 933 2630 942 2640; x_wconf 93' lang='lat'><strong>.</strong></span> <span class='ocrx_word' id='word_1_197' title='bbox 974 2572 1024 2642; x_wconf 86' lang='lat' dir='ltr'><strong>l.</strong></span> <span class='ocrx_word' id='word_1_198' title='bbox 1048 2568 1156 2668; x_wconf 86' lang='lat' dir='ltr'><strong>c.)</strong></span> <span class='ocrx_word' id='word_1_199' title='bbox 1194 2573 1557 2644; x_wconf 87' lang='lat' dir='ltr'><strong>certiorem</strong></span> <span class='ocrx_word' id='word_1_200' title='bbox 1588 2570 1753 2646; x_wconf 82' lang='lat' dir='ltr'><strong>facit</strong></span> <span class='ocrx_word' id='word_1_201' title='bbox 1782 2570 2635 2666; x_wconf 77' lang='lat' dir='ltr'><strong>constantinopolitanum</strong></span> <span class='ocrx_word' id='word_1_202' title='bbox 2666 2569 3138 2643; x_wconf 88' lang='lat' dir='ltr'><strong>Patriarcham</strong></span> 
     </span>
     <span class='ocr_line' id='line_1_23' title="bbox 516 2680 3138 2776; baseline -0.004 -17"><span class='ocrx_word' id='word_1_203' title='bbox 516 2689 721 2775; x_wconf 91' lang='lat' dir='ltr'><strong>eique</strong></span> <span class='ocrx_word' id='word_1_204' title='bbox 761 2686 1067 2771; x_wconf 89' lang='lat' dir='ltr'><strong>nuntiat,</strong></span> <span class='ocrx_word' id='word_1_205' title='bbox 1108 2685 1369 2756; x_wconf 87' lang='lat' dir='ltr'><strong>similes</strong></span> <span class='ocrx_word' id='word_1_206' title='bbox 1396 2684 1641 2755; x_wconf 88' lang='lat' dir='ltr'><strong>eadem</strong></span> <span class='ocrx_word' id='word_1_207' title='bbox 1672 2686 1759 2756; x_wconf 89' lang='lat' dir='ltr'><strong>de</strong></span> <span class='ocrx_word' id='word_1_208' title='bbox 1787 2704 1859 2756; x_wconf 88' lang='lat' dir='ltr'><strong>re</strong></span> <span class='ocrx_word' id='word_1_209' title='bbox 1897 2685 2135 2756; x_wconf 85' lang='lat' dir='ltr'><strong>literas</strong></span> <span class='ocrx_word' id='word_1_210' title='bbox 2169 2687 2262 2756; x_wconf 90' lang='lat' dir='ltr'><strong>ad</strong></span> <span class='ocrx_word' id='word_1_211' title='bbox 2298 2687 2527 2776; x_wconf 88' lang='lat' dir='ltr'><strong>ipsum</strong></span> <span class='ocrx_word' id='word_1_212' title='bbox 2557 2683 2846 2755; x_wconf 78' lang='lat' dir='ltr'><strong>SSr‘iium</strong></span> <span class='ocrx_word' id='word_1_213' title='bbox 2877 2680 3138 2771; x_wconf 87' lang='lat' dir='ltr'><strong>Papam</strong></span> 
     </span>
     <span class='ocr_line' id='line_1_24' title="bbox 518 2790 3141 2888; baseline -0.002 -24"><span class='ocrx_word' id='word_1_214' title='bbox 518 2798 766 2868; x_wconf 86' lang='lat' dir='ltr'><strong>veteris</strong></span> <span class='ocrx_word' id='word_1_215' title='bbox 810 2794 1069 2866; x_wconf 85' lang='lat' dir='ltr'><strong>Romae</strong></span> <span class='ocrx_word' id='word_1_216' title='bbox 1104 2814 1257 2866; x_wconf 91' lang='lat' dir='ltr'><strong>sese</strong></span> <span class='ocrx_word' id='word_1_217' title='bbox 1297 2796 1808 2888; x_wconf 80' lang='lat' dir='ltr'><strong>perscripsisse.</strong></span> <span class='ocrx_word' id='word_1_218' title='bbox 1871 2817 1907 2860; x_wconf 88' lang='lat'><strong>‹</strong></span> <span class='ocrx_word' id='word_1_219' title='bbox 1938 2793 2182 2885; x_wconf 85' lang='lat' dir='ltr'><strong>Neque</strong></span> <span class='ocrx_word' id='word_1_220' title='bbox 2234 2798 2449 2882; x_wconf 89' lang='lat' dir='ltr'><strong>enim,</strong></span> <span class='ocrx_word' id='word_1_221' title='bbox 2498 2792 2681 2888; x_wconf 92' lang='lat' dir='ltr'><strong>(ipse</strong></span> <span class='ocrx_word' id='word_1_222' title='bbox 2719 2790 2979 2886; x_wconf 90' lang='lat' dir='ltr'><strong>inquit)</strong></span> <span class='ocrx_word' id='word_1_223' title='bbox 3018 2809 3141 2881; x_wconf 90' lang='lat' dir='ltr'><strong>pa-</strong></span> 
     </span>
     <span class='ocr_line' id='line_1_25' title="bbox 521 2906 3145 2997; baseline -0.001 -22"><span class='ocrx_word' id='word_1_224' title='bbox 521 2935 555 2975; x_wconf 79' lang='lat'><strong>»</strong></span> <span class='ocrx_word' id='word_1_225' title='bbox 599 2912 833 2996; x_wconf 79' lang='lat' dir='ltr'><strong>timor,</strong></span> <span class='ocrx_word' id='word_1_226' title='bbox 877 2913 955 2978; x_wconf 89' lang='lat' dir='ltr'><strong>ut</strong></span> <span class='ocrx_word' id='word_1_227' title='bbox 1005 2907 1395 2996; x_wconf 85' lang='lat' dir='ltr'><strong>quidquam</strong></span> <span class='ocrx_word' id='word_1_228' title='bbox 1447 2923 1713 2994; x_wconf 90' lang='lat' dir='ltr'><strong>eorum,</strong></span> <span class='ocrx_word' id='word_1_229' title='bbox 1772 2925 1955 2996; x_wconf 89' lang='lat' dir='ltr'><strong>quae</strong></span> <span class='ocrx_word' id='word_1_230' title='bbox 2006 2906 2098 2977; x_wconf 90' lang='lat' dir='ltr'><strong>ad</strong></span> <span class='ocrx_word' id='word_1_231' title='bbox 2149 2907 2599 2978; x_wconf 88' lang='lat' dir='ltr'><strong>ecclesiarum</strong></span> <span class='ocrx_word' id='word_1_232' title='bbox 2638 2911 2961 2997; x_wconf 90' lang='lat' dir='ltr'><strong>spectant</strong></span> <span class='ocrx_word' id='word_1_233' title='bbox 2997 2911 3145 2974; x_wconf 90' lang='lat' dir='ltr'><strong>sta-</strong></span> 
     </span>
     <span class='ocr_line' id='line_1_26' title="bbox 521 3019 3136 3109; baseline -0.002 -18"><span class='ocrx_word' id='word_1_234' title='bbox 521 3049 554 3091; x_wconf 69' lang='lat'><em>&gt;</em></span> <span class='ocrx_word' id='word_1_235' title='bbox 602 3030 773 3107; x_wconf 88' lang='lat' dir='ltr'><strong>tum,</strong></span> <span class='ocrx_word' id='word_1_236' title='bbox 815 3039 953 3091; x_wconf 93' lang='lat' dir='ltr'><strong>non</strong></span> <span class='ocrx_word' id='word_1_237' title='bbox 1006 3020 1093 3090; x_wconf 91' lang='lat' dir='ltr'><strong>ad</strong></span> <span class='ocrx_word' id='word_1_238' title='bbox 1146 3020 1456 3092; x_wconf 87' lang='lat' dir='ltr'><strong>eiusdem</strong></span> <span class='ocrx_word' id='word_1_239' title='bbox 1509 3020 1853 3093; x_wconf 81' lang='lat' dir='ltr'><strong>referatur</strong></span> <span class='ocrx_word' id='word_1_240' title='bbox 1901 3019 2442 3107; x_wconf 87' lang='lat' dir='ltr'><strong>beatitudinem,</strong></span> <span class='ocrx_word' id='word_1_241' title='bbox 2483 3037 2642 3092; x_wconf 91' lang='lat' dir='ltr'><strong>cum</strong></span> <span class='ocrx_word' id='word_1_242' title='bbox 2677 3038 2759 3091; x_wconf 90' lang='lat' dir='ltr'><strong>ea</strong></span> <span class='ocrx_word' id='word_1_243' title='bbox 2796 3019 2887 3089; x_wconf 89' lang='lat' dir='ltr'><strong>sit</strong></span> <span class='ocrx_word' id='word_1_244' title='bbox 2923 3023 3136 3109; x_wconf 90' lang='lat' dir='ltr'><strong>caput</strong></span> 
     </span>
     <span class='ocr_line' id='line_1_27' title="bbox 520 3127 3135 3219; baseline -0.002 -16"><span class='ocrx_word' id='word_1_245' title='bbox 520 3162 553 3203; x_wconf 84' lang='lat'>›</span> <span class='ocrx_word' id='word_1_246' title='bbox 597 3133 907 3203; x_wconf 88' lang='lat' dir='ltr'><strong>omnium</strong></span> <span class='ocrx_word' id='word_1_247' title='bbox 944 3133 1540 3204; x_wconf 88' lang='lat' dir='ltr'><strong>sanctissimorum</strong></span> <span class='ocrx_word' id='word_1_248' title='bbox 1594 3129 1713 3203; x_wconf 94' lang='lat' dir='ltr'><strong>Dei</strong></span> <span class='ocrx_word' id='word_1_249' title='bbox 1767 3132 2237 3219; x_wconf 84' lang='lat' dir='ltr'><strong>sacerdotum,</strong></span> <span class='ocrx_word' id='word_1_250' title='bbox 2278 3131 2385 3203; x_wconf 90' lang='lat' dir='ltr'><strong>vel</strong></span> <span class='ocrx_word' id='word_1_251' title='bbox 2439 3149 2520 3202; x_wconf 92' lang='lat' dir='ltr'><strong>eo</strong></span> <span class='ocrx_word' id='word_1_252' title='bbox 2568 3132 2865 3202; x_wconf 78' lang='lat' dir='ltr'><strong>maxime</strong></span> <span class='ocrx_word' id='word_1_253' title='bbox 2918 3127 3135 3217; x_wconf 89' lang='lat' dir='ltr'><strong>quod,</strong></span> 
     </span>
     <span class='ocr_line' id='line_1_28' title="bbox 520 3236 3138 3338; baseline -0.002 -25"><span class='ocrx_word' id='word_1_254' title='bbox 520 3273 554 3313; x_wconf 80' lang='lat'><strong>»</strong></span> <span class='ocrx_word' id='word_1_255' title='bbox 598 3246 869 3334; x_wconf 68' lang='lat' dir='ltr'><strong>quoties</strong></span> <span class='ocrx_word' id='word_1_256' title='bbox 905 3244 976 3313; x_wconf 93' lang='lat' dir='ltr'><strong>in</strong></span> <span class='ocrx_word' id='word_1_257' title='bbox 1012 3243 1114 3314; x_wconf 92' lang='lat' dir='ltr'><strong>eis</strong></span> <span class='ocrx_word' id='word_1_258' title='bbox 1151 3236 1386 3338; x_wconf 87' lang='lat' dir='ltr'><strong>(locis)</strong></span> <span class='ocrx_word' id='word_1_259' title='bbox 1437 3242 1767 3313; x_wconf 89' lang='lat' dir='ltr'><strong>haeretici</strong></span> <span class='ocrx_word' id='word_1_260' title='bbox 1823 3242 2290 3333; x_wconf 90' lang='lat' dir='ltr'><strong>pullularunt,</strong></span> <span class='ocrx_word' id='word_1_261' title='bbox 2339 3249 2409 3313; x_wconf 92' lang='lat' dir='ltr'><strong>et</strong></span> <span class='ocrx_word' id='word_1_262' title='bbox 2459 3242 2811 3314; x_wconf 87' lang='lat' dir='ltr'><strong>sententia</strong></span> <span class='ocrx_word' id='word_1_263' title='bbox 2846 3244 2919 3311; x_wconf 88' lang='lat' dir='ltr'><strong>et</strong></span> <span class='ocrx_word' id='word_1_264' title='bbox 2951 3244 3138 3310; x_wconf 90' lang='lat' dir='ltr'><strong>recto</strong></span> 
     </span>
     <span class='ocr_line' id='line_1_29' title="bbox 520 3352 3137 3441; baseline 0 -20"><span class='ocrx_word' id='word_1_265' title='bbox 520 3381 553 3421; x_wconf 82' lang='lat'>›</span> <span class='ocrx_word' id='word_1_266' title='bbox 598 3355 851 3424; x_wconf 87' lang='lat' dir='ltr'><strong>indicio</strong></span> <span class='ocrx_word' id='word_1_267' title='bbox 914 3354 1102 3423; x_wconf 88' lang='lat' dir='ltr'><strong>illius</strong></span> <span class='ocrx_word' id='word_1_268' title='bbox 1154 3352 1573 3424; x_wconf 88' lang='lat' dir='ltr'><strong>venerabilis</strong></span> <span class='ocrx_word' id='word_1_269' title='bbox 1625 3354 1825 3424; x_wconf 93' lang='lat' dir='ltr'><strong>Sedis</strong></span> <span class='ocrx_word' id='word_1_270' title='bbox 1893 3354 2176 3426; x_wconf 87' lang='lat' dir='ltr'><strong>coerciti</strong></span> <span class='ocrx_word' id='word_1_271' title='bbox 2236 3361 2431 3425; x_wconf 86' lang='lat' dir='ltr'><strong>sunt.</strong></span> <span class='ocrx_word' id='word_1_272' title='bbox 2475 3378 2512 3422; x_wconf 83' lang='lat'>›</span> <span class='ocrx_word' id='word_1_273' title='bbox 2578 3352 2915 3441; x_wconf 87' lang='lat' dir='ltr'><strong>Sequenti</strong></span> <span class='ocrx_word' id='word_1_274' title='bbox 2975 3366 3137 3421; x_wconf 83' lang='lat' dir='ltr'><strong>vero</strong></span> 
     </span>
     <span class='ocr_line' id='line_1_30' title="bbox 514 3456 3140 3555; baseline -0.003 -18"><span class='ocrx_word' id='word_1_275' title='bbox 514 3467 596 3537; x_wconf 91' lang='lat' dir='ltr'><strong>L.</strong></span> <span class='ocrx_word' id='word_1_276' title='bbox 630 3465 701 3537; x_wconf 88' lang='grc'><strong>8.</strong></span> <span class='ocrx_word' id='word_1_277' title='bbox 736 3465 865 3534; x_wconf 82' lang='lat' dir='ltr'><strong>loc.</strong></span> <span class='ocrx_word' id='word_1_278' title='bbox 898 3465 1018 3534; x_wconf 82' lang='lat' dir='ltr'><strong>cit.</strong></span> <span class='ocrx_word' id='word_1_279' title='bbox 1059 3462 1355 3535; x_wconf 81' lang='lat' dir='ltr'><strong>retertur</strong></span> <span class='ocrx_word' id='word_1_280' title='bbox 1382 3462 1674 3552; x_wconf 87' lang='lat' dir='ltr'><strong>epistola</strong></span> <span class='ocrx_word' id='word_1_281' title='bbox 1711 3463 1802 3534; x_wconf 92' lang='lat' dir='ltr'><strong>ab</strong></span> <span class='ocrx_word' id='word_1_282' title='bbox 1840 3464 2087 3535; x_wconf 88' lang='lat' dir='ltr'><strong>eodem</strong></span> <span class='ocrx_word' id='word_1_283' title='bbox 2115 3460 2546 3555; x_wconf 89' lang='lat' dir='ltr'><strong>Imperatore</strong></span> <span class='ocrx_word' id='word_1_284' title='bbox 2582 3460 2655 3533; x_wconf 91' lang='lat' dir='ltr'><strong>S.</strong></span> <span class='ocrx_word' id='word_1_285' title='bbox 2679 3459 2931 3533; x_wconf 91' lang='lat' dir='ltr'><strong>loanni</strong></span> <span class='ocrx_word' id='word_1_286' title='bbox 2959 3456 3140 3530; x_wconf 89' lang='lat' dir='ltr'><strong>Pon-</strong></span> 
     </span>
     <span class='ocr_line' id='line_1_31' title="bbox 516 3551 3136 3666; baseline -0.001 -20"><span class='ocrx_word' id='word_1_287' title='bbox 516 3551 1039 3647; x_wconf 63' lang='lat' dir='ltr'><strong>tilicfllmnano</strong></span> <span class='ocrx_word' id='word_1_288' title='bbox 1078 3575 1498 3662; x_wconf 88' lang='lat' dir='ltr'><strong>conscripta,</strong></span> <span class='ocrx_word' id='word_1_289' title='bbox 1533 3574 1604 3643; x_wconf 90' lang='lat' dir='ltr'><strong>in</strong></span> <span class='ocrx_word' id='word_1_290' title='bbox 1634 3591 1774 3664; x_wconf 92' lang='lat' dir='ltr'><strong>qua</strong></span> <span class='ocrx_word' id='word_1_291' title='bbox 1812 3576 1921 3645; x_wconf 89' lang='lat' dir='ltr'><strong>vel</strong></span> <span class='ocrx_word' id='word_1_292' title='bbox 1951 3577 2119 3666; x_wconf 91' lang='lat' dir='ltr'><strong>ipsis</strong></span> <span class='ocrx_word' id='word_1_293' title='bbox 2147 3575 2289 3664; x_wconf 80' lang='lat' dir='ltr'><strong>lere</strong></span> <span class='ocrx_word' id='word_1_294' title='bbox 2321 3574 2552 3646; x_wconf 88' lang='lat' dir='ltr'><strong>verbis</strong></span> <span class='ocrx_word' id='word_1_295' title='bbox 2577 3592 2718 3645; x_wconf 86' lang='lat' dir='ltr'><strong>una</strong></span> <span class='ocrx_word' id='word_1_296' title='bbox 2745 3571 3136 3660; x_wconf 86' lang='lat' dir='ltr'><strong>eademque</strong></span> 
     </span>
     <span class='ocr_line' id='line_1_32' title="bbox 515 3683 3139 3783; baseline -0.001 -27"><span class='ocrx_word' id='word_1_297' title='bbox 515 3689 867 3783; x_wconf 78' lang='lat' dir='ltr'><strong>sententia</strong></span> <span class='ocrx_word' id='word_1_298' title='bbox 899 3686 1311 3776; x_wconf 78' lang='lat' dir='ltr'><strong>exprimitur</strong></span> <span class='ocrx_word' id='word_1_299' title='bbox 1338 3687 1424 3757; x_wconf 89' lang='lat' dir='ltr'><strong>de</strong></span> <span class='ocrx_word' id='word_1_300' title='bbox 1457 3687 1871 3758; x_wconf 85' lang='lat' dir='ltr'><strong>necessitate</strong></span> <span class='ocrx_word' id='word_1_301' title='bbox 1900 3686 2247 3760; x_wconf 74' lang='lat' dir='ltr'><strong>referendi</strong></span> <span class='ocrx_word' id='word_1_302' title='bbox 2277 3685 2594 3759; x_wconf 87' lang='lat' dir='ltr'><strong>Romano</strong></span> <span class='ocrx_word' id='word_1_303' title='bbox 2623 3683 2939 3757; x_wconf 85' lang='lat' dir='ltr'><strong>Pontifici</strong></span> <span class='ocrx_word' id='word_1_304' title='bbox 2967 3701 3139 3755; x_wconf 90' lang='lat' dir='ltr'><strong>cun-</strong></span> 
     </span>
     <span class='ocr_line' id='line_1_33' title="bbox 516 3793 3137 3887; baseline -0.002 -19"><span class='ocrx_word' id='word_1_305' title='bbox 516 3806 653 3884; x_wconf 86' lang='lat' dir='ltr'><strong>cta,</strong></span> <span class='ocrx_word' id='word_1_306' title='bbox 698 3817 880 3887; x_wconf 87' lang='lat' dir='ltr'><strong>quae</strong></span> <span class='ocrx_word' id='word_1_307' title='bbox 926 3799 1015 3869; x_wconf 89' lang='lat' dir='ltr'><strong>ad</strong></span> <span class='ocrx_word' id='word_1_308' title='bbox 1059 3797 1370 3867; x_wconf 89' lang='lat' dir='ltr'><strong>omnium</strong></span> <span class='ocrx_word' id='word_1_309' title='bbox 1423 3797 1873 3869; x_wconf 90' lang='lat' dir='ltr'><strong>ecclesiarum</strong></span> <span class='ocrx_word' id='word_1_310' title='bbox 1926 3807 2188 3872; x_wconf 90' lang='lat' dir='ltr'><strong>statum</strong></span> <span class='ocrx_word' id='word_1_311' title='bbox 2242 3801 2666 3872; x_wconf 88' lang='lat' dir='ltr'><strong>adtinerent.</strong></span> <span class='ocrx_word' id='word_1_312' title='bbox 2722 3793 2872 3877; x_wconf 87' lang='lat' dir='ltr'><strong>Qua</strong></span> <span class='ocrx_word' id='word_1_313' title='bbox 2923 3794 3012 3866; x_wconf 89' lang='lat' dir='ltr'><strong>de</strong></span> <span class='ocrx_word' id='word_1_314' title='bbox 3064 3810 3137 3864; x_wconf 90' lang='lat' dir='ltr'><strong>re</strong></span> 
     </span>
     <span class='ocr_line' id='line_1_34' title="bbox 516 3897 3200 4000; baseline -0.001 -24"><span class='ocrx_word' id='word_1_315' title='bbox 516 3904 818 3978; x_wconf 87' lang='lat' dir='ltr'><strong>Ioannes</strong></span> <span class='ocrx_word' id='word_1_316' title='bbox 874 3906 1231 3995; x_wconf 77' lang='lat' dir='ltr'><strong>Pontifex,</strong></span> <span class='ocrx_word' id='word_1_317' title='bbox 1292 3909 1466 3997; x_wconf 89' lang='lat' dir='ltr'><strong>grati</strong></span> <span class='ocrx_word' id='word_1_318' title='bbox 1522 3910 1735 3979; x_wconf 88' lang='lat' dir='ltr'><strong>animi</strong></span> <span class='ocrx_word' id='word_1_319' title='bbox 1790 3927 1996 4000; x_wconf 88' lang='lat' dir='ltr'><strong>ergo,</strong></span> <span class='ocrx_word' id='word_1_320' title='bbox 2055 3910 2292 3981; x_wconf 90' lang='lat' dir='ltr'><strong>literas</strong></span> <span class='ocrx_word' id='word_1_321' title='bbox 2343 3910 2533 3981; x_wconf 90' lang='lat' dir='ltr'><strong>omui</strong></span> <span class='ocrx_word' id='word_1_322' title='bbox 2587 3908 2796 3979; x_wconf 91' lang='lat' dir='ltr'><strong>laude</strong></span> <span class='ocrx_word' id='word_1_323' title='bbox 2846 3904 3140 3976; x_wconf 78' lang='lat' dir='ltr'><strong>refertas</strong></span> <span class='ocrx_word' id='word_1_324' title='bbox 3193 3897 3200 3906; x_wconf 83' lang='lat'>&#39;</span> 
     </span>
     <span class='ocr_line' id='line_1_35' title="bbox 516 4011 3145 4112; baseline -0.001 -24"><span class='ocrx_word' id='word_1_325' title='bbox 516 4015 910 4090; x_wconf 88' lang='lat' dir='ltr'><strong>Iustiniano</strong></span> <span class='ocrx_word' id='word_1_326' title='bbox 963 4018 1305 4104; x_wconf 87' lang='lat' dir='ltr'><strong>rescribit,</strong></span> <span class='ocrx_word' id='word_1_327' title='bbox 1348 4037 1525 4108; x_wconf 88' lang='lat' dir='ltr'><strong>quas</strong></span> <span class='ocrx_word' id='word_1_328' title='bbox 1577 4021 1821 4092; x_wconf 91' lang='lat' dir='ltr'><strong>eodem</strong></span> <span class='ocrx_word' id='word_1_329' title='bbox 1861 4020 2010 4092; x_wconf 91' lang='lat' dir='ltr'><strong>loco</strong></span> <span class='ocrx_word' id='word_1_330' title='bbox 2046 4021 2275 4112; x_wconf 88' lang='lat' dir='ltr'><strong>legere</strong></span> <span class='ocrx_word' id='word_1_331' title='bbox 2314 4022 2614 4110; x_wconf 88' lang='lat' dir='ltr'><strong>quisque</strong></span> <span class='ocrx_word' id='word_1_332' title='bbox 2649 4024 2907 4109; x_wconf 89' lang='lat' dir='ltr'><strong>potest.</strong></span> <span class='ocrx_word' id='word_1_333' title='bbox 2949 4011 3145 4086; x_wconf 92' lang='lat' dir='ltr'><strong>Inte·</strong></span> 
     </span>
     <span class='ocr_line' id='line_1_36' title="bbox 512 4127 3143 4221; baseline -0.001 -21"><span class='ocrx_word' id='word_1_334' title='bbox 512 4131 641 4200; x_wconf 87' lang='lat' dir='ltr'><strong>rim</strong></span> <span class='ocrx_word' id='word_1_335' title='bbox 680 4130 1028 4221; x_wconf 89' lang='lat' dir='ltr'><strong>benignus</strong></span> <span class='ocrx_word' id='word_1_336' title='bbox 1067 4132 1277 4202; x_wconf 84' lang='lat' dir='ltr'><strong>lector</strong></span> <span class='ocrx_word' id='word_1_337' title='bbox 1308 4131 1541 4200; x_wconf 91' lang='lat' dir='ltr'><strong>animo</strong></span> <span class='ocrx_word' id='word_1_338' title='bbox 1580 4132 1868 4221; x_wconf 86' lang='lat' dir='ltr'><strong>recolat,</strong></span> <span class='ocrx_word' id='word_1_339' title='bbox 1912 4139 2179 4221; x_wconf 88' lang='lat' dir='ltr'><strong>quanto</strong></span> <span class='ocrx_word' id='word_1_340' title='bbox 2216 4131 2458 4202; x_wconf 91' lang='lat' dir='ltr'><strong>maiori</strong></span> <span class='ocrx_word' id='word_1_341' title='bbox 2512 4129 2786 4200; x_wconf 91' lang='lat' dir='ltr'><strong>vinculo</strong></span> <span class='ocrx_word' id='word_1_342' title='bbox 2823 4127 3143 4200; x_wconf 87' lang='lat' dir='ltr'><strong>obstricti</strong></span> 
     </span>
     <span class='ocr_line' id='line_1_37' title="bbox 515 4238 3140 4331; baseline 0 -23"><span class='ocrx_word' id='word_1_343' title='bbox 515 4240 723 4311; x_wconf 69' lang='lat' dir='ltr'><strong>tuisse</strong></span> <span class='ocrx_word' id='word_1_344' title='bbox 754 4242 1030 4312; x_wconf 90' lang='lat' dir='ltr'><strong>dicendi</strong></span> <span class='ocrx_word' id='word_1_345' title='bbox 1058 4244 1200 4313; x_wconf 86' lang='lat' dir='ltr'><strong>sint</strong></span> <span class='ocrx_word' id='word_1_346' title='bbox 1230 4238 1580 4331; x_wconf 87' lang='lat' dir='ltr'><strong>Episcopi,</strong></span> <span class='ocrx_word' id='word_1_347' title='bbox 1615 4249 1691 4313; x_wconf 87' lang='lat' dir='ltr'><strong>ut</strong></span> <span class='ocrx_word' id='word_1_348' title='bbox 1719 4261 2008 4314; x_wconf 87' lang='lat' dir='ltr'><strong>suarum</strong></span> <span class='ocrx_word' id='word_1_349' title='bbox 2039 4242 2489 4315; x_wconf 89' lang='lat' dir='ltr'><strong>ecclesiarum</strong></span> <span class='ocrx_word' id='word_1_350' title='bbox 2521 4242 2827 4313; x_wconf 90' lang='lat' dir='ltr'><strong>rationes</strong></span> <span class='ocrx_word' id='word_1_351' title='bbox 2856 4238 3140 4312; x_wconf 88' lang='lat' dir='ltr'><strong>Summo</strong></span> 
     </span>
     <span class='ocr_line' id='line_1_38' title="bbox 512 4348 3142 4445; baseline -0.001 -22"><span class='ocrx_word' id='word_1_352' title='bbox 512 4352 827 4424; x_wconf 78' lang='lat' dir='ltr'><strong>Pontifici</strong></span> <span class='ocrx_word' id='word_1_353' title='bbox 882 4355 1313 4441; x_wconf 88' lang='lat' dir='ltr'><strong>renuntient,</strong></span> <span class='ocrx_word' id='word_1_354' title='bbox 1356 4352 1640 4443; x_wconf 89' lang='lat' dir='ltr'><strong>quando</strong></span> <span class='ocrx_word' id='word_1_355' title='bbox 1691 4358 1937 4426; x_wconf 88' lang='lat' dir='ltr'><strong>tantus</strong></span> <span class='ocrx_word' id='word_1_356' title='bbox 1987 4348 2405 4445; x_wconf 88' lang='lat' dir='ltr'><strong>Imperator,</strong></span> <span class='ocrx_word' id='word_1_357' title='bbox 2447 4351 2669 4423; x_wconf 91' lang='lat' dir='ltr'><strong>laicus</strong></span> <span class='ocrx_word' id='word_1_358' title='bbox 2717 4357 2985 4435; x_wconf 87' lang='lat' dir='ltr'><strong>tamen,</strong></span> <span class='ocrx_word' id='word_1_359' title='bbox 3039 4350 3142 4421; x_wconf 86' lang='lat' dir='ltr'><strong>ei-</strong></span> 
     </span>
     <span class='ocr_line' id='line_1_39' title="bbox 510 4458 3139 4550; baseline 0 -17"><span class='ocrx_word' id='word_1_360' title='bbox 510 4463 669 4533; x_wconf 88' lang='lat' dir='ltr'><strong>dem</strong></span> <span class='ocrx_word' id='word_1_361' title='bbox 722 4461 1091 4535; x_wconf 84' lang='lat' dir='ltr'><strong>Sanctitati</strong></span> <span class='ocrx_word' id='word_1_362' title='bbox 1148 4461 1328 4535; x_wconf 89' lang='lat' dir='ltr'><strong>Suae</strong></span> <span class='ocrx_word' id='word_1_363' title='bbox 1382 4483 1524 4535; x_wconf 92' lang='lat' dir='ltr'><strong>non</strong></span> <span class='ocrx_word' id='word_1_364' title='bbox 1573 4465 1801 4537; x_wconf 90' lang='lat' dir='ltr'><strong>solum</strong></span> <span class='ocrx_word' id='word_1_365' title='bbox 1841 4465 1928 4537; x_wconf 88' lang='lat' dir='ltr'><strong>de</strong></span> <span class='ocrx_word' id='word_1_366' title='bbox 1963 4465 2181 4537; x_wconf 89' lang='lat' dir='ltr'><strong>sacris</strong></span> <span class='ocrx_word' id='word_1_367' title='bbox 2216 4462 2427 4535; x_wconf 91' lang='lat' dir='ltr'><strong>rebus</strong></span> <span class='ocrx_word' id='word_1_368' title='bbox 2461 4460 2745 4550; x_wconf 82' lang='lat' dir='ltr'><strong>referre,</strong></span> <span class='ocrx_word' id='word_1_369' title='bbox 2785 4461 2913 4534; x_wconf 86' lang='lat' dir='ltr'><strong>sed</strong></span> <span class='ocrx_word' id='word_1_370' title='bbox 2945 4465 3015 4533; x_wconf 90' lang='lat' dir='ltr'><strong>et</strong></span> <span class='ocrx_word' id='word_1_371' title='bbox 3050 4458 3139 4534; x_wconf 85' lang='lat' dir='ltr'><strong>dc</strong></span> 
     </span>
     <span class='ocr_line' id='line_1_40' title="bbox 512 4571 2669 4668; baseline -0 -23"><span class='ocrx_word' id='word_1_372' title='bbox 512 4573 783 4646; x_wconf 85' lang='lat' dir='ltr'><strong>actibus</strong></span> <span class='ocrx_word' id='word_1_373' title='bbox 835 4575 980 4646; x_wconf 90' lang='lat' dir='ltr'><strong>suis</strong></span> <span class='ocrx_word' id='word_1_374' title='bbox 1031 4576 1372 4647; x_wconf 85' lang='lat' dir='ltr'><strong>rationem</strong></span> <span class='ocrx_word' id='word_1_375' title='bbox 1425 4575 1719 4647; x_wconf 89' lang='lat' dir='ltr'><strong>reddere</strong></span> <span class='ocrx_word' id='word_1_376' title='bbox 1774 4576 2096 4668; x_wconf 81' lang='lat' dir='ltr'><strong>religioni</strong></span> <span class='ocrx_word' id='word_1_377' title='bbox 2147 4574 2284 4647; x_wconf 91' lang='lat' dir='ltr'><strong>sibi</strong></span> <span class='ocrx_word' id='word_1_378' title='bbox 2336 4571 2669 4644; x_wconf 88' lang='lat' dir='ltr'><strong>ducebat.</strong></span> 
     </span>
    </p>
   </div>
   <div class='ocr_carea' id='block_1_5' title="bbox 2140 4711 2310 4730">
    <p class='ocr_par' dir='ltr' id='par_1_6' title="bbox 2140 4711 2310 4730">
     <span class='ocr_line' id='line_1_41' title="bbox 2140 4711 2310 4730; baseline 0 -6"><span class='ocrx_word' id='word_1_379' title='bbox 2140 4711 2310 4730; x_wconf 43' lang='grc' dir='ltr'>φ--ὓψ</span> 
     </span>
    </p>
   </div>
  </div>
 </body>
</html>
