3497 5235
603 280 680 343 40
1409 282 1483 342 De
1521 283 1824 343 visitatione
1864 283 2132 342 Sacrorum
2169 282 2431 343 Isininnn.

602 417 815 489 datus
864 414 1215 503 Pontifex,
1271 418 1481 509 eique
1532 426 1603 493 et
1653 418 2178 492 successoribus
2228 418 2382 491 eius
2432 423 2858 510 potestatem
2895 416 3062 490 fecit
3112 415 3243 489 ha-

564 527 823 600 bendi
870 528 1104 602 locum
1156 530 1231 601 in
1281 531 1804 621 praedictorum
1855 527 2342 603 Praelatorum
2391 528 2864 603 conventibus
2896 547 3025 602 seu
3076 547 3244 601 con-

604 642 1136 732 gregationibus
1168 660 1448 716 necnon
1484 660 1718 714 coram
1756 641 2144 730 assidendi,
2199 659 2344 713 non
2394 647 2638 714 tamen
2689 642 2764 713 in
2815 642 2921 713 eis
2971 639 3243 714 ferendi

606 753 1047 846 suffragium.
1088 751 1195 826 Ex
1248 774 1330 829 eo
1380 751 1918 827 Constitutionis
1967 754 2116 826 loco
2152 752 2339 827 clare
2391 754 2760 845 comperiri
2811 753 3092 842 nequit,
3149 770 3242 823 an

600 864 742 953 hic,
799 866 923 956 qui
974 862 1046 936 S.
1089 862 1627 958 congregationi
1696 884 1736 936 a
1788 866 2079 937 secretis
2139 872 2318 952 erat,
2381 865 2710 957 specialis
2757 863 3004 938 itidem
3057 873 3243 939 esset

599 976 919 1050 eiusdem
971 976 1318 1068 officialis,
1376 996 1470 1049 an
1521 994 1685 1047 vero
1736 976 1926 1048 idem
1979 994 2063 1048 ac
2112 976 2296 1049 alius
2346 996 2386 1048 a
2447 977 2739 1050 secretis
2787 977 3012 1067 ipsius
3060 974 3247 1049 Pon-

596 1087 807 1160 tificis
839 1089 915 1160 in
949 1089 1163 1162 huius
1196 1089 1439 1161 latinis
1472 1087 2002 1160 conscribendis
2037 1088 2284 1161 literiS.
2326 1085 2526 1170 Quod
2561 1088 2754 1161 enim
2786 1088 2880 1160 ad
2914 1090 3240 1178 sequiora

544 1196 549 1200 ’
594 1207 915 1292 tempora
968 1203 1305 1292 pertinet,
1364 1206 1635 1273 certum
1689 1206 1824 1286 est,
1890 1217 2149 1272 munus
2215 1199 2709 1273 conscribendi
2777 1201 3062 1273 nomine
3115 1198 3245 1273 Sa-

597 1330 758 1386 crae
791 1310 1368 1404 Congregationis
1418 1311 1688 1398 literaS,
1745 1310 2008 1401 quibus
2056 1308 2565 1402 Episcoporum
2616 1310 3084 1385 relationibus
3131 1330 3246 1384 re-

593 1424 1005 1515 sponderet,
1061 1425 1229 1496 huic
1279 1422 1511 1495 eidem
1563 1423 1957 1495 Secretario
1992 1419 2357 1496 Pontificio
2407 1424 2842 1514 impositum,
2884 1422 2976 1495 ab
3011 1442 3240 1515 eoque

594 1535 866 1609 diutius
915 1538 1410 1609 continuatum
1463 1532 1704 1606 fuisse.
2087 1624 2092 1631 ι
2475 1604 2480 1607 Α

736 1648 858 1719 91.
913 1644 1261 1729 Quoniam
1313 1664 1475 1718 vero
1526 1645 1668 1736 hic,
1725 1647 2030 1719 adaucta
2083 1645 2612 1722 Pontificiarum
2686 1649 3235 1739 occupationum

592 1759 802 1847 mole,
859 1758 931 1830 S.
972 1756 1549 1849 congregationis
1597 1759 1823 1830 literis
1872 1758 2338 1849 expediendis
2388 1760 2617 1849 impar
2669 1765 3021 1848 evaserat,
3060 1756 3238 1834 Hie-

595 1889 932 1963 ronymus
981 1871 1070 1942 de
1126 1869 1406 1942 Andrea
1458 1866 1615 1964 (qui
1666 1876 1915 1960 postea
1968 1871 2041 1941 in
2091 1866 2383 1943 Patrum
2434 1877 2987 1961 purpuratorum
3021 1871 3236 1944 colle-

602 1985 712 2074 gio
756 1987 1311 2055 connumeratus
1345 1979 1485 2076 est)
1521 1999 1682 2054 cum
1716 1980 2090 2054 Secretarii
2144 2000 2405 2054 munus
2437 1984 2588 2074 ipse
2626 1981 2882 2083 obiret,
2922 1989 2993 2055 et
3027 1981 3241 2055 Prae·

598 2093 862 2166 sectum
897 2099 1139 2185 ageret
1175 2092 1590 2165 immortalis
1625 2094 2005 2166 memoriae
2039 2095 2170 2182 vir,
2203 2092 2595 2167 Cardinalis
2633 2094 2941 2187 Angelus
2973 2092 3228 2186 MaiuS,

597 2203 837 2278 SSmo.
895 2202 978 2276 D.
1043 2202 1128 2276 N.
1188 2204 1258 2276 id
1336 2205 1607 2276 consilii
1678 2205 2216 2295 proponendum
2268 2207 2596 2295 censuit,
2654 2213 2780 2296 ut,
2838 2203 3232 2280 Secretario

599 2315 966 2389 Pontificio
1019 2337 1060 2387 a
1114 2317 1354 2388 latinis
1406 2317 1751 2389 eiusmodi
1822 2316 2046 2389 literis
2094 2317 2508 2406 deonerato,
2563 2318 2890 2408 specialis
2942 2337 3027 2390 ac
3074 2335 3239 2410 pro-

595 2431 792 2520 prius
841 2427 1162 2500 officialis
1195 2435 1556 2500 crearetur
1589 2425 1954 2501 Praefecto
2006 2436 2077 2501 et
2129 2427 2521 2502 Secretario
2572 2425 2643 2503 S.
2685 2427 2760 2500 C.
2802 2430 3017 2520 plane
3065 2429 3238 2502 sub-

592 2541 846 2629 iectuS,
889 2540 1010 2632 qui
1061 2539 1152 2611 ad
1186 2537 1591 2611 huiusmodi
1628 2539 1874 2611 literas
1924 2540 2469 2631 perscribendas
2503 2541 2709 2613 unice
2746 2541 3231 2614 incumberet:

593 2652 694 2724 ita
751 2653 942 2724 enim
997 2671 1140 2724 non
1190 2651 1417 2723 solum
1468 2651 1876 2741 relationes,
1933 2650 2196 2742 quibus
2247 2652 2466 2724 multo
2520 2669 2814 2725 numero
2864 2654 3231 2744 responsio

594 2762 1021 2851 debebatur,
1074 2761 1273 2834 brevi
1324 2769 1640 2853 tempore
1676 2762 1982 2853 expendi
2018 2780 2101 2835 ac
2136 2781 2471 2856 responso
2508 2763 2756 2836 donari
2802 2765 3228 2854 potuissent,

591 2879 716 2951 sed
755 2879 1044 2968 insuper
1095 2876 1334 2950 stabili
1388 2896 1470 2949 ac
1507 2884 1852 2969 perpetuo
1888 2875 2199 2950 remedio
2237 2877 2640 2950 consultum
2691 2875 2898 2967 foret,
2954 2895 3047 2949 ne
3098 2875 3234 2951 boc

589 2988 1113 3062 incommodum
1189 2989 1610 3078 identidem,
1664 2995 1744 3062 ut
1805 2988 2137 3077 antehac,
2192 2989 2666 3061 revivisceret.

730 3103 848 3174 92.
892 3099 1311 3175 Huiusmodi
1363 3101 1735 3175 consilium
1788 3103 2057 3193 placuit
2107 3102 2484 3174 sanctitati
2521 3102 2706 3173 Suae
2739 3118 2864 3191 pro
2900 3101 3226 3193 impenso

588 3233 698 3302 e0‚
757 3233 896 3305 quo
950 3217 1229 3308 flagrat,
1270 3217 1506 3290 studio
1541 3217 2003 3289 succurrendi
2037 3216 2431 3309 omnigenis
2468 3214 2808 3289 ecclesiae
2840 3215 3235 3289 catholicae

587 3326 1160 3401 necessitatibus.
1216 3324 1472 3420 Itaque
1521 3328 1635 3401 die
1685 3329 1756 3399 8.
1800 3324 1967 3400 Dec.
2013 3328 2224 3399 1851.
2307 3326 2639 3400 Summus
2709 3324 3032 3401 Pontifex
3109 3328 3237 3402 Se·

585 3439 963 3510 cretarium
1014 3456 1221 3511 suum
1274 3457 1359 3512 eo
1406 3438 1649 3512 labore
1685 3457 1939 3530 reapse
1976 3444 2316 3530 perpetuo
2351 3438 2702 3527 liberavit,
2744 3445 3096 3513 reservato
3132 3441 3237 3512 ei-

583 3549 745 3621 dem
800 3551 950 3622 iure
1001 3549 1363 3624 assidendi
1414 3549 1883 3624 conventibus
1933 3549 2528 3643 particularibus,
2585 3551 2659 3622 in
2711 3548 2974 3639 quibus
3032 3551 3238 3623 insu-

582 3678 708 3751 per
758 3663 890 3752 ipsi
944 3663 1214 3753 primus
1260 3662 1457 3736 locus
1510 3663 1586 3735 in
1636 3668 2056 3756 perpetuum
2113 3669 2388 3752 tempus
2441 3664 2626 3735 inter
2689 3658 3056 3735 Praesules
3132 3664 3239 3736 ei-

581 3770 743 3843 dem
780 3771 1316 3867 congregationi
1354 3775 1675 3849 addictos
1707 3776 1992 3848 relictus
2026 3783 2160 3849 est.
2209 3769 2414 3846 Hanc
2446 3773 3021 3867 praecedentiam
3058 3775 3238 3847 scri-

580 3882 721 3958 bae
756 3886 1139 3959 latinarum
1176 3883 1574 3960 Literarum
1611 3885 1870 3958 SSmus
1904 3884 1988 3957 D.
2020 3882 2106 3957 N.
2156 3887 2355 3959 vivae
2390 3887 2576 3959 vocis
2613 3886 2895 3959 oraculo
2931 3883 3229 3959 R.P.D.

581 4017 622 4070 a
675 3999 962 4072 secretis
1015 3999 1087 4071 S.
1130 3996 1207 4071 C.
1248 3996 1535 4071 Concilii
1585 3996 2038 4093 manifestato
2091 3998 2463 4071 concessit.
2518 3993 2704 4069 Hinc
2739 4004 2870 4087 est,
2912 3996 3103 4087 quod
3154 3998 3236 4069 in

579 4111 869 4199 notuliS,
927 4129 1112 4201 quae
1164 4128 1293 4204 pro
1330 4110 1652 4200 qualibet
1686 4108 2241 4203 Congregatione
2274 4109 2687 4202 particulari
2720 4109 3230 4199 conficiuntur,

578 4228 649 4293 et
702 4220 776 4292 in
828 4223 1004 4295 actis
1056 4221 1130 4295 S.
1170 4220 1747 4317 congregationis
1800 4230 2291 4312 asservantur,
2348 4222 2619 4314 primus
2669 4240 2950 4314 semper
3000 4223 3237 4297 eidem

576 4332 853 4407 scribae
905 4335 1100 4408 locus
1142 4336 1547 4429 assignatus
1583 4336 1932 4428 reperitur
1965 4330 2102 4432 (1).
2145 4332 2463 4407 Subinde
2499 4333 2686 4406 idem
2722 4335 3237 4408 Sanctissimus

718 4611 797 4685 (1)
836 4614 1118 4681 Quidquid
1155 4616 1235 4669 sit
1274 4614 1338 4669 de
1374 4613 1529 4685 lure,
1581 4614 1643 4671 ln
1688 4616 1838 4672 facto
1886 4621 2076 4670 tamen
2110 4613 2410 4670 Secretarii
2447 4629 2483 4668 a.
2518 4611 2723 4669 latinis
2760 4613 2978 4670 Literl·
3013 4612 3238 4675 Pontis.

582 4715 690 4754 uon
728 4699 1139 4754 interveniunt.
