3497 5235
474 352 593 415 522
1228 353 1598 412 astructioni·
1637 352 1690 409 8.
1722 352 1906 426 congr.
1935 352 2082 410 Οοιιο.
2124 354 2397 428 expetitio.

472 484 639 558 Post
689 486 867 557 haec
920 483 1254 557 Summus
1304 483 1633 557 Pontifex
1687 486 1777 557 ad
1830 503 1987 557 eam
2041 488 2666 579 perstringendam
2726 488 3145 562 clericorum

473 600 662 669 vitae
717 599 1059 669 rationem
1116 596 1412 687 gradum
1469 596 1664 684 facit,
1722 598 1844 687 qui
1903 600 1974 668 in
2027 597 2236 669 bonis
2291 599 2453 672 licet
2519 601 3147 690 patrimonialibus

476 715 603 782 aut
655 725 1106 798 quocumque
1157 707 1295 779 alio
1348 708 1553 781 titulo
1607 707 1697 779 ad
1752 728 1829 780 se
1883 710 2414 799 pertinentibus
2457 713 2554 782 ita
2609 713 3014 784 inordinate
3066 730 3145 783 se

480 828 762 914 gerunt,
805 827 884 893 ut
934 822 1199 913 populo
1235 821 1576 893 scandalo
1628 821 1800 908 sint,
1842 839 1925 892 ac
1961 824 2378 912 praesertim
2418 843 2538 896 eos
2589 826 2978 914 vituperat,
3021 825 3143 915 qui

478 933 555 1004 in
606 932 911 1025 publicis
961 933 1307 1004 nundinis
1346 933 1562 1021 atque
1616 933 2050 1005 mercatibus
2085 933 2426 1008 laicorum
2481 955 2673 1009 more
2709 955 2865 1009 sese
2906 945 3149 1009 osten-

479 1047 645 1119 dere
698 1064 840 1117 non
894 1046 1271 1118 dubitant:
1331 1046 1654 1135 adeoque
1723 1043 2137 1118 Ordinarios
2206 1052 2468 1122 excitat
2523 1071 2606 1124 ac
2660 1051 3007 1142 impellit,
3061 1057 3140 1122 ut

479 1161 556 1231 in
607 1176 725 1230 eos
777 1158 1053 1230 idoneis
1103 1158 1352 1249 poenis
1406 1165 1623 1247 atque
1674 1158 1890 1229 etiam
1939 1160 2259 1232 censuris
2311 1162 2917 1235 animadvertant.
2961 1161 3153 1233 Sub-

482 1271 649 1343 inde
703 1270 899 1342 aliud
952 1272 1163 1342 etiam
1217 1269 1660 1361 corruptelae
1716 1288 1944 1359 genus
1995 1275 2524 1362 coarguendum
2580 1276 2910 1361 assumit,
2953 1272 3149 1363 quod

480 1383 556 1453 in
607 1401 691 1454 eo
741 1383 954 1453 situm
1009 1388 1140 1469 est,
1183 1388 1263 1453 ut
1313 1381 1546 1453 clerici
1599 1382 1940 1452 laicorum
1986 1383 2378 1473 obsequiis.
2421 1385 2871 1476 abiectisque
2924 1385 3152 1456 servi-

475 1494 597 1567 tiis
647 1512 801 1566 sese
854 1494 1325 1581 immisceant,
1380 1500 1595 1581 atque
1650 1493 1830 1565 adeo
1881 1511 2124 1565 eorum
2178 1496 2478 1585 negotiis
2548 1496 3147 1568 administrandis

481 1605 991 1695 curandisque,
1035 1612 1243 1694 pacta
1295 1606 1647 1691 mercede,
1689 1623 1846 1676 sese
1899 1606 2239 1678 addicant
2292 1627 2433 1678 non
2471 1611 2626 1680 sine
2677 1610 2985 1698 plurimo
3037 1626 3160 1679 sa-

484 1716 823 1789 cerdotali
877 1717 1248 1807 dignitatis
1308 1715 1653 1788 dedecore
1706 1735 1791 1788 ac
1844 1717 2124 1807 probro.
2183 1715 2385 1798 Quod
2449 1720 2696 1809 utique
2751 1720 3022 1791 malum
3075 1727 3156 1791 ut

487 1835 876 1918 avertatur,
915 1847 1059 1900 non
1114 1829 1320 1900 modo
1372 1829 1592 1901 instat
1646 1825 2007 1918 Pontifex,
2069 1847 2158 1901 ne
2211 1849 2424 1921 quem
2476 1829 2836 1903 Ordinarii
2892 1833 2989 1904 ad
3040 1852 3166 1903 sa-

485 1963 641 2018 cros
692 1940 994 2016 Ordines
1047 1945 1476 2030 admittant,
1551 1942 1687 2014 nisi
1754 1961 2066 2033 congruo
2126 1942 2471 2016 beneficio
2531 1949 2656 2015 aut
2726 1945 3158 2034 patrimonio

486 2057 686 2129 iuxta
737 2054 948 2128 Conc.
990 2052 1179 2128 Trid.
1222 2057 1610 2127 instructus
1663 2056 1782 2141 sit,
1824 2055 1948 2126 sed
1985 2060 2055 2126 et
2109 2072 2257 2142 θος,
2300 2056 2423 2144 qui
2461 2061 2625 2126 actu
2669 2055 2872 2126 laicis
2927 2057 3160 2127 inser-

491 2169 718 2256 viunt,
761 2186 851 2240 ne
904 2169 977 2239 in
1015 2186 1143 2239 suo
1196 2166 1540 2239 dedecore
1581 2166 2100 2252 insordescant,
2145 2174 2507 2255 moneant,
2548 2186 2657 2255 ac,
2699 2168 2756 2238 si
2813 2185 2998 2257 opus
3036 2169 3158 2255 sit,

487 2285 639 2350 tum
694 2280 1005 2371 propria,
1049 2286 1197 2351 tum
1250 2279 1575 2370 delegata
1621 2278 2045 2349 auctoritate
2098 2286 2497 2364 coerceant,
2539 2278 2766 2350 donec
2820 2279 2913 2350 ad
2968 2280 3162 2351 vitae

490 2391 1010 2464 ecclesiasticae
1064 2392 1420 2477 instituta,
1461 2391 1566 2461 uti
1620 2408 1750 2482 par
1802 2396 1936 2475 est,
1979 2392 2288 2463 reditum
2342 2390 2634 2462 faciant.

641 2502 807 2573 489.
865 2500 971 2572 Ex
1025 2499 1337 2573 Giraldio
1388 2504 1477 2576 P.
1523 2502 1617 2573 ΙΙ.
1676 2503 1826 2574 Iur.
1886 2503 2097 2575 Pont.
2140 2509 2304 2576 sect.
2347 2502 2470 2575 73.
2514 2522 2682 2594 paq.
2724 2501 2898 2575 916.
2939 2502 3166 2574 (lubia

493 2611 567 2687 S.
609 2611 685 2687 C.
726 2612 801 2686 C.
844 2609 1030 2707 (sine
1082 2612 1282 2710 data)
1336 2636 1378 2687 a
1431 2616 1705 2688 clericis
1758 2616 2102 2688 dioecesis
2165 2613 2734 2707 Caputaquensis
2801 2616 3170 2706 proposita

491 2727 677 2800 circa
732 2728 1284 2819 negotiationem
1339 2728 1750 2801 clericorum
1804 2727 2222 2799 subiicimus
2276 2747 2421 2798 una
2475 2746 2633 2800 cum
2685 2728 3174 2818 responsioni-

490 2838 630 2911 bus
683 2840 774 2912 ad
825 2841 1107 2933 singula
1158 2842 1468 2930 traditis,
1511 2848 1590 2913 ut
1642 2842 2011 2930 sequitur:

645 2951 712 3020 1.
776 2975 814 3017 <t
857 2952 959 3024 An
1010 2954 1221 3025 liceat
1277 2954 1379 3025 eis
1431 2960 1657 3025 terras
1692 2945 2230 3045 patrimoniales
2275 2957 2345 3023 et
2380 2952 2838 3024 beneficiales
2877 2971 3002 3043 per
3037 2952 3174 3023 lai-

499 3087 537 3130 »
581 3082 700 3136 cos
753 3058 1030 3136 colere?

641 3175 713 3245 2.
775 3198 813 3241 ιι
856 3174 961 3245 An
1015 3194 1140 3266 pro
1194 3178 1594 3248 necessario
1647 3178 1970 3249 culturae
2023 3197 2157 3249 usu
2212 3178 2488 3269 possint
2537 3194 2771 3248 emere
2824 3175 3045 3247 boves
3098 3180 3171 3247 et

499 3311 537 3351 »
578 3285 718 3356 alia
771 3287 1136 3375 animalia,
1176 3294 1248 3359 et
1303 3287 1532 3359 foetus
1587 3289 1865 3359 illorum
1919 3283 2275 3361 vendere?

645 3399 717 3467 3.
778 3422 815 3465 »
858 3394 962 3469 An
1016 3400 1091 3486 ii,
1135 3399 1260 3488 qui
1296 3400 1368 3470 in
1415 3401 1717 3490 propriis
1756 3401 1961 3472 terris
1995 3399 2271 3472 habent
2308 3417 2616 3489 quercus
2653 3405 2722 3469 et
2758 3405 3165 3485 castaneas,

499 3534 539 3576 »
579 3527 882 3599 quarum
937 3507 1287 3581 fructibus
1340 3529 1503 3582 sues
1554 3517 1964 3599 vescuntur,
2026 3511 2301 3602 possint
2352 3529 2518 3582 sues
2581 3527 2842 3597 emere,
2904 3527 3170 3600 eosque

501 3647 539 3690 »
579 3623 768 3695 alere
820 3627 891 3694 et
943 3641 1068 3715 pro
1122 3621 1434 3694 familiae
1486 3624 2007 3695 sustentatione
2061 3617 2414 3693 vendere?

646 3733 718 3804 4.
779 3757 817 3800 »
858 3730 968 3804 An
1021 3734 1231 3805 iidem
1287 3734 1518 3806 clerici
1575 3754 1731 3806 cum
1789 3735 1972 3805 foliis
2026 3732 2359 3805 arborum
2413 3734 2683 3823 possint
2737 3733 2810 3803 in
2866 3733 3172 3823 propriis

502 3870 543 3913 ›
582 3845 883 3917 aedibus
934 3846 1070 3916 arti
1122 3846 1387 3919 sericae
1440 3865 1726 3937 operam
1780 3846 1977 3933 dare,
2019 3845 2131 3917 vel
2186 3847 2374 3918 idem
2428 3864 2608 3936 opus
2661 3846 2834 3917 dare
2890 3846 2985 3917 ad
3031 3862 3180 3916 me·

503 3983 544 4026 ›
583 3957 950 4044 dietatem,
992 3976 1119 4029 seu
1170 3956 1263 4028 ad
1299 3963 1660 4047 quartum,
1702 3963 1774 4029 et
1810 3958 2081 4029 fructus
2130 3958 2295 4031 inde
2331 3957 2828 4049 percipiendos
2867 3956 3172 4028 vendere

502 4093 541 4138 ›
582 4067 858 4158 absque
908 4075 1112 4141 reatu
1164 4068 1455 4142 illicitae
1509 4064 2061 4160 negotiationis?

650 4185 725 4255 5.
784 4207 823 4250 ι»
868 4181 971 4253 An
1026 4182 1260 4254 clerici
1314 4200 1665 4273 pauperes
1710 4182 1805 4254 ad
1838 4200 2042 4253 suam
2094 4197 2414 4269 suaeque
2468 4178 2781 4249 familiae
2817 4183 3174 4250 sustenta-

506 4318 546 4363 »
583 4296 848 4367 tionem
902 4293 1179 4385 possint
1230 4300 1455 4366 terras
1505 4293 1847 4365 ecclesiae
1901 4285 2343 4365 conducerett

651 4406 725 4476 6.
785 4429 823 4472 »
867 4405 971 4476 An
1001 4405 1277 4496 possint
1314 4405 1544 4476 locare
1580 4403 1827 4493 boves,
1868 4423 2034 4476 oves
2063 4410 2133 4475 et
2161 4401 2527 4488 animalia,
2563 4420 2749 4491 quae
2776 4400 3054 4472 habent
3087 4417 3168 4470 ex

506 4541 545 4585 ι»
584 4517 1060 4607 successione,
1078 4516 1187 4589 vel
1212 4516 1371 4588 aliis
1391 4516 1635 4588 debitis
1656 4516 1770 4586 vel
1791 4516 2111 4604 decimis,
2133 4531 2517 4602 eorumque
2541 4513 2812 4584 fructus
2835 4502 3165 4583 vendere?

649 4630 721 4697 7.
765 4654 803 4694 ιι
843 4629 951 4700 An
988 4629 1199 4700 liceat
1251 4645 1340 4698 ex
1376 4625 1708 4715 ovilibuS,
1750 4626 2005 4716 vineis,
2049 4625 2459 4717 quercubus
2495 4630 2567 4695 et
2602 4622 2762 4694 aliis
2799 4621 3169 4693 arboribus

510 4765 551 4808 ›
588 4738 1061 4810 existentibus
1108 4740 1184 4810 in
1237 4738 1444 4809 terris
1495 4737 2148 4828 patrimonialibus,
2189 4743 2261 4809 et
2294 4731 2867 4822 beneficialibuS,
2909 4741 2980 4806 et
3016 4732 3163 4803 aliis
