3497 5235
530 344 609 414 30
1337 348 1410 408 Do
1446 347 1747 407 visitetiono
1786 347 2052 408 fluorem
2088 348 2347 407 Liuium

536 481 878 555 »inserta
930 485 1036 552 est
1084 475 1475 551 Pontificali
1532 477 1877 569 Romano,
1931 481 2054 553 ubi
2108 481 2208 556 sic
2256 481 2550 573 legitur:
2606 480 2730 564 Et,
2780 479 2961 554 clero
2995 464 3162 573 defi-

540 620 577 663 »
616 595 831 668 ciente
881 593 1195 673 omnino,
1241 611 1365 682 per
1416 592 1718 683 aliquem
1769 593 1991 665 alium
2050 594 2519 684 presbyterum
2571 593 2998 666 saecularem
3053 594 3160 666 vel

541 730 579 775 ι
616 705 1004 797 regularem
1030 709 1372 794 specto-tae
1398 704 1770 794 probitatis
1805 711 1868 777 et
1904 704 2257 797 reliqionis
2293 705 2374 778 de
2398 704 2819 798 supradictis
2847 704 3160 778 omnibus

543 843 579 887 ›
609 818 813 911 plene
861 816 1319 887 instructum:
1370 813 1539 885 hinc
1588 819 1721 901 est,
1778 814 1968 904 quod
2019 815 2076 887 si
2132 815 2471 907 regularis
2522 816 2782 905 aliquis
2830 814 3161 893 sacerdos

545 955 580 991 »
621 926 945 1020 deputari
981 926 1173 1012 velit,
1216 924 1535 996 nonnihil
1572 925 2009 998 difficultatis
2044 925 2304 998 offendi
2339 927 2541 1015 solet,
2580 944 2738 999 cum
2774 926 2971 1020 prius
3001 943 3168 1018 pro-

546 1066 583 1109 »
621 1039 861 1112 banda
895 1038 987 1110 sit
1024 1036 1423 1110 deficientia
1461 1037 1753 1127 capituli
1788 1043 1858 1108 et
1895 1038 2059 1109 cleri
2096 1037 2515 1133 saecularis;
2558 1054 2782 1127 eaque
2828 1055 2969 1110 nou
3004 1054 3168 1128 pro-

546 1176 585 1223 »
622 1152 820 1237 bata,
861 1146 1311 1238 nequaquam
1348 1147 1761 1220 admittatur
1797 1156 2204 1238 procurator
2231 1147 2573 1240 regularis
2606 1149 2756 1220 sive
2788 1166 2829 1219 a
2864 1146 3166 1221 dioecesi

550 1287 585 1333 ›
627 1263 907 1347 6115565,
961 1260 1108 1332 sive
1159 1257 1569 1351 iampridem
1624 1259 1698 1329 in
1751 1255 1935 1331 Urbe
1994 1258 2304 1350 degens,
2359 1258 2495 1329 nisi
2548 1256 2725 1331 forte
2777 1264 3027 1350 agatur
3076 1255 3164 1329 (16

550 1398 587 1439 s
627 1372 938 1446 ecclesiis
988 1371 1060 1442 in
1112 1370 1594 1441 remotissimis
1644 1368 2050 1461 regionibus
2097 1369 2541 1456 constitutiS,
2585 1368 2787 1440 unde
2838 1366 3169 1441 difficilli-

550 1512 587 1555 ›
627 1504 816 1558 mum
869 1488 976 1555 est
1024 1481 1400 1573 specialem
1452 1486 1969 1571 procuratorem
2026 1480 2113 1553 de
2170 1482 2427 1572 gremio
2474 1476 2803 1571 Capituli,
2842 1485 2969 1551 aut
3000 1477 3165 1552 cieri

550 1619 589 1666 ν
627 1595 1008 1669 saecularis
1085 1592 1175 1664 ad
1242 1592 1593 1665 visitanda
1669 1591 2150 1683 Apostolorum
2220 1588 2494 1663 Limina
2568 1587 2867 1663 Romam
2942 1596 3170 1663 trans-

551 1732 589 1777 »
632 1707 934 1778 mittere.
981 1727 1019 1773 »

697 1817 814 1889 66.
855 1810 1261 1906 Optandum
1330 1820 1474 1901 est,
1528 1820 1609 1885 ut
1657 1810 1983 1905 Episcopi
2054 1821 2200 1886 tam
2269 1810 2761 1886 Constitutioni
2827 1810 3167 1899 Sixtinae,

550 1946 763 2018 quam
816 1926 929 2013 iis,
984 1943 1169 2016 quae
1222 1924 1436 1996 tradit
1487 1923 1698 1996 allato
1751 1925 1898 1997 1000
1950 1922 2215 1997 Bened.
2258 1922 2449 2013 XIV,
2519 1941 2672 1997 sese
2740 1922 3171 1997 adamussim

549 2037 984 2112 conformare
1034 2035 1396 2122 studeant,
1463 2035 1737 2107 etiamsi
1807 2055 1847 2107 a
1918 2042 2225 2127 tempore
2294 2037 2587 2110 huiusce
2652 2031 3012 2108 Pontificis
3078 2032 3172 2105 ad

554 2165 889 2241 praesens
938 2164 1187 2219 aevum
1241 2145 1759 2236 indulgentiam
1809 2147 1881 2219 S.
1921 2145 2497 2240 Congregationis
2546 2166 2758 2240 super
2804 2146 2937 2219 1100
3004 2145 3175 2217 arti-

552 2259 736 2347 culo,
792 2258 913 2348 qui
966 2273 1338 2351 personam
1387 2255 1873 2349 deputandam
1923 2259 2230 2349 respicit,
2290 2260 2506 2399 multo
2557 2258 2938 2330 faciliorem
3007 2255 3169 2328 effe-

554 2376 739 2442 ctam
790 2368 1031 2457 iuisse,
1084 2367 1290 2439 docet
1338 2367 1799 2457 experientia

690 2473 809 2544 67.
865 2469 1056 2554 Quae
1106 2474 1183 2544 in
1231 2475 1465 2566 specie
1516 2476 1659 2548 sint
1709 2474 2214 2568 impedimenta
2264 2477 2450 2549 iusta
2502 2495 2584 2549 ac
2631 2475 2975 2568 legitima,
3017 2475 3179 2564 (161-

543 2582 681 2656 1165
715 2578 1042 2675 Episcopi
1079 2592 1508 2659 excusantur
1558 2585 1648 2659 ab
1702 2586 1954 2660 itinere
2005 2584 2326 2661 Romano
2375 2586 2879 2679 aggrediendo,
2919 2586 3177 2661 docent

544 2695 809 2786 passim
861 2714 1093 2769 rerum
1146 2697 1644 2769 canonicarum
1696 2704 2112 2772 tractatores
2164 2700 2254 2770 ad
2291 2718 2446 2791 cap.
2487 2697 2560 2770 4.
2599 2695 2746 2790 Ego
2780 2694 2867 2770 N.
2908 2698 2991 2772 de
3024 2699 3167 2770 ίαν.

546 2807 726 2888 iar„
753 2824 977 2895 eaque
1012 2808 1113 2878 sic
1148 2808 1560 2900 perstringit
1593 2806 1973 2881 Catalanus
2006 2811 2260 2884 Comm.
2293 2829 2497 2900 super
2536 2809 2947 2902 Pontificule
2974 2810 3170 2882 Rom.

549 2923 716 2990 tom.
746 2916 813 2989 1.
847 2912 954 3012 (p.
989 2913 1348 3014 183),oe
1380 2915 1454 3013 g.
1482 2919 1605 2990 IX.
1642 2919 1774 2992 ibi:
1820 2917 2006 2992 «Est
2035 2921 2319 3011 quidem
2358 2938 2614 2992 munus
2649 2926 2719 2991 et
2744 2918 3177 3011 reipublicae

551 3051 588 3093 »
627 3026 933 3102 officium
970 3029 1494 3122 episcopatibus
1528 3029 1971 3119 adiunctum,
2026 3031 2244 3104 veluti
2281 3050 2439 3103 cum
2475 3028 2802 3123 Episcopi
2841 3030 3178 3101 electores

553 3162 590 3204 »
633 3145 1068 3230 occupantur
1101 3140 1173 3210 in
1212 3139 1553 3213 electione
1590 3141 2062 3232 imperatoris,
2101 3143 2268 3214 item
2306 3148 2500 3215 aetas
2538 3141 2792 3233 gravis,
2821 3140 3179 3213 hostilitas

556 3274 593 3316 »
637 3266 917 3339 quoque
970 3268 1052 3323 ac
1103 3249 1308 3323 timor
1357 3250 1695 3339 hostium,
1753 3253 2073 3324 incursus
2127 3253 2504 3339 latronum,
2556 3252 2774 3342 pestis
2809 3256 2879 3323 et
2915 3251 3050 3322 alia
3106 3250 3180 3322 id

555 3383 593 3427 s
638 3378 884 3450 genus,
925 3378 1223 3450 quorum
1262 3368 1499 3433 tamen
1534 3362 1884 3451 quaedam
1923 3363 2428 3454 impedimenta
2471 3361 2830 3434 Antistites
2866 3361 3175 3452 profecto

555 3496 592 3538 »
632 3477 972 3542 excusant
1006 3490 1047 3541 a
1082 3471 1489 3544 visitatione
1527 3473 1882 3562 personali
1921 3480 2227 3560 tantum,
2284 3491 2426 3545 non
2476 3490 2637 3545 vero
2675 3471 2764 3544 ab
2804 3473 2952 3561 1116,
2993 3491 3180 3562 quae

555 3605 593 3648 »
633 3599 757 3672 per
793 3587 1060 3653 certum
1098 3582 1426 3654 nuntium
1464 3581 1615 3655 fieri
1652 3584 1857 3672 solet,
1896 3584 2111 3655 veluti
2150 3584 2541 3675 aegritudo,
2572 3582 2993 3674 decrepitaS,
3027 3603 3183 3655 mu-

556 3714 594 3757 »
637 3711 771 3764 nus
806 3691 1240 3785 episcopatui
1277 3692 1690 3765 adiunctum
1726 3701 1797 3764 et
1832 3693 2115 3782 similia,
2157 3712 2340 3783 quae
2378 3712 2746 3785 personam
2794 3693 3183 3784 respiciunt

556 3804 854 3893 »ipsius
888 3798 1244 3896 Episcopi.
1295 3804 1476 3875 Sunt
1525 3810 1762 3876 autem
1816 3805 2163 3894 quaedam
2216 3804 2353 3874 alia
2408 3804 2939 3894 impedimenta,
2995 3820 3182 3893 quae

558 3938 595 3979 s
634 3914 846 3986 etiam
884 3933 924 3984 a
963 3911 1305 3986 mittendo
1354 3910 1650 3986 Romam
1706 3921 1972 3987 certum
2026 3916 2356 3987 nuntium
2392 3912 2773 4008 Episcopos
2808 3918 3176 4000 excusant,

532 4031 595 4091 ’ν
634 4029 740 4110 ut,
776 4041 840 4096 6.
868 4043 934 4116 g.
967 4023 1214 4115 pestiS,
1253 4023 1525 4095 viarum
1553 4023 1895 4112 obsessio,
1925 4024 2303 4113 hostilitas,
2346 4025 2547 4098 modo
2582 4026 2761 4096 tales
2795 4026 2965 4112 sint,
2999 4041 3181 4115 (1666

454 4152 461 4158 ’
558 4160 594 4201 »
634 4134 1024 4227 impediant
1075 4153 1437 4210 accessum
1488 4137 2063 4210 dioecesauorum
2101 4139 2190 4211 ad
2226 4136 2575 4211 Urbem.»
2627 4135 2820 4220 Quae
2870 4154 3031 4209 vero
3067 4136 3183 4209 hic

555 4254 1009 4319 recensentur
1043 4247 1582 4340 impedimenta,
1614 4250 1978 4342 potissima
2007 4257 2172 4323 sunt
2208 4256 2277 4323 et
2310 4251 2812 4322 communiora:
2855 4255 2958 4322 tot
2993 4250 3181 4320 enim

440 4351 447 4356 ’
553 4358 871 4448 alioquin
925 4376 1077 4432 esse
1128 4366 1462 4452 possunt,
1520 4367 1692 4450 quot
1743 4362 2088 4454 cuiusque
2142 4380 2485 4449 personae
2544 4361 3038 4448 necessitateS,
3096 4377 3181 4430 ex

554 4469 817 4558 quibus
867 4470 1128 4560 aliquis
1191 4470 1300 4544 vel
1352 4471 1666 4562 omnino,
1721 4474 1833 4544 vel
1883 4474 2035 4546 sine
2085 4472 2503 4546 difficultate
2556 4479 2680 4544 aut
2739 4471 3183 4545 incommodo

554 4579 958 4655 Romanum
1009 4582 1142 4655 iter
1191 4583 1371 4657 inire
1421 4584 1863 4675 prohibetur.
1919 4582 2050 4667 Qui
2101 4586 2305 4677 plura
2343 4584 2725 4672 desiderat,
2765 4582 3180 4675 Fagnauum

553 4693 916 4767 consulere
954 4711 1096 4766 non
1134 4703 1463 4788 gravetur
1495 4715 1651 4790 cap.
1685 4694 1833 4788 Ego
1868 4694 1953 4770 N.
1995 4697 2077 4771 de
2112 4697 2250 4770 ίαν.
2286 4697 2425 4770 iur.
2468 4717 2513 4771 a
2547 4714 2743 4769 num.
2775 4695 2897 4771 20.
2931 4695 3026 4766 ad
3055 4692 3175 4767 35.
