3497 5235
1085 327 1157 386 Do
1194 327 1496 387 vinitstiono
1536 327 1801 387 sacrorum
1837 325 2098 389 nimiunn.
2826 320 2915 391 29

295 460 563 537 stolicas
613 459 754 533 diei
794 459 866 532 4.
906 454 1113 532 Mart.
1162 460 1373 531 1853.
1431 460 1645 550 incip.
1689 460 1801 531 Ex
1851 478 1984 550 quo
2018 459 2154 532 die.
2213 456 2547 532 Similiter
2605 458 2693 532 de
2753 477 2916 553 pro-

298 577 514 651 vincia
547 575 1028 649 ecclesiastica
1062 572 1366 666 Fogaras
1400 582 1469 649 et
1507 572 1724 646 Albae
1760 570 1982 646 Iuliae
2032 575 2209 646 ritus
2255 570 2632 645 Orientalis
2684 572 2756 642 in
2807 571 2916 644 di-

299 688 475 760 tione
524 684 892 758 Austriaca
928 680 1033 778 (in
1068 681 1624 780 Transsilvania)
1675 685 2104 772 constitutis,
2143 691 2225 757 ut
2258 688 2534 756 constat
2569 702 2654 757 ex
2692 682 2915 754 literis

294 795 443 870 Emi
493 795 868 870 Secretarii
918 794 1157 868 Status
1210 795 1349 867 diei
1390 795 1455 865 1.
1497 792 1701 868 Mart.
1747 796 1957 868 1856.
2018 795 2092 870 S.
2131 792 2663 888 congregationi
2700 792 2905 867 Conc.

295 909 476 982 datis
526 915 600 980 et
651 908 726 979 in
775 908 928 980 eius
978 907 1285 982 archivio
1336 910 1681 1002 repositis.

431 1019 553 1090 64.
597 1016 923 1091 Secunda
971 1018 1147 1111 legis
1199 1019 1512 1091 Sixtiuae
1563 1036 1726 1110 pars
1776 1018 1864 1093 de
1916 1037 2085 1092 casu
2136 1020 2306 1112 agit,
2363 1039 2502 1113 quo
2538 1019 2913 1094 Antistites

295 1131 626 1223 legitimis
650 1130 1175 1222 impedimentis
1201 1130 1489 1202 distenti
1515 1148 1642 1221 per
1668 1137 2187 1223 procuratorem
2216 1131 2444 1205 officio
2469 1151 2596 1205 suo
2622 1133 2912 1224 defungi

295 1259 496 1334 posse
531 1243 1063 1332 permittuntur.
1102 1237 1430 1312 Consulto
1474 1258 1633 1312 vero
1670 1240 2107 1314 abstinemus
2143 1261 2183 1313 a
2221 1243 2605 1316 referendis
2640 1251 2919 1316 contro-

296 1353 571 1439 versiiS,
605 1369 786 1441 quae
824 1352 895 1422 in
930 1351 1001 1423 S.
1025 1348 1098 1422 C.
1128 1348 1415 1422 Concilii
1450 1351 1615 1423 olim
1644 1352 1951 1443 agitatae
1978 1361 2146 1426 sunt
2177 1371 2390 1446 super
2424 1354 2764 1445 qualitate
2794 1353 2918 1426 do-

297 1470 811 1549 cumentorum,
850 1478 1032 1551 quae
1065 1461 1156 1533 ad
1192 1460 1787 1552 comprobandam
1832 1462 2089 1537 iustam
2124 1465 2596 1538 excusationis
2631 1483 2915 1538 causam

297 1572 867 1663 requirebantur.
922 1568 1251 1654 Quamvis
1302 1574 1491 1645 enim
1541 1573 1737 1646 iuxta
1788 1575 2110 1647 eamdem
2159 1575 2739 1649 constitutionem
2789 1576 2920 1648 im-

296 1684 703 1775 pedimenta
753 1702 880 1775 per
914 1683 1258 1774 legitimas
1292 1683 1745 1774 probationes
1782 1686 2177 1758 confirmari
2212 1688 2578 1775 deberent,
2620 1693 2691 1761 et
2722 1685 2920 1758 exhi-

296 1793 444 1866 beri
497 1812 626 1886 per
676 1796 1003 1865 nuntium
1052 1812 1179 1865 seu
1227 1800 1752 1884 procuratorem
1801 1795 1891 1901 ab
1941 1791 2305 1889 Episcopis
2357 1798 2449 1870 ad
2489 1798 2621 1871 hoc
2659 1815 2916 1869 munus

297 1904 736 1996 implendum
771 1903 1202 1996 ablegatum,
1243 1912 1558 1977 attamen
1596 1906 2298 1980 animadvertendum
2325 1914 2458 1995 est,
2492 1906 2679 1999 quod
2707 1925 2918 1996 super

296 2015 430 2089 bac
463 2034 540 2088 re
580 2038 618 2081 ει
646 2015 1057 2088 iamdudum
1093 2010 1342 2107 (verba
1374 2022 1541 2089 sunt
1573 2013 1840 2090 Bened.
1866 2014 2053 2089 XIV.
2087 2019 2170 2092 de
2197 2021 2367 2110 Syn.
2400 2018 2613 2091 dioec.
2649 2017 2767 2089 lib.
2796 2016 2910 2093 13.

302 2153 334 2195 ›
372 2147 536 2220 cap.
564 2128 634 2200 6.
670 2146 741 2198 n.
774 2123 886 2221 3.)
939 2125 1213 2198 facilius
1264 2134 1480 2218 atque
1531 2129 1892 2201 remissius
1943 2131 2054 2221 agi
2108 2131 2362 2220 coepit,
2435 2135 2502 2201 et
2579 2129 2918 2221 pristinus

300 2263 334 2304 ›
371 2239 563 2329 rigor
611 2254 986 2329 progressu
1036 2239 1370 2329 temporis
1419 2238 1625 2312 valde
1676 2246 2107 2329 temperatus
2160 2247 2294 2328 est,
2347 2240 2595 2312 habita
2646 2239 2919 2311 ratione

298 2374 334 2418 ›
374 2351 694 2439 gravium
746 2366 1247 2439 expensarum,
1300 2368 1482 2440 quae
1559 2350 1650 2422 ad
1725 2348 2124 2424 Romanum
2199 2351 2332 2424 iter
2405 2349 2917 2424 conficiendum

298 2485 334 2529 ›
373 2456 743 2552 Episcopis
792 2457 1206 2531 subeundae
1258 2466 1453 2548 sunt,
1512 2460 2049 2552 graviorumque
2100 2480 2420 2547 onerum,
2476 2459 2738 2551 quibus
2773 2460 2923 2550 epi-

297 2596 335 2643 »
370 2571 690 2663 scopales
740 2589 1053 2662 mensae,
1110 2570 1221 2644 vel
1271 2579 1662 2664 temporum
1713 2573 2141 2662 calamitate,
2198 2572 2305 2645 vel
2343 2572 2499 2645 aliis
2533 2570 2620 2643 de
2655 2572 2919 2654 causis,

298 2708 336 2753 ›
372 2683 876 2756 subiiciuntur.
932 2680 1168 2770 Unde,
1207 2683 1265 2755 si
1341 2679 1728 2778 Episcopus
1788 2686 1971 2757 iusto
2024 2682 2342 2775 quolibet
2417 2682 2919 2774 impedimento

300 2820 336 2864 ›
372 2794 798 2880 detentus,a
851 2791 923 2865 S.
963 2791 1515 2887 congregatione
1565 2794 1925 2867 licentiam
1977 2800 2171 2887 petat
2239 2793 2574 2866 visitandi
2641 2789 2919 2866 Limina

302 2931 337 2973 »
374 2922 496 2996 per
553 2911 1103 2996 procuratorem,
1159 2912 1373 2997 atque
1423 2906 1635 2978 etiam
1687 2907 1760 2977 in
1811 2924 1974 2978 eum
2026 2905 2237 2977 finem
2274 2904 2665 2995 deputandi
2700 2900 2922 2975 Cano-

299 3040 337 3086 »
375 3017 613 3088 nicum
668 3015 1002 3107 aliquem,
1060 3022 1184 3087 aut
1233 3017 1668 3090 sacerdotem
1721 3016 2062 3089 dioecesis
2124 3033 2294 3088 suae
2370 3018 2507 3086 iam
2583 3014 2656 3085 in
2732 3012 2919 3086 Urbe

302 3148 339 3196 ›
372 3126 823 3216 existentem,
879 3133 950 3198 et
995 3126 1290 3219 privatis
1338 3128 1486 3199 suis
1534 3126 1748 3198 rebus
1797 3132 2207 3213 vacantem,
2262 3124 2372 3196 vel
2447 3125 2662 3197 etiarn
2736 3124 2923 3195 ordi-

302 3261 340 3306 »
379 3239 659 3311 narium
707 3256 913 3312 suum
963 3238 1399 3329 negotiorum
1452 3243 1824 3330 gestorem,
1879 3256 2003 3311 seu
2039 3244 2390 3329 agentem,
2431 3236 2520 3309 de
2563 3233 2778 3307 rebus
2810 3252 2921 3310 ec-

304 3372 341 3415 »
377 3348 635 3421 clesiae
684 3353 756 3421 et
803 3349 1142 3421 dioecesis
1192 3348 1407 3439 probe
1480 3349 1901 3421 instructum
1932 3401 1952 3437 ,
2007 3347 2385 3421 dummodo
2448 3345 2920 3420 ecclesiastico

309 3480 347 3525 ›
384 3457 787 3530 charactere
837 3458 1213 3549 insignitus
1260 3460 1376 3548 sit,
1433 3458 1621 3533 facta
1671 3456 1993 3530 Romano
2044 3456 2362 3531 Pontifici
2414 3476 2540 3549 per
2608 3459 2923 3531 Secreta-

306 3592 345 3638 ›
378 3571 558 3642 rium
610 3569 831 3662 ipsius
878 3568 1447 3662 congregationis
1495 3571 1878 3642 instantiae
1927 3570 2118 3641 illius
2166 3569 2542 3657 relatione,
2600 3587 2743 3640 non
2820 3567 2919 3639 ita

309 3677 786 3770 »frequenter
833 3681 1025 3753 reiici
1075 3682 1279 3768 solet,
1335 3686 1413 3753 ut
1463 3680 1628 3751 olim
1680 3677 1998 3753 evenisse
2051 3685 2353 3768 constat,
2407 3678 2532 3753 sed
2581 3678 2803 3771 petita
2836 3676 2923 3749 li-

308 3814 347 3861 »
382 3793 610 3865 centia
659 3799 732 3866 et
781 3789 1081 3864 facultas
1127 3791 1390 3885 passim
1442 3791 1751 3883 benigne
1801 3790 2233 3865 conceditur.
2278 3814 2317 3861 >

444 3903 561 3976 65.
601 3899 930 3986 Quaestio
979 3902 1193 3976 otiam
1242 3900 1448 3976 facile
1499 3902 1747 3990 oritur,
1801 3919 1974 3975 num
2023 3907 2432 3994 procurator
2481 3917 2633 3973 esse
2704 3904 2919 3990 queat

308 4015 622 4087 sacerdos
654 4013 1022 4106 regularis,
1066 4034 1102 4079 «
1130 4014 1218 4085 de
1252 4031 1391 4103 quo
1427 4008 1908 4109 (prosequitur
1941 4031 2021 4088 eo
2057 4014 2188 4085 loci
2217 4010 2481 4085 Bened.
2506 4006 2732 4104 XIV.)
2758 4027 2917 4082 cum

314 4149 352 4193 ι
384 4128 640 4201 mentio
690 4125 977 4216 quidem
1028 4125 1151 4198 fiat
1188 4126 1260 4196 in
1295 4126 1512 4199 citata
1564 4125 1740 4198 Sixti
1778 4122 1859 4195 V.
1902 4124 2409 4198 Constitutione
2461 4118 2563 4216 (ἓ.
2609 4118 2744 4214 4.),
2793 4120 2914 4192 sed

316 4261 352 4305 ›
386 4257 504 4329 pro
551 4258 634 4312 eo
674 4245 961 4312 *tantum
1013 4257 1208 4326 casu,
1262 4257 1401 4330 quo
1451 4240 1681 4314 clerus
1750 4240 1826 4310 in
1892 4239 2192 4311 dioecesi
2262 4237 2588 4324 deficiat3
2644 4236 2917 4308 adiecta

317 4372 353 4419 ›
384 4349 553 4443 lege,
608 4357 686 4424 ut
734 4350 1062 4424 sacerdos
1110 4350 1450 4441 regularis
1481 4350 1747 4442 probus
1783 4357 1853 4421 et
1886 4350 2252 4440 religiosus
2284 4348 2401 4435 sit,
2442 4348 2917 4437 ecclesiaeque

316 4481 355 4526 ι
387 4479 464 4534 30
504 4460 843 4536 dioecesis
891 4479 1003 4535 res
1051 4468 1121 4532 et
1173 4462 1451 4552 negotia
1506 4461 1767 4552 optime
1818 4460 2124 4549 calleat;
2180 4468 2393 4551 atque
2462 4460 2640 4531 haec
2704 4458 2916 4532 etiam

320 4595 353 4638 ›
387 4575 836 4650 enuntientur
887 4573 962 4644 in
1023 4571 1319 4644 formula
1395 4571 1823 4659 iuramenti,
1880 4589 2096 4661 quam
2169 4571 2420 4644 recitat
2491 4567 2911 4662 EpiscopuS,

321 4704 355 4753 ›
388 4684 536 4759 dum
588 4687 682 4759 ad
733 4684 1262 4775 suscipiendum
1314 4683 1862 4756 consecrationis
1912 4699 2169 4756 munus
2218 4681 2529 4769 accedit,
2585 4695 2914 4772 quaeque
