3497 5235
528 301 610 368 84
1265 301 1629 364 minutioni·
1669 299 1721 361 Β.
1751 302 1933 379 congr.
1960 302 2105 364 Ocno.
2145 303 2414 378 expositio.

681 439 797 509 11.
840 435 1165 511 Secundo
1214 438 1368 510 loco
1421 437 1494 510 in
1542 437 1680 510 hac
1729 438 2176 531 paragrapho
2212 436 2533 512 confinia·
2554 436 2954 511 dioeceseos
2990 436 3171 511 deli-

526 551 725 626 neari
778 549 1072 641 debent,
1130 568 1385 642 nempe
1436 548 1864 640 quibuscum
1914 549 2358 623 dioecesibus
2392 567 2519 643 per
2551 555 2778 622 totum
2815 549 3164 622 ambitum

526 663 825 738 ecclesia
875 662 1346 736 describenda
1399 663 1892 735 circumeatur.
1951 657 2131 735 Inde
2181 663 2371 736 enim
2424 661 2632 735 facile
2691 678 2978 735 cernere
3030 665 3167 747 est,

527 768 749 868 quam‘
794 775 938 848 late
988 776 1484 848 dioecesanum
1536 775 1968 848 territorium
2019 781 2291 869 pateat,
2334 775 2700 866 multaque
2735 773 2876 846 alia
2911 773 2983 846 in
3020 789 3168 845 rem

525 887 907 979 plurimum
958 887 1161 960 utilia
1212 893 1760 977 pernoscuntur.
2841 966 2848 969 ,

676 1002 791 1073 12.
834 1002 1060 1094 Super
1106 1000 1242 1072 hoc
1293 1007 1708 1090 argumento
1778 998 2137 1091 praeclare
2206 997 2444 1071 aiebat
2511 996 2586 1071 S.
2625 995 3020 1091 Cyprianus
3089 996 3174 1069 de

523 1112 795 1187 unitate
832 1112 1180 1185 Ecclesiae
1233 1131 1271 1177 ‹
1312 1108 1625 1202 Singulis
1659 1109 2063 1202 pastoribus
2096 1111 2324 1202 portio
2361 1110 2589 1202 gregis
2616 1109 2751 1182 fuit
2785 1108 3170 1200 adscripta,

529 1251 566 1295 ›
605 1243 821 1315 quam
872 1228 1070 1315 regat
1120 1222 1614 1312 unusquisque
1667 1229 1740 1295 et
1791 1222 2164 1314 gubernet.
2220 1220 2405 1294 Hinc
2438 1227 2572 1310 est,
2613 1227 2693 1293 ut
2726 1239 2969 1293 omnes
3004 1218 3175 1312 Epi·-

527 1361 564 1405 ›
604 1337 798 1427 scopi
849 1336 1035 1407 ultra
1087 1335 1348 1405 limites
1383 1334 1708 1424 propriae
1746 1335 2090 1407 dioecesis
2123 1339 2547 1426 potestatem
2581 1333 2800 1405 ullam
2837 1350 3166 1406 exercere

527 1473 564 1517 ›
607 1446 1149 1539 prohibeantur,
1206 1462 1337 1516 nec
1388 1444 1552 1516 licet
1603 1446 1775 1538 ipsis
1827 1446 2261 1538 pontificalia
2329 1446 2623 1538 quaevis
2687 1463 3023 1536 peragere
3090 1445 3166 1516 in

527 1584 564 1628 ›
604 1559 836 1630 aliena
889 1556 1228 1644 dioecesi,
1285 1555 1460 1648 quin
1536 1556 1997 1647 depositionis
2047 1576 2277 1650 poena
2346 1558 2753 1649 plectantur
2791 1583 2860 1627 ιι.
2919 1554 3175 1630 Conso-

524 1677 650 1742 nat
705 1671 873 1762 Cap.
911 1668 979 1741 1.
1021 1675 1090 1740 et
1128 1669 1293 1740 item
1347 1674 1613 1759 quaest.
1653 1667 1728 1739 2.
1771 1689 1965 1742 caus.
2008 1670 2079 1743 9.
2122 1668 2210 1743 Et
2262 1675 2588 1744 statuunt
2621 1687 2746 1761 pro
2784 1687 3022 1742 eorum
3059 1687 3193 1740 san

523 1783 795 1873 pientia
847 1778 1089 1853 Patres
1135 1778 1422 1852 Conciiii
1460 1776 1852 1854 Tridentini
1904 1803 2070 1854 sess.
2114 1782 2231 1855 Η.
2274 1803 2429 1877 cap.
2468 1783 2538 1856 9.
2573 1782 2656 1855 de
2683 1783 2875 1875 Res..·
2933 1805 2970 1847 ι
3008 1777 3172 1852 Iure

529 1919 566 1963 ›
606 1895 872 1985 optimo
924 1892 1299 1964 distinctae
1352 1890 1641 1965 fuerunt
1691 1894 2049 1967 dioeceses
2101 1900 2173 1966 et
2222 1895 2624 1986 parochiae,
2666 1913 2749 1966 ac
2785 1894 3171 1984 unicuique

529 2031 566 2073 ιι
608 2006 795 2096 gregi
848 2003 1110 2095 proprii
1164 2002 1487 2075 attributi
1539 2009 1901 2095 pastores,
1959 2011 2030 2078 et
2081 2005 2489 2078 inferiorum
2556 2005 3010 2080 ecclesiarum
3063 2020 3174 2075 re-

529 2141 566 2185 »
607 2124 858 2197 ctores,
915 2116 1038 2205 qui
1092 2133 1379 2186 suarum
1433 2116 1737 2205 quisque
1789 2116 2025 2189 ovium
2079 2135 2319 2189 curam
2354 2117 2696 2207 habeant,
2736 2124 2817 2189 ut
2852 2116 3019 2190 ordo
3056 2132 3173 2187 ec-

531 2253 568 2296 »
607 2227 1041 2300 clesiasticus
1093 2243 1238 2298 non
1290 2224 1792 2316 confundatur,
1850 2234 1973 2301 aut
2025 2247 2168 2299 una
2221 2234 2293 2301 et
2343 2230 2591 2301 eadem
2644 2227 2940 2301 ecclesia
2992 2226 3172 2299 dua-

529 2365 566 2408 »
607 2358 759 2410 rum
813 2337 1333 2429 quodammodo
1369 2338 1796 2411 dioecesium
1848 2340 1975 2412 fiat
2026 2359 2170 2412 non
2204 2342 2356 2413 sine
2397 2341 2589 2433 gravi
2625 2357 2867 2412 eorum
2902 2338 3175 2409 incom-

532 2476 569 2519 »
612 2451 842 2539 mod0,
899 2451 1022 2541 qui
1073 2450 1175 2522 illi
1227 2450 1498 2524 subditi
1535 2451 1924 2524 fuerim...
1962 2478 2000 2522 >

675 2565 790 2635 13.
836 2562 1102 2636 Accidit
1155 2561 1557 2653 aliquoties,
1612 2569 1693 2636 ut
1744 2560 2074 2659 Episcopi
2130 2565 2202 2637 in
2253 2566 2400 2638 suis
2464 2563 2929 2637 relationibus
2996 2582 3167 2637 con-

524 2676 935 2749 troversiam
990 2673 1125 2746 sibi
1180 2693 1331 2747 esse
1383 2676 1798 2748 renuntient
1851 2695 2009 2748 cum
2063 2676 2466 2768 limitropho
2536 2673 2882 2767 Episcopo
2949 2693 3165 2768 super

526 2789 766 2878 aliquo
814 2786 994 2877 loco,
1050 2786 1381 2859 videlicet
1428 2806 1599 2860 suae
1654 2807 1746 2859 an
1800 2789 2092 2861 alterius
2145 2790 2544 2862 auctoritati
2599 2788 2794 2860 locus
2845 2787 2961 2859 ille
2998 2785 3173 2859 sub-

525 2900 780 2972 iaceat.
853 2897 926 2971 Si
995 2906 1231 2972 tamen
1290 2899 1364 2970 in
1415 2899 1881 2973 relationibus
1957 2901 2261 2988 confinia
2331 2899 2671 2973 dioecesis
2739 2897 3171 2970 adamussim

526 3011 886 3084 delineata
941 3027 1023 3084 ac
1076 3009 1431 3101 descripta
1485 3008 1776 3100 luerint,
1833 3011 2118 3084 difficile
2187 3030 2329 3083 non
2401 3013 2535 3083 erit
2601 3028 2880 3083 omnem
2953 3027 3174 3099 quae-

525 3125 854 3211 stionem,
909 3122 1194 3195 easdem
1246 3123 1710 3211 consulendo,
1766 3123 2122 3196 dirimere.
2178 3119 2540 3213 Quidquid
2590 3124 2780 3195 enim
2846 3121 3034 3193 intra
3084 3122 3171 3193 li-

526 3237 731 3308 mites
783 3242 947 3307 tuae
998 3234 1341 3307 dioecesis
1392 3237 1822 3323 continetur,
1864 3240 2029 3307 tuae
2065 3234 2529 3308 iurisdictioni
2564 3232 2857 3305 subesse
2893 3251 2979 3305 ex
3017 3234 3169 3304 iure

524 3346 1024 3438 praesumitur,
1081 3364 1308 3437 eoque
1360 3347 1585 3438 magis
1635 3348 1694 3418 si
1745 3347 1888 3419 alia
1926 3353 2342 3438 argumenta
2380 3346 2452 3416 in
2488 3343 2884 3416 subsidium
2923 3342 3173 3415 afferre

524 3459 757 3531 detur.
820 3455 923 3530 Ad
973 3456 1106 3530 boc
1159 3458 1585 3549 principium
1639 3465 1796 3531 tuto
1847 3458 2331 3546 statuendum,
2398 3475 2686 3529 causam
2753 3454 3173 3527 subiicimus

525 3571 863 3661 agitatam
920 3586 1136 3660 penes
1189 3566 1260 3640 S.
1302 3566 1378 3641 C.
1420 3567 1707 3642 Concilii
1746 3571 1820 3642 in
1860 3571 2336 3661 caputaquen.
2386 3569 2498 3639 12.
2536 3562 2724 3638 Iulii.
2765 3566 3011 3654 1760„
3054 3585 3179 3638 cu-

524 3681 635 3755 ius
668 3682 917 3774 folium
955 3677 1066 3776 (1)
1103 3682 1199 3752 ita
1236 3697 1311 3752 se
1348 3680 1565 3754 habet
1601 3678 1844 3776 (Thes.
1881 3680 2181 3753 Resolut.
2218 3686 2269 3750 t.
2300 3680 2421 3753 29.
2447 3700 2616 3772 paq.
2655 3675 2850 3771 90.):
2908 3698 2944 3741 ‹
2976 3671 3185 3747 Ordi-

530 3818 567 3862 ›
611 3794 880 3864 nariam
933 3792 1071 3864 sibi
1124 3793 1375 3866 asserit
1428 3793 1987 3866 iurisdictionem
2042 3788 2433 3882 Episcopus
2485 3790 3051 3883 Caputaquensis
3106 3788 3181 3859 in

417 3943 421 3948 -
528 3927 567 3974 »
609 3903 778 3976 locis
831 3901 1091 3976 Rhodii
1146 3911 1216 3977 et
1268 3902 1341 3976 S.
1387 3901 1637 3993 Mauri,
1695 3911 1942 3994 utpote
1978 3903 2448 3975 existentibus
2485 3904 2668 3976 intra
2706 3901 2963 3973 limites
3000 3919 3176 3973 suae

530 4037 566 4084 ›
610 4015 1038 4104 dioeceseos,
1079 4016 1244 4089 licet
1296 4017 1703 4107 pertineant
1739 4016 1831 4087 ad
1867 4014 2334 4088 baiulivatum
2372 4011 2445 4085 S.
2480 4012 2914 4105 Euphemiae
2951 4031 3012 4083 s.
3046 4008 3179 4084 Or-

531 4152 568 4196 »
611 4127 796 4198 dinis
865 4124 1515 4220 Hierosolymitani,
1591 4133 1661 4200 et
1728 4128 1914 4199 ultra
1983 4127 2154 4199 iuris
2231 4126 2921 4218 praesumptionem,
2993 4141 3182 4214 quae

531 4261 570 4308 »
609 4234 974 4333 Episcopis
1028 4241 1294 4315 assistit
1347 4239 1420 4312 in
1473 4245 1618 4313 toto
1671 4239 1948 4313 ambitu
1999 4259 2284 4313 suarum
2339 4239 2777 4328 dioeceseon,
2819 4242 2890 4309 et
2920 4234 3184 4309 tradita

671 4540 744 4613 (1)
782 4544 1013 4609 Quoties
1052 4545 1112 4596 in
1150 4545 1249 4597 hoc
1287 4559 1449 4610 opere
1486 4545 1819 4598 enuntiatur
1846 4544 2078 4610 solium
2117 4544 2360 4597 alicuius
2396 4557 2594 4596 causae
2631 4556 2797 4608 penes
2834 4543 2893 4596 S.
2923 4541 2984 4594 Ο.
3011 4542 3180 4598 conc.

528 4628 805 4693 agitatae,
839 4631 941 4681 sub
970 4628 1067 4681 boc
1104 4632 1271 4683 verbo
1311 4629 1687 4694 intelligenda
1724 4635 1811 4681 eet
1851 4630 2153 4683 secretarii
2193 4629 2416 4692 relatio,
2458 4628 2600 4680 faeti
2636 4642 2700 4679 ac
2736 4628 2883 4680 iuris
2908 4633 3184 4679 momentu

528 4715 837 4782 continens,
882 4731 1019 4782 quae
1060 4715 1129 4767 ad
1167 4731 1387 4767 causum
1426 4714 1604 4780 ipsam
1635 4714 1979 4767 referuntur.
