<?xml version="1.0" encoding="UTF-8"?>
<!DOCTYPE html PUBLIC "-//W3C//DTD XHTML 1.0 Transitional//EN"
    "http://www.w3.org/TR/xhtml1/DTD/xhtml1-transitional.dtd">
<html xmlns="http://www.w3.org/1999/xhtml" xml:lang="en" lang="en">
 <head>
  <title>
</title>
<meta http-equiv="Content-Type" content="text/html;charset=utf-8" />
  <meta name='ocr-system' content='tesseract 3.04.00' />
  <meta name='ocr-capabilities' content='ocr_page ocr_carea ocr_par ocr_line ocrx_word'/>
</head>
<body>
  <div class='ocr_page' id='page_1' title='image "./devisitationesa00popegoog_0374.png"; bbox 0 0 3497 5235; ppageno 0'>
   <div class='ocr_carea' id='block_1_1' title="bbox 591 302 2504 378">
    <p class='ocr_par' dir='ltr' id='par_1_1' title="bbox 591 302 2504 378">
     <span class='ocr_line' id='line_1_1' title="bbox 591 302 2504 378; baseline -0.005 -9"><span class='ocrx_word' id='word_1_1' title='bbox 591 307 709 369; x_wconf 69' lang='lat'>334</span> <span class='ocrx_word' id='word_1_2' title='bbox 1333 304 1707 366; x_wconf 70' lang='lat' dir='ltr'>Instructiunis</span> <span class='ocrx_word' id='word_1_3' title='bbox 1747 303 1801 361; x_wconf 78' lang='lat'>8.</span> <span class='ocrx_word' id='word_1_4' title='bbox 1831 302 2015 376; x_wconf 74' lang='lat' dir='ltr'>Gongr.</span> <span class='ocrx_word' id='word_1_5' title='bbox 2043 303 2190 361; x_wconf 81' lang='grc' dir='ltr'><strong>Οοιιο.</strong></span> <span class='ocrx_word' id='word_1_6' title='bbox 2231 304 2504 378; x_wconf 74' lang='lat' dir='ltr'>expositio.</span> 
     </span>
    </p>
   </div>
   <div class='ocr_carea' id='block_1_2' title="bbox 588 435 3250 2320">
    <p class='ocr_par' dir='ltr' id='par_1_2' title="bbox 588 435 3236 977">
     <span class='ocr_line' id='line_1_2' title="bbox 591 435 3234 528; baseline -0.005 -11"><span class='ocrx_word' id='word_1_7' title='bbox 591 443 1070 517; x_wconf 89' lang='lat' dir='ltr'>conscientiae</span> <span class='ocrx_word' id='word_1_8' title='bbox 1120 440 1454 528; x_wconf 91' lang='lat' dir='ltr'>scrupulo</span> <span class='ocrx_word' id='word_1_9' title='bbox 1508 440 1930 511; x_wconf 87' lang='lat' dir='ltr'>continuare</span> <span class='ocrx_word' id='word_1_10' title='bbox 1984 440 2288 527; x_wconf 85' lang='lat' dir='ltr'><strong>possint,</strong></span> <span class='ocrx_word' id='word_1_11' title='bbox 2330 438 2496 510; x_wconf 91' lang='lat' dir='ltr'>licet</span> <span class='ocrx_word' id='word_1_12' title='bbox 2548 435 2834 527; x_wconf 87' lang='lat' dir='ltr'>penitus</span> <span class='ocrx_word' id='word_1_13' title='bbox 2886 435 3098 507; x_wconf 88' lang='lat' dir='ltr'>dictis</span> <span class='ocrx_word' id='word_1_14' title='bbox 3136 455 3234 506; x_wconf 89' lang='lat' dir='ltr'>ru-</span> 
     </span>
     <span class='ocr_line' id='line_1_3' title="bbox 588 549 3229 640; baseline -0.005 -13"><span class='ocrx_word' id='word_1_15' title='bbox 588 555 807 627; x_wconf 89' lang='lat' dir='ltr'>bricis</span> <span class='ocrx_word' id='word_1_16' title='bbox 841 552 1180 626; x_wconf 87' lang='lat' dir='ltr'>Breviarii</span> <span class='ocrx_word' id='word_1_17' title='bbox 1218 552 1578 625; x_wconf 75' lang='lat' dir='ltr'>reformati</span> <span class='ocrx_word' id='word_1_18' title='bbox 1618 550 1999 622; x_wconf 79' lang='lat' dir='ltr'>conformis</span> <span class='ocrx_word' id='word_1_19' title='bbox 2035 569 2178 622; x_wconf 91' lang='lat' dir='ltr'>non</span> <span class='ocrx_word' id='word_1_20' title='bbox 2216 552 2332 637; x_wconf 92' lang='lat' dir='ltr'>sit,</span> <span class='ocrx_word' id='word_1_21' title='bbox 2375 550 2739 622; x_wconf 80' lang='lat' dir='ltr'>licentiam</span> <span class='ocrx_word' id='word_1_22' title='bbox 2773 549 3160 640; x_wconf 87' lang='lat' dir='ltr'>petierunt.</span> <span class='ocrx_word' id='word_1_23' title='bbox 3197 572 3229 614; x_wconf 82' lang='lat'>›</span> 
     </span>
     <span class='ocr_line' id='line_1_4' title="bbox 590 657 3236 753; baseline -0.003 -13"><span class='ocrx_word' id='word_1_24' title='bbox 590 670 663 741; x_wconf 88' lang='lat' dir='ltr'>S.</span> <span class='ocrx_word' id='word_1_25' title='bbox 705 664 796 738; x_wconf 87' lang='lat' dir='ltr'>R.</span> <span class='ocrx_word' id='word_1_26' title='bbox 838 663 913 737; x_wconf 91' lang='lat' dir='ltr'>C.</span> <span class='ocrx_word' id='word_1_27' title='bbox 956 665 1231 736; x_wconf 89' lang='lat' dir='ltr'>censuit</span> <span class='ocrx_word' id='word_1_28' title='bbox 1269 668 1339 735; x_wconf 87' lang='lat' dir='ltr'>et</span> <span class='ocrx_word' id='word_1_29' title='bbox 1376 663 1769 735; x_wconf 81' lang='lat' dir='ltr'>declaravit</span> <span class='ocrx_word' id='word_1_30' title='bbox 1822 664 1939 734; x_wconf 91' lang='lat' dir='ltr'>die</span> <span class='ocrx_word' id='word_1_31' title='bbox 1991 665 2064 733; x_wconf 78' lang='lat'>2.</span> <span class='ocrx_word' id='word_1_32' title='bbox 2116 662 2414 753; x_wconf 76' lang='lat' dir='ltr'>Augusti</span> <span class='ocrx_word' id='word_1_33' title='bbox 2459 662 2727 733; x_wconf 84' lang='lat'><strong>1603.:</strong></span> <span class='ocrx_word' id='word_1_34' title='bbox 2789 682 2826 726; x_wconf 86' lang='lat'><strong>‹</strong></span> <span class='ocrx_word' id='word_1_35' title='bbox 2863 657 3236 731; x_wconf 84' lang='lat' dir='ltr'>Canonicos</span> 
     </span>
     <span class='ocr_line' id='line_1_5' title="bbox 591 772 3231 869; baseline -0.004 -17"><span class='ocrx_word' id='word_1_36' title='bbox 591 785 663 852; x_wconf 90' lang='lat' dir='ltr'>et</span> <span class='ocrx_word' id='word_1_37' title='bbox 697 776 1101 869; x_wconf 82' lang='lat' dir='ltr'>Capitulum</span> <span class='ocrx_word' id='word_1_38' title='bbox 1137 775 1578 864; x_wconf 90' lang='lat' dir='ltr'>praedictum</span> <span class='ocrx_word' id='word_1_39' title='bbox 1607 774 1994 865; x_wconf 83' lang='lat' dir='ltr'>allegatam</span> <span class='ocrx_word' id='word_1_40' title='bbox 2020 772 2645 860; x_wconf 88' lang='lat' dir='ltr'>consuetudinem,</span> <span class='ocrx_word' id='word_1_41' title='bbox 2680 780 3041 862; x_wconf 88' lang='lat' dir='ltr'>quatenus</span> <span class='ocrx_word' id='word_1_42' title='bbox 3068 788 3231 859; x_wconf 81' lang='lat' dir='ltr'>vere,</span> 
     </span>
     <span class='ocr_line' id='line_1_6' title="bbox 593 888 2368 977; baseline -0.003 -14"><span class='ocrx_word' id='word_1_43' title='bbox 593 898 675 963; x_wconf 93' lang='lat' dir='ltr'>ut</span> <span class='ocrx_word' id='word_1_44' title='bbox 724 896 1095 963; x_wconf 90' lang='lat' dir='ltr'>narratum</span> <span class='ocrx_word' id='word_1_45' title='bbox 1147 894 1278 975; x_wconf 89' lang='lat' dir='ltr'>est,</span> <span class='ocrx_word' id='word_1_46' title='bbox 1320 888 1535 975; x_wconf 92' lang='lat' dir='ltr'>adsit,</span> <span class='ocrx_word' id='word_1_47' title='bbox 1576 888 1999 959; x_wconf 91' lang='lat' dir='ltr'>continuare</span> <span class='ocrx_word' id='word_1_48' title='bbox 2053 904 2287 977; x_wconf 90' lang='lat' dir='ltr'>posse.</span> <span class='ocrx_word' id='word_1_49' title='bbox 2331 913 2368 958; x_wconf 82' lang='lat'>›</span> 
     </span>
    </p>

    <p class='ocr_par' dir='ltr' id='par_1_3' title="bbox 592 995 3250 2320">
     <span class='ocr_line' id='line_1_7' title="bbox 748 995 3233 1089; baseline -0.003 -16"><span class='ocrx_word' id='word_1_50' title='bbox 748 1002 911 1073; x_wconf 75' lang='lat'><strong>126.</strong></span> <span class='ocrx_word' id='word_1_51' title='bbox 954 998 1060 1070; x_wconf 80' lang='lat' dir='ltr'>Ex</span> <span class='ocrx_word' id='word_1_52' title='bbox 1111 998 1582 1071; x_wconf 82' lang='lat' dir='ltr'>relationibus</span> <span class='ocrx_word' id='word_1_53' title='bbox 1630 995 2144 1089; x_wconf 88' lang='lat' dir='ltr'>Episcoporum</span> <span class='ocrx_word' id='word_1_54' title='bbox 2182 996 2572 1088; x_wconf 87' lang='lat' dir='ltr'>aliquando</span> <span class='ocrx_word' id='word_1_55' title='bbox 2625 1001 3063 1086; x_wconf 89' lang='lat' dir='ltr'>compertum</span> <span class='ocrx_word' id='word_1_56' title='bbox 3115 1001 3233 1082; x_wconf 89' lang='lat' dir='ltr'>est,</span> 
     </span>
     <span class='ocr_line' id='line_1_8' title="bbox 593 1106 3242 1201; baseline -0.003 -17"><span class='ocrx_word' id='word_1_57' title='bbox 593 1113 669 1184; x_wconf 92' lang='lat' dir='ltr'>in</span> <span class='ocrx_word' id='word_1_58' title='bbox 721 1113 1087 1183; x_wconf 85' lang='lat' dir='ltr'>nonnullis</span> <span class='ocrx_word' id='word_1_59' title='bbox 1137 1109 1480 1201; x_wconf 90' lang='lat' dir='ltr'>Capitulis</span> <span class='ocrx_word' id='word_1_60' title='bbox 1549 1108 1743 1181; x_wconf 91' lang='lat' dir='ltr'>hunc</span> <span class='ocrx_word' id='word_1_61' title='bbox 1796 1127 1951 1181; x_wconf 90' lang='lat' dir='ltr'>esse</span> <span class='ocrx_word' id='word_1_62' title='bbox 2005 1127 2273 1181; x_wconf 91' lang='lat' dir='ltr'>morem</span> <span class='ocrx_word' id='word_1_63' title='bbox 2324 1110 2742 1196; x_wconf 88' lang='lat' dir='ltr'>inductum,</span> <span class='ocrx_word' id='word_1_64' title='bbox 2800 1115 2882 1179; x_wconf 93' lang='lat' dir='ltr'>ut</span> <span class='ocrx_word' id='word_1_65' title='bbox 2934 1106 3242 1178; x_wconf 89' lang='lat' dir='ltr'>canonici</span> 
     </span>
     <span class='ocr_line' id='line_1_9' title="bbox 593 1216 3239 1311; baseline -0.003 -16"><span class='ocrx_word' id='word_1_66' title='bbox 593 1242 738 1296; x_wconf 91' lang='lat' dir='ltr'>non</span> <span class='ocrx_word' id='word_1_67' title='bbox 790 1223 1125 1294; x_wconf 90' lang='lat' dir='ltr'>omnibus</span> <span class='ocrx_word' id='word_1_68' title='bbox 1175 1222 1400 1293; x_wconf 89' lang='lat' dir='ltr'>divini</span> <span class='ocrx_word' id='word_1_69' title='bbox 1452 1221 1662 1293; x_wconf 85' lang='lat' dir='ltr'>officii</span> <span class='ocrx_word' id='word_1_70' title='bbox 1718 1220 2047 1311; x_wconf 88' lang='lat' dir='ltr'>partibus</span> <span class='ocrx_word' id='word_1_71' title='bbox 2107 1238 2388 1311; x_wconf 85' lang='lat' dir='ltr'>semper</span> <span class='ocrx_word' id='word_1_72' title='bbox 2440 1220 2846 1306; x_wconf 84' lang='lat' dir='ltr'>adsistant,</span> <span class='ocrx_word' id='word_1_73' title='bbox 2910 1217 3037 1289; x_wconf 90' lang='lat' dir='ltr'>sed</span> <span class='ocrx_word' id='word_1_74' title='bbox 3095 1216 3239 1288; x_wconf 89' lang='lat' dir='ltr'>huic</span> 
     </span>
     <span class='ocr_line' id='line_1_10' title="bbox 592 1329 3247 1425; baseline -0.003 -19"><span class='ocrx_word' id='word_1_75' title='bbox 592 1336 869 1407; x_wconf 92' lang='lat' dir='ltr'>muneri</span> <span class='ocrx_word' id='word_1_76' title='bbox 923 1353 1011 1406; x_wconf 82' lang='lat' dir='ltr'>ex</span> <span class='ocrx_word' id='word_1_77' title='bbox 1062 1334 1254 1405; x_wconf 91' lang='lat' dir='ltr'>omni</span> <span class='ocrx_word' id='word_1_78' title='bbox 1293 1338 1494 1424; x_wconf 86' lang='lat' dir='ltr'>parte</span> <span class='ocrx_word' id='word_1_79' title='bbox 1529 1332 1915 1425; x_wconf 84' lang='lat' dir='ltr'>capellani,</span> <span class='ocrx_word' id='word_1_80' title='bbox 1958 1332 2232 1404; x_wconf 87' lang='lat' dir='ltr'>aliaeve</span> <span class='ocrx_word' id='word_1_81' title='bbox 2269 1331 2631 1403; x_wconf 88' lang='lat' dir='ltr'>adsimiles</span> <span class='ocrx_word' id='word_1_82' title='bbox 2666 1347 3016 1420; x_wconf 89' lang='lat' dir='ltr'>personae</span> <span class='ocrx_word' id='word_1_83' title='bbox 3054 1329 3247 1399; x_wconf 89' lang='lat' dir='ltr'>satis-</span> 
     </span>
     <span class='ocr_line' id='line_1_11' title="bbox 594 1440 3247 1531; baseline -0.003 -12"><span class='ocrx_word' id='word_1_84' title='bbox 594 1448 886 1521; x_wconf 80' lang='lat' dir='ltr'>faciant.</span> <span class='ocrx_word' id='word_1_85' title='bbox 930 1444 1250 1518; x_wconf 88' lang='lat' dir='ltr'>Iamvero</span> <span class='ocrx_word' id='word_1_86' title='bbox 1303 1448 1375 1517; x_wconf 92' lang='lat' dir='ltr'>S.</span> <span class='ocrx_word' id='word_1_87' title='bbox 1418 1443 1490 1517; x_wconf 88' lang='lat' dir='ltr'>C.</span> <span class='ocrx_word' id='word_1_88' title='bbox 1534 1444 1746 1519; x_wconf 90' lang='lat' dir='ltr'>Conc.</span> <span class='ocrx_word' id='word_1_89' title='bbox 1805 1445 2001 1517; x_wconf 87' lang='lat' dir='ltr'>bisce</span> <span class='ocrx_word' id='word_1_90' title='bbox 2056 1446 2128 1516; x_wconf 90' lang='lat' dir='ltr'>in</span> <span class='ocrx_word' id='word_1_91' title='bbox 2181 1444 2493 1531; x_wconf 88' lang='lat' dir='ltr'>casibus,</span> <span class='ocrx_word' id='word_1_92' title='bbox 2554 1444 2834 1515; x_wconf 88' lang='lat' dir='ltr'>tametsi</span> <span class='ocrx_word' id='word_1_93' title='bbox 2888 1440 3247 1514; x_wconf 84' lang='lat' dir='ltr'>Pontificia</span> 
     </span>
     <span class='ocr_line' id='line_1_12' title="bbox 593 1554 3248 1651; baseline -0.004 -18"><span class='ocrx_word' id='word_1_94' title='bbox 593 1559 1043 1651; x_wconf 84' lang='lat' dir='ltr'>indulgentia</span> <span class='ocrx_word' id='word_1_95' title='bbox 1099 1557 1447 1630; x_wconf 88' lang='lat' dir='ltr'>utendum</span> <span class='ocrx_word' id='word_1_96' title='bbox 1483 1557 1793 1645; x_wconf 82' lang='lat' dir='ltr'>duxerit,</span> <span class='ocrx_word' id='word_1_97' title='bbox 1835 1563 2148 1630; x_wconf 83' lang='lat' dir='ltr'>attamen</span> <span class='ocrx_word' id='word_1_98' title='bbox 2187 1557 2450 1629; x_wconf 85' lang='lat' dir='ltr'>diserte</span> <span class='ocrx_word' id='word_1_99' title='bbox 2498 1554 3071 1626; x_wconf 84' lang='lat' dir='ltr'>animadvertere</span> <span class='ocrx_word' id='word_1_100' title='bbox 3124 1570 3248 1623; x_wconf 91' lang='lat' dir='ltr'>non</span> 
     </span>
     <span class='ocr_line' id='line_1_13' title="bbox 595 1664 3249 1758; baseline -0.003 -16"><span class='ocrx_word' id='word_1_101' title='bbox 595 1671 858 1758; x_wconf 88' lang='lat' dir='ltr'>omisit,</span> <span class='ocrx_word' id='word_1_102' title='bbox 901 1687 1164 1742; x_wconf 87' lang='lat' dir='ltr'>morem</span> <span class='ocrx_word' id='word_1_103' title='bbox 1218 1671 1410 1741; x_wconf 87' lang='lat' dir='ltr'>hunc</span> <span class='ocrx_word' id='word_1_104' title='bbox 1462 1669 1881 1741; x_wconf 89' lang='lat' dir='ltr'>abnormem</span> <span class='ocrx_word' id='word_1_105' title='bbox 1933 1686 2221 1758; x_wconf 88' lang='lat' dir='ltr'>prorsus</span> <span class='ocrx_word' id='word_1_106' title='bbox 2274 1684 2452 1755; x_wconf 87' lang='lat' dir='ltr'>esse,</span> <span class='ocrx_word' id='word_1_107' title='bbox 2510 1684 2745 1756; x_wconf 87' lang='lat' dir='ltr'>neque</span> <span class='ocrx_word' id='word_1_108' title='bbox 2800 1664 3249 1738; x_wconf 89' lang='lat' dir='ltr'>consuetudi-</span> 
     </span>
     <span class='ocr_line' id='line_1_14' title="bbox 596 1776 3247 1874; baseline -0.002 -21"><span class='ocrx_word' id='word_1_109' title='bbox 596 1783 712 1854; x_wconf 91' lang='lat' dir='ltr'>nis</span> <span class='ocrx_word' id='word_1_110' title='bbox 748 1782 1023 1872; x_wconf 83' lang='lat' dir='ltr'>clype0,</span> <span class='ocrx_word' id='word_1_111' title='bbox 1065 1782 1176 1853; x_wconf 88' lang='lat' dir='ltr'>vel</span> <span class='ocrx_word' id='word_1_112' title='bbox 1209 1780 1541 1874; x_wconf 89' lang='lat' dir='ltr'>Episcopi</span> <span class='ocrx_word' id='word_1_113' title='bbox 1579 1782 1864 1854; x_wconf 89' lang='lat' dir='ltr'>decreto</span> <span class='ocrx_word' id='word_1_114' title='bbox 1904 1798 2110 1871; x_wconf 90' lang='lat' dir='ltr'>posse</span> <span class='ocrx_word' id='word_1_115' title='bbox 2145 1779 2401 1852; x_wconf 81' lang='lat' dir='ltr'>fulciri.</span> <span class='ocrx_word' id='word_1_116' title='bbox 2460 1776 2547 1850; x_wconf 89' lang='lat' dir='ltr'>Id</span> <span class='ocrx_word' id='word_1_117' title='bbox 2583 1797 2695 1850; x_wconf 80' lang='lat' dir='ltr'>ex.</span> <span class='ocrx_word' id='word_1_118' title='bbox 2742 1797 2856 1869; x_wconf 82' lang='lat' dir='ltr'>gr.</span> <span class='ocrx_word' id='word_1_119' title='bbox 2900 1779 3140 1849; x_wconf 91' lang='lat' dir='ltr'>evenit</span> <span class='ocrx_word' id='word_1_120' title='bbox 3185 1777 3247 1847; x_wconf 91' lang='lat' dir='ltr'>in</span> 
     </span>
     <span class='ocr_line' id='line_1_15' title="bbox 597 1887 3247 1985; baseline -0.003 -18"><span class='ocrx_word' id='word_1_121' title='bbox 597 1893 919 1985; x_wconf 88' lang='lat' dir='ltr'>Capitulo</span> <span class='ocrx_word' id='word_1_122' title='bbox 968 1890 1530 1982; x_wconf 86' lang='lat' dir='ltr'>Wratislavien.,</span> <span class='ocrx_word' id='word_1_123' title='bbox 1569 1889 1907 1984; x_wconf 87' lang='lat' dir='ltr'>Nitrien.,</span> <span class='ocrx_word' id='word_1_124' title='bbox 1949 1901 2020 1966; x_wconf 88' lang='lat' dir='ltr'>et</span> <span class='ocrx_word' id='word_1_125' title='bbox 2074 1895 2257 1981; x_wconf 77' lang='lat' dir='ltr'>aliiS,</span> <span class='ocrx_word' id='word_1_126' title='bbox 2299 1890 2565 1982; x_wconf 89' lang='lat' dir='ltr'>quibus</span> <span class='ocrx_word' id='word_1_127' title='bbox 2601 1890 2900 1983; x_wconf 89' lang='lat' dir='ltr'>proinde</span> <span class='ocrx_word' id='word_1_128' title='bbox 2953 1891 3026 1962; x_wconf 92' lang='lat' dir='ltr'>S.</span> <span class='ocrx_word' id='word_1_129' title='bbox 3074 1887 3145 1961; x_wconf 89' lang='lat' dir='ltr'>C.</span> <span class='ocrx_word' id='word_1_130' title='bbox 3183 1889 3247 1959; x_wconf 91' lang='lat' dir='ltr'>in</span> 
     </span>
     <span class='ocr_line' id='line_1_16' title="bbox 594 2004 3250 2099; baseline -0.002 -22"><span class='ocrx_word' id='word_1_131' title='bbox 594 2007 1056 2097; x_wconf 87' lang='lat' dir='ltr'>responsione</span> <span class='ocrx_word' id='word_1_132' title='bbox 1111 2005 1203 2076; x_wconf 89' lang='lat' dir='ltr'>ad</span> <span class='ocrx_word' id='word_1_133' title='bbox 1257 2006 1641 2078; x_wconf 89' lang='lat' dir='ltr'>relationes</span> <span class='ocrx_word' id='word_1_134' title='bbox 1707 2004 2223 2099; x_wconf 89' lang='lat' dir='ltr'>Episcoporum</span> <span class='ocrx_word' id='word_1_135' title='bbox 2275 2022 2521 2076; x_wconf 86' lang='lat' dir='ltr'>earum</span> <span class='ocrx_word' id='word_1_136' title='bbox 2573 2004 2995 2076; x_wconf 89' lang='lat' dir='ltr'>dioeceseon</span> <span class='ocrx_word' id='word_1_137' title='bbox 3060 2018 3250 2093; x_wconf 89' lang='lat' dir='ltr'>prae-</span> 
     </span>
     <span class='ocr_line' id='line_1_17' title="bbox 596 2115 3248 2208; baseline -0.002 -18"><span class='ocrx_word' id='word_1_138' title='bbox 596 2117 812 2207; x_wconf 87' lang='lat' dir='ltr'>cepit,</span> <span class='ocrx_word' id='word_1_139' title='bbox 856 2123 933 2190; x_wconf 92' lang='lat' dir='ltr'>ut</span> <span class='ocrx_word' id='word_1_140' title='bbox 986 2116 1407 2208; x_wconf 89' lang='lat' dir='ltr'>disciplinae</span> <span class='ocrx_word' id='word_1_141' title='bbox 1461 2117 1985 2190; x_wconf 87' lang='lat' dir='ltr'>ecclesiasticae</span> <span class='ocrx_word' id='word_1_142' title='bbox 2040 2135 2195 2190; x_wconf 92' lang='lat' dir='ltr'>sese</span> <span class='ocrx_word' id='word_1_143' title='bbox 2247 2115 2800 2204; x_wconf 76' lang='lat' dir='ltr'>conformarent,</span> <span class='ocrx_word' id='word_1_144' title='bbox 2843 2116 2956 2187; x_wconf 90' lang='lat' dir='ltr'>vel</span> <span class='ocrx_word' id='word_1_145' title='bbox 3007 2115 3248 2187; x_wconf 89' lang='lat' dir='ltr'>saltem</span> 
     </span>
     <span class='ocr_line' id='line_1_18' title="bbox 600 2228 1908 2320; baseline 0.001 -22"><span class='ocrx_word' id='word_1_146' title='bbox 600 2228 1072 2320; x_wconf 80' lang='lat' dir='ltr'>Apostolicam</span> <span class='ocrx_word' id='word_1_147' title='bbox 1128 2229 1409 2299; x_wconf 85' lang='lat' dir='ltr'>veniam</span> <span class='ocrx_word' id='word_1_148' title='bbox 1461 2235 1908 2319; x_wconf 83' lang='lat' dir='ltr'>expeterent.</span> 
     </span>
    </p>
   </div>
   <div class='ocr_carea' id='block_1_3' title="bbox 1385 2507 2469 2561">
    <p class='ocr_par' dir='ltr' id='par_1_4' title="bbox 1385 2507 2469 2561">
     <span class='ocr_line' id='line_1_19' title="bbox 1385 2507 2469 2561; baseline -0.002 0"><span class='ocrx_word' id='word_1_149' title='bbox 1385 2508 1523 2561; x_wconf 83' lang='lat' dir='ltr'>Art.</span> <span class='ocrx_word' id='word_1_150' title='bbox 1562 2507 1643 2560; x_wconf 92' lang='lat'>11.</span> <span class='ocrx_word' id='word_1_151' title='bbox 1684 2507 1776 2561; x_wconf 88' lang='lat' dir='ltr'>De</span> <span class='ocrx_word' id='word_1_152' title='bbox 1812 2507 2012 2561; x_wconf 77' lang='lat' dir='ltr'>Missa</span> <span class='ocrx_word' id='word_1_153' title='bbox 2044 2508 2469 2561; x_wconf 80' lang='lat' dir='ltr'>conventuali.</span> 
     </span>
    </p>
   </div>
   <div class='ocr_carea' id='block_1_4' title="bbox 594 2715 3294 4760">
    <p class='ocr_par' dir='ltr' id='par_1_5' title="bbox 594 2715 3294 4760">
     <span class='ocr_line' id='line_1_20' title="bbox 730 2715 3254 2807; baseline -0.001 -24"><span class='ocrx_word' id='word_1_154' title='bbox 730 2719 1150 2784; x_wconf 69' lang='lat' dir='ltr'>Summarum.</span> <span class='ocrx_word' id='word_1_155' title='bbox 1211 2720 1356 2783; x_wconf 78' lang='lat'><strong>127.</strong></span> <span class='ocrx_word' id='word_1_156' title='bbox 1397 2717 1637 2784; x_wconf 89' lang='lat' dir='ltr'>Bened.</span> <span class='ocrx_word' id='word_1_157' title='bbox 1679 2719 1843 2782; x_wconf 87' lang='lat' dir='ltr'>xlv.</span> <span class='ocrx_word' id='word_1_158' title='bbox 1884 2715 1947 2781; x_wconf 91' lang='lat' dir='ltr'>in</span> <span class='ocrx_word' id='word_1_159' title='bbox 1999 2717 2267 2784; x_wconf 88' lang='lat' dir='ltr'>Constit.</span> <span class='ocrx_word' id='word_1_160' title='bbox 2314 2720 2475 2783; x_wconf 82' lang='lat' dir='ltr'>Cum</span> <span class='ocrx_word' id='word_1_161' title='bbox 2520 2738 2755 2804; x_wconf 81' lang='lat' dir='ltr'>semper</span> <span class='ocrx_word' id='word_1_162' title='bbox 2794 2719 3041 2786; x_wconf 74' lang='lat' dir='ltr'>oblatas</span> <span class='ocrx_word' id='word_1_163' title='bbox 3087 2720 3254 2807; x_wconf 88' lang='lat' dir='ltr'>plura</span> 
     </span>
     <span class='ocr_line' id='line_1_21' title="bbox 596 2819 3255 2911; baseline 0.001 -25"><span class='ocrx_word' id='word_1_164' title='bbox 596 2820 1058 2905; x_wconf 83' lang='lat' dir='ltr'>sapientissime</span> <span class='ocrx_word' id='word_1_165' title='bbox 1109 2819 1189 2886; x_wconf 89' lang='lat' dir='ltr'>de</span> <span class='ocrx_word' id='word_1_166' title='bbox 1239 2823 1418 2885; x_wconf 87' lang='lat' dir='ltr'>Missa</span> <span class='ocrx_word' id='word_1_167' title='bbox 1468 2820 1877 2885; x_wconf 88' lang='lat' dir='ltr'>conventuali</span> <span class='ocrx_word' id='word_1_168' title='bbox 1938 2819 2265 2898; x_wconf 85' lang='lat' dir='ltr'>decrevit,</span> <span class='ocrx_word' id='word_1_169' title='bbox 2319 2832 2387 2886; x_wconf 90' lang='lat' dir='ltr'>et</span> <span class='ocrx_word' id='word_1_170' title='bbox 2434 2822 2512 2886; x_wconf 90' lang='lat' dir='ltr'>ita</span> <span class='ocrx_word' id='word_1_171' title='bbox 2579 2824 3074 2911; x_wconf 86' lang='lat' dir='ltr'>quamplurimis</span> <span class='ocrx_word' id='word_1_172' title='bbox 3119 2842 3255 2888; x_wconf 90' lang='lat' dir='ltr'>con·</span> 
     </span>
     <span class='ocr_line' id='line_1_22' title="bbox 598 2922 3255 3010; baseline -0.001 -21"><span class='ocrx_word' id='word_1_173' title='bbox 598 2924 921 2989; x_wconf 85' lang='lat' dir='ltr'>troversiis</span> <span class='ocrx_word' id='word_1_174' title='bbox 969 2922 1091 2987; x_wconf 92' lang='lat' dir='ltr'>iam</span> <span class='ocrx_word' id='word_1_175' title='bbox 1138 2923 1382 3008; x_wconf 82' lang='lat' dir='ltr'>agitatis</span> <span class='ocrx_word' id='word_1_176' title='bbox 1413 2922 1517 2988; x_wconf 87' lang='lat' dir='ltr'>vel</span> <span class='ocrx_word' id='word_1_177' title='bbox 1552 2922 1864 3008; x_wconf 84' lang='lat' dir='ltr'>agitandis</span> <span class='ocrx_word' id='word_1_178' title='bbox 1911 2933 2100 3006; x_wconf 87' lang='lat' dir='ltr'>caput</span> <span class='ocrx_word' id='word_1_179' title='bbox 2130 2923 2506 3010; x_wconf 88' lang='lat' dir='ltr'>amputavit.</span> <span class='ocrx_word' id='word_1_180' title='bbox 2542 2961 2587 2972; x_wconf 94' lang='lat'>—</span> <span class='ocrx_word' id='word_1_181' title='bbox 2623 2927 2774 2990; x_wconf 72' lang='lat'><strong>128.</strong></span> <span class='ocrx_word' id='word_1_182' title='bbox 2814 2925 3255 2991; x_wconf 79' lang='lat' dir='ltr'>conventualis</span> 
     </span>
     <span class='ocr_line' id='line_1_23' title="bbox 597 3023 3254 3113; baseline 0 -22"><span class='ocrx_word' id='word_1_183' title='bbox 597 3029 813 3091; x_wconf 83' lang='lat' dir='ltr'>Missae</span> <span class='ocrx_word' id='word_1_184' title='bbox 846 3025 1150 3113; x_wconf 82' lang='lat' dir='ltr'>obligatio</span> <span class='ocrx_word' id='word_1_185' title='bbox 1186 3025 1476 3091; x_wconf 86' lang='lat' dir='ltr'>ecclesias</span> <span class='ocrx_word' id='word_1_186' title='bbox 1510 3043 1730 3091; x_wconf 79' lang='lat' dir='ltr'>omnes</span> <span class='ocrx_word' id='word_1_187' title='bbox 1763 3023 2229 3110; x_wconf 75' lang='lat' dir='ltr'>patriarchaleS,</span> <span class='ocrx_word' id='word_1_188' title='bbox 2282 3026 2821 3110; x_wconf 79' lang='lat' dir='ltr'>metropolitanaS,</span> <span class='ocrx_word' id='word_1_189' title='bbox 2875 3028 3254 3093; x_wconf 82' lang='lat' dir='ltr'>cathedrales</span> 
     </span>
     <span class='ocr_line' id='line_1_24' title="bbox 597 3128 3260 3217; baseline -0 -23"><span class='ocrx_word' id='word_1_190' title='bbox 597 3140 662 3195; x_wconf 90' lang='lat' dir='ltr'>et</span> <span class='ocrx_word' id='word_1_191' title='bbox 709 3130 1066 3217; x_wconf 85' lang='lat' dir='ltr'>collegiatas</span> <span class='ocrx_word' id='word_1_192' title='bbox 1111 3128 1338 3206; x_wconf 83' lang='lat' dir='ltr'>afficit,</span> <span class='ocrx_word' id='word_1_193' title='bbox 1400 3128 1664 3194; x_wconf 90' lang='lat' dir='ltr'>minime</span> <span class='ocrx_word' id='word_1_194' title='bbox 1712 3146 1870 3192; x_wconf 83' lang='lat' dir='ltr'>vero</span> <span class='ocrx_word' id='word_1_195' title='bbox 1916 3128 2236 3215; x_wconf 89' lang='lat' dir='ltr'>simplices</span> <span class='ocrx_word' id='word_1_196' title='bbox 2282 3130 2612 3206; x_wconf 75' lang='lat' dir='ltr'>ecclesiaS,</span> <span class='ocrx_word' id='word_1_197' title='bbox 2667 3129 2819 3194; x_wconf 91' lang='lat' dir='ltr'>licet</span> <span class='ocrx_word' id='word_1_198' title='bbox 2882 3129 3124 3195; x_wconf 90' lang='lat' dir='ltr'>ibidem</span> <span class='ocrx_word' id='word_1_199' title='bbox 3170 3128 3260 3194; x_wconf 88' lang='lat' dir='ltr'>di·</span> 
     </span>
     <span class='ocr_line' id='line_1_25' title="bbox 597 3230 3263 3317; baseline 0 -22"><span class='ocrx_word' id='word_1_200' title='bbox 597 3230 820 3297; x_wconf 85' lang='lat' dir='ltr'>vinum</span> <span class='ocrx_word' id='word_1_201' title='bbox 869 3232 1146 3297; x_wconf 86' lang='lat' dir='ltr'>officium</span> <span class='ocrx_word' id='word_1_202' title='bbox 1195 3231 1558 3297; x_wconf 89' lang='lat' dir='ltr'>celebretur</span> <span class='ocrx_word' id='word_1_203' title='bbox 1603 3252 1732 3299; x_wconf 90' lang='lat' dir='ltr'>non</span> <span class='ocrx_word' id='word_1_204' title='bbox 1779 3250 1961 3296; x_wconf 89' lang='lat' dir='ltr'>secus</span> <span class='ocrx_word' id='word_1_205' title='bbox 2006 3252 2075 3297; x_wconf 92' lang='lat' dir='ltr'>ac</span> <span class='ocrx_word' id='word_1_206' title='bbox 2126 3231 2188 3296; x_wconf 92' lang='lat' dir='ltr'>in</span> <span class='ocrx_word' id='word_1_207' title='bbox 2237 3231 2603 3317; x_wconf 59' lang='lat' dir='ltr'>collegiatis</span> <span class='ocrx_word' id='word_1_208' title='bbox 2643 3268 2687 3280; x_wconf 89' lang='lat'>-</span> <span class='ocrx_word' id='word_1_209' title='bbox 2725 3234 2871 3297; x_wconf 75' lang='lat'><strong>129.</strong></span> <span class='ocrx_word' id='word_1_210' title='bbox 2920 3232 3016 3299; x_wconf 87' lang='lat' dir='ltr'>Ad</span> <span class='ocrx_word' id='word_1_211' title='bbox 3053 3232 3263 3298; x_wconf 76' lang='lat' dir='ltr'>Missae</span> 
     </span>
     <span class='ocr_line' id='line_1_26' title="bbox 596 3331 3266 3420; baseline 0.001 -23"><span class='ocrx_word' id='word_1_212' title='bbox 596 3335 1031 3400; x_wconf 87' lang='lat' dir='ltr'>conventualis</span> <span class='ocrx_word' id='word_1_213' title='bbox 1078 3334 1577 3400; x_wconf 83' lang='lat' dir='ltr'>celebrationem</span> <span class='ocrx_word' id='word_1_214' title='bbox 1631 3345 1934 3402; x_wconf 90' lang='lat' dir='ltr'>tenentur</span> <span class='ocrx_word' id='word_1_215' title='bbox 1995 3331 2317 3411; x_wconf 87' lang='lat' dir='ltr'>canonici,</span> <span class='ocrx_word' id='word_1_216' title='bbox 2380 3333 2781 3400; x_wconf 78' lang='lat' dir='ltr'>mansionarii</span> <span class='ocrx_word' id='word_1_217' title='bbox 2832 3334 3073 3420; x_wconf 89' lang='lat' dir='ltr'>aliique</span> <span class='ocrx_word' id='word_1_218' title='bbox 3123 3336 3266 3401; x_wconf 87' lang='lat' dir='ltr'>cbo-</span> 
     </span>
     <span class='ocr_line' id='line_1_27' title="bbox 596 3434 3265 3524; baseline 0.002 -26"><span class='ocrx_word' id='word_1_219' title='bbox 596 3434 746 3500; x_wconf 88' lang='lat' dir='ltr'>raiia</span> <span class='ocrx_word' id='word_1_220' title='bbox 795 3434 1097 3501; x_wconf 78' lang='lat' dir='ltr'>beneficia</span> <span class='ocrx_word' id='word_1_221' title='bbox 1147 3437 1584 3522; x_wconf 82' lang='lat' dir='ltr'>possidentes3</span> <span class='ocrx_word' id='word_1_222' title='bbox 1639 3457 1917 3524; x_wconf 89' lang='lat' dir='ltr'>cumque</span> <span class='ocrx_word' id='word_1_223' title='bbox 1969 3437 2334 3503; x_wconf 87' lang='lat' dir='ltr'>invaluisset</span> <span class='ocrx_word' id='word_1_224' title='bbox 2383 3437 2446 3502; x_wconf 90' lang='lat' dir='ltr'>in</span> <span class='ocrx_word' id='word_1_225' title='bbox 2495 3436 2835 3503; x_wconf 85' lang='lat' dir='ltr'>cathedrali</span> <span class='ocrx_word' id='word_1_226' title='bbox 2890 3444 3265 3504; x_wconf 72' lang='lat' dir='ltr'>Auximana</span> 
     </span>
     <span class='ocr_line' id='line_1_28' title="bbox 598 3538 3264 3617; baseline 0.001 -16"><span class='ocrx_word' id='word_1_227' title='bbox 598 3538 1020 3617; x_wconf 81' lang='lat' dir='ltr'>consuetudO,</span> <span class='ocrx_word' id='word_1_228' title='bbox 1074 3550 1144 3605; x_wconf 90' lang='lat' dir='ltr'>ut</span> <span class='ocrx_word' id='word_1_229' title='bbox 1192 3540 1412 3606; x_wconf 87' lang='lat' dir='ltr'>eadem</span> <span class='ocrx_word' id='word_1_230' title='bbox 1462 3562 1491 3605; x_wconf 91' lang='lat' dir='ltr'>a</span> <span class='ocrx_word' id='word_1_231' title='bbox 1541 3540 1932 3606; x_wconf 80' lang='lat' dir='ltr'>beneficiatis</span> <span class='ocrx_word' id='word_1_232' title='bbox 1981 3559 2107 3605; x_wconf 92' lang='lat' dir='ltr'>non</span> <span class='ocrx_word' id='word_1_233' title='bbox 2156 3538 2538 3617; x_wconf 83' lang='lat' dir='ltr'>choralibus,</span> <span class='ocrx_word' id='word_1_234' title='bbox 2590 3558 2659 3605; x_wconf 88' lang='lat' dir='ltr'>ac</span> <span class='ocrx_word' id='word_1_235' title='bbox 2708 3541 3163 3606; x_wconf 85' lang='lat' dir='ltr'>tantummodo</span> <span class='ocrx_word' id='word_1_236' title='bbox 3196 3540 3264 3603; x_wconf 89' lang='lat' dir='ltr'>ti-</span> 
     </span>
     <span class='ocr_line' id='line_1_29' title="bbox 595 3640 3269 3729; baseline -0 -22"><span class='ocrx_word' id='word_1_237' title='bbox 595 3642 807 3707; x_wconf 88' lang='lat' dir='ltr'>tulum</span> <span class='ocrx_word' id='word_1_238' title='bbox 855 3640 1092 3709; x_wconf 88' lang='lat' dir='ltr'>ibidem</span> <span class='ocrx_word' id='word_1_239' title='bbox 1140 3642 1522 3710; x_wconf 85' lang='lat' dir='ltr'>habentibus</span> <span class='ocrx_word' id='word_1_240' title='bbox 1569 3644 2028 3720; x_wconf 84' lang='lat' dir='ltr'>celebraretur,</span> <span class='ocrx_word' id='word_1_241' title='bbox 2068 3649 2132 3712; x_wconf 91' lang='lat' dir='ltr'>S.</span> <span class='ocrx_word' id='word_1_242' title='bbox 2166 3645 2240 3708; x_wconf 91' lang='lat' dir='ltr'>C.</span> <span class='ocrx_word' id='word_1_243' title='bbox 2277 3645 2470 3709; x_wconf 90' lang='lat' dir='ltr'>Conc.</span> <span class='ocrx_word' id='word_1_244' title='bbox 2512 3642 2735 3720; x_wconf 83' lang='lat' dir='ltr'>edixit,</span> <span class='ocrx_word' id='word_1_245' title='bbox 2774 3643 2852 3709; x_wconf 91' lang='lat' dir='ltr'>ad</span> <span class='ocrx_word' id='word_1_246' title='bbox 2890 3644 3269 3729; x_wconf 81' lang='lat' dir='ltr'>capitulares</span> 
     </span>
     <span class='ocr_line' id='line_1_30' title="bbox 597 3743 3268 3832; baseline 0 -23"><span class='ocrx_word' id='word_1_247' title='bbox 597 3762 736 3809; x_wconf 87' lang='lat' dir='ltr'>eam</span> <span class='ocrx_word' id='word_1_248' title='bbox 786 3743 1236 3831; x_wconf 83' lang='lat' dir='ltr'>obligationem</span> <span class='ocrx_word' id='word_1_249' title='bbox 1283 3759 1611 3832; x_wconf 86' lang='lat' dir='ltr'>spectare,</span> <span class='ocrx_word' id='word_1_250' title='bbox 1664 3758 1728 3812; x_wconf 87' lang='lat' dir='ltr'>et</span> <span class='ocrx_word' id='word_1_251' title='bbox 1778 3746 1991 3811; x_wconf 84' lang='lat' dir='ltr'>Missae</span> <span class='ocrx_word' id='word_1_252' title='bbox 2041 3745 2328 3812; x_wconf 88' lang='lat' dir='ltr'>eiusdem</span> <span class='ocrx_word' id='word_1_253' title='bbox 2378 3747 2846 3831; x_wconf 71' lang='lat' dir='ltr'>eleemosynam</span> <span class='ocrx_word' id='word_1_254' title='bbox 2898 3765 3028 3811; x_wconf 91' lang='lat' dir='ltr'>non</span> <span class='ocrx_word' id='word_1_255' title='bbox 3082 3765 3117 3809; x_wconf 90' lang='lat' dir='ltr'>a</span> <span class='ocrx_word' id='word_1_256' title='bbox 3168 3744 3268 3809; x_wconf 88' lang='lat' dir='ltr'>be-</span> 
     </span>
     <span class='ocr_line' id='line_1_31' title="bbox 594 3845 3272 3935; baseline -0.002 -20"><span class='ocrx_word' id='word_1_257' title='bbox 594 3846 925 3924; x_wconf 78' lang='lat' dir='ltr'>neficiatiS,</span> <span class='ocrx_word' id='word_1_258' title='bbox 976 3846 1089 3913; x_wconf 88' lang='lat' dir='ltr'>sed</span> <span class='ocrx_word' id='word_1_259' title='bbox 1140 3867 1218 3913; x_wconf 81' lang='lat' dir='ltr'>ex</span> <span class='ocrx_word' id='word_1_260' title='bbox 1265 3868 1460 3915; x_wconf 85' lang='lat' dir='ltr'>massa</span> <span class='ocrx_word' id='word_1_261' title='bbox 1510 3847 2033 3914; x_wconf 88' lang='lat' dir='ltr'>distributionum</span> <span class='ocrx_word' id='word_1_262' title='bbox 2084 3868 2218 3912; x_wconf 91' lang='lat' dir='ltr'>esse</span> <span class='ocrx_word' id='word_1_263' title='bbox 2250 3846 2761 3935; x_wconf 82' lang='lat' dir='ltr'>persolvendam.</span> <span class='ocrx_word' id='word_1_264' title='bbox 2801 3883 2844 3896; x_wconf 90' lang='lat'>-</span> <span class='ocrx_word' id='word_1_265' title='bbox 2886 3851 3034 3913; x_wconf 79' lang='lat'>130.</span> <span class='ocrx_word' id='word_1_266' title='bbox 3089 3845 3272 3932; x_wconf 89' lang='lat' dir='ltr'>Capi·</span> 
     </span>
     <span class='ocr_line' id='line_1_32' title="bbox 597 3949 3273 4037; baseline -0.001 -21"><span class='ocrx_word' id='word_1_267' title='bbox 597 3950 834 4016; x_wconf 87' lang='lat' dir='ltr'>tulares</span> <span class='ocrx_word' id='word_1_268' title='bbox 881 3950 1189 4036; x_wconf 88' lang='lat' dir='ltr'>praedicti</span> <span class='ocrx_word' id='word_1_269' title='bbox 1241 3970 1359 4037; x_wconf 89' lang='lat' dir='ltr'>per</span> <span class='ocrx_word' id='word_1_270' title='bbox 1394 3963 1652 4017; x_wconf 85' lang='lat' dir='ltr'>turnum</span> <span class='ocrx_word' id='word_1_271' title='bbox 1687 3970 1823 4016; x_wconf 89' lang='lat' dir='ltr'>eam</span> <span class='ocrx_word' id='word_1_272' title='bbox 1861 3950 2182 4016; x_wconf 88' lang='lat' dir='ltr'>celebrare</span> <span class='ocrx_word' id='word_1_273' title='bbox 2216 3962 2555 4027; x_wconf 81' lang='lat' dir='ltr'>tenentur3</span> <span class='ocrx_word' id='word_1_274' title='bbox 2593 3950 2908 4034; x_wconf 86' lang='lat' dir='ltr'>Episcopo</span> <span class='ocrx_word' id='word_1_275' title='bbox 2949 3969 3085 4015; x_wconf 89' lang='lat' dir='ltr'>non</span> <span class='ocrx_word' id='word_1_276' title='bbox 3130 3949 3273 4014; x_wconf 87' lang='lat' dir='ltr'>licet</span> 
     </span>
     <span class='ocr_line' id='line_1_33' title="bbox 598 4053 3267 4141; baseline -0.001 -23"><span class='ocrx_word' id='word_1_277' title='bbox 598 4053 878 4138; x_wconf 88' lang='lat' dir='ltr'>aliquem</span> <span class='ocrx_word' id='word_1_278' title='bbox 926 4053 1364 4139; x_wconf 87' lang='lat' dir='ltr'>capitularem,</span> <span class='ocrx_word' id='word_1_279' title='bbox 1419 4054 1567 4120; x_wconf 89' lang='lat' dir='ltr'>licet</span> <span class='ocrx_word' id='word_1_280' title='bbox 1616 4073 1763 4119; x_wconf 87' lang='lat' dir='ltr'>cura</span> <span class='ocrx_word' id='word_1_281' title='bbox 1813 4054 2165 4119; x_wconf 81' lang='lat' dir='ltr'>animarum</span> <span class='ocrx_word' id='word_1_282' title='bbox 2200 4066 2527 4141; x_wconf 82' lang='lat' dir='ltr'>gravatum</span> <span class='ocrx_word' id='word_1_283' title='bbox 2563 4053 2638 4119; x_wconf 87' lang='lat' dir='ltr'>ab</span> <span class='ocrx_word' id='word_1_284' title='bbox 2682 4053 2903 4119; x_wconf 86' lang='lat' dir='ltr'>eadem</span> <span class='ocrx_word' id='word_1_285' title='bbox 2954 4055 3267 4117; x_wconf 81' lang='lat' dir='ltr'>eximere.</span> 
     </span>
     <span class='ocr_line' id='line_1_34' title="bbox 597 4154 3275 4245; baseline 0 -26"><span class='ocrx_word' id='word_1_286' title='bbox 597 4158 823 4220; x_wconf 80' lang='grc'><strong>-131,</strong></span> <span class='ocrx_word' id='word_1_287' title='bbox 877 4155 1136 4233; x_wconf 88' lang='lat' dir='ltr'>Quando</span> <span class='ocrx_word' id='word_1_288' title='bbox 1185 4175 1304 4240; x_wconf 86' lang='lat' dir='ltr'>per</span> <span class='ocrx_word' id='word_1_289' title='bbox 1352 4169 1613 4223; x_wconf 90' lang='lat' dir='ltr'>turnum</span> <span class='ocrx_word' id='word_1_290' title='bbox 1663 4156 1895 4221; x_wconf 88' lang='lat' dir='ltr'>eadem</span> <span class='ocrx_word' id='word_1_291' title='bbox 1942 4157 2322 4235; x_wconf 82' lang='lat' dir='ltr'>celebratur,</span> <span class='ocrx_word' id='word_1_292' title='bbox 2373 4159 2421 4223; x_wconf 92' lang='lat' dir='ltr'>si</span> <span class='ocrx_word' id='word_1_293' title='bbox 2473 4158 2874 4245; x_wconf 84' lang='lat' dir='ltr'>praebendae</span> <span class='ocrx_word' id='word_1_294' title='bbox 2924 4154 3275 4241; x_wconf 82' lang='lat' dir='ltr'>separatim</span> 
     </span>
     <span class='ocr_line' id='line_1_35' title="bbox 600 4256 3277 4348; baseline 0 -25"><span class='ocrx_word' id='word_1_295' title='bbox 600 4256 1151 4337; x_wconf 87' lang='lat' dir='ltr'>administrentur,</span> <span class='ocrx_word' id='word_1_296' title='bbox 1206 4272 1496 4348; x_wconf 91' lang='lat' dir='ltr'>tempore</span> <span class='ocrx_word' id='word_1_297' title='bbox 1528 4260 1872 4326; x_wconf 85' lang='lat' dir='ltr'>vacationis</span> <span class='ocrx_word' id='word_1_298' title='bbox 1905 4282 1935 4325; x_wconf 90' lang='lat' dir='ltr'>a</span> <span class='ocrx_word' id='word_1_299' title='bbox 1968 4259 2431 4326; x_wconf 90' lang='lat' dir='ltr'>subcollectore</span> <span class='ocrx_word' id='word_1_300' title='bbox 2475 4262 2826 4347; x_wconf 89' lang='lat' dir='ltr'>spoliorum</span> <span class='ocrx_word' id='word_1_301' title='bbox 2867 4261 3277 4343; x_wconf 74' lang='lat' dir='ltr'>eleemosyna</span> 
     </span>
     <span class='ocr_line' id='line_1_36' title="bbox 599 4362 3277 4451; baseline 0 -24"><span class='ocrx_word' id='word_1_302' title='bbox 599 4362 905 4429; x_wconf 87' lang='lat' dir='ltr'>solvenda</span> <span class='ocrx_word' id='word_1_303' title='bbox 954 4374 1069 4430; x_wconf 88' lang='lat' dir='ltr'>est.</span> <span class='ocrx_word' id='word_1_304' title='bbox 1125 4366 1258 4429; x_wconf 90' lang='lat' dir='ltr'>Imo</span> <span class='ocrx_word' id='word_1_305' title='bbox 1307 4375 1369 4429; x_wconf 91' lang='lat' dir='ltr'>et</span> <span class='ocrx_word' id='word_1_306' title='bbox 1401 4373 1821 4451; x_wconf 87' lang='lat' dir='ltr'>punctaturae</span> <span class='ocrx_word' id='word_1_307' title='bbox 1856 4364 1934 4430; x_wconf 90' lang='lat' dir='ltr'>ab</span> <span class='ocrx_word' id='word_1_308' title='bbox 1969 4363 2198 4429; x_wconf 88' lang='lat' dir='ltr'>eodem</span> <span class='ocrx_word' id='word_1_309' title='bbox 2247 4365 2593 4430; x_wconf 88' lang='lat' dir='ltr'>solvendae</span> <span class='ocrx_word' id='word_1_310' title='bbox 2639 4375 2811 4441; x_wconf 90' lang='lat' dir='ltr'>sunt,</span> <span class='ocrx_word' id='word_1_311' title='bbox 2851 4365 3020 4430; x_wconf 88' lang='lat' dir='ltr'>nulia</span> <span class='ocrx_word' id='word_1_312' title='bbox 3066 4363 3277 4429; x_wconf 85' lang='lat' dir='ltr'>habita</span> 
     </span>
     <span class='ocr_line' id='line_1_37' title="bbox 600 4464 3282 4537; baseline 0.001 -7"><span class='ocrx_word' id='word_1_313' title='bbox 600 4464 847 4531; x_wconf 87' lang='lat' dir='ltr'>ratione</span> <span class='ocrx_word' id='word_1_314' title='bbox 895 4478 1212 4534; x_wconf 87' lang='lat' dir='ltr'>anteactae</span> <span class='ocrx_word' id='word_1_315' title='bbox 1273 4469 1627 4534; x_wconf 90' lang='lat' dir='ltr'>contrariae</span> <span class='ocrx_word' id='word_1_316' title='bbox 1691 4467 2195 4535; x_wconf 67' lang='lat' dir='ltr'>consuetudinis</span> <span class='ocrx_word' id='word_1_317' title='bbox 2251 4504 2294 4516; x_wconf 95' lang='lat'>-</span> <span class='ocrx_word' id='word_1_318' title='bbox 2343 4473 2489 4536; x_wconf 77' lang='grc'><strong>132.</strong></span> <span class='ocrx_word' id='word_1_319' title='bbox 2543 4470 2604 4537; x_wconf 87' lang='lat' dir='ltr'>Si</span> <span class='ocrx_word' id='word_1_320' title='bbox 2654 4469 2828 4537; x_wconf 89' lang='lat' dir='ltr'>adest</span> <span class='ocrx_word' id='word_1_321' title='bbox 2896 4491 3016 4536; x_wconf 89' lang='lat' dir='ltr'>una</span> <span class='ocrx_word' id='word_1_322' title='bbox 3083 4489 3282 4535; x_wconf 83' lang='lat' dir='ltr'>massa</span> 
     </span>
     <span class='ocr_line' id='line_1_38' title="bbox 603 4568 3290 4659; baseline 0.003 -28"><span class='ocrx_word' id='word_1_323' title='bbox 603 4568 958 4635; x_wconf 88' lang='lat' dir='ltr'>communis</span> <span class='ocrx_word' id='word_1_324' title='bbox 1004 4569 1452 4637; x_wconf 89' lang='lat' dir='ltr'>canonicorum</span> <span class='ocrx_word' id='word_1_325' title='bbox 1498 4571 1633 4638; x_wconf 84' lang='lat' dir='ltr'>sive</span> <span class='ocrx_word' id='word_1_326' title='bbox 1676 4572 1942 4659; x_wconf 88' lang='lat' dir='ltr'>primae,</span> <span class='ocrx_word' id='word_1_327' title='bbox 1978 4570 2113 4637; x_wconf 84' lang='lat' dir='ltr'>sive</span> <span class='ocrx_word' id='word_1_328' title='bbox 2145 4571 2460 4638; x_wconf 90' lang='lat' dir='ltr'>secundae</span> <span class='ocrx_word' id='word_1_329' title='bbox 2509 4572 2871 4651; x_wconf 86' lang='lat' dir='ltr'>erectionis,</span> <span class='ocrx_word' id='word_1_330' title='bbox 2927 4573 3067 4639; x_wconf 85' lang='lat' dir='ltr'>sive</span> <span class='ocrx_word' id='word_1_331' title='bbox 3110 4593 3290 4640; x_wconf 86' lang='lat' dir='ltr'>man·</span> 
     </span>
     <span class='ocr_line' id='line_1_39' title="bbox 600 4669 3294 4760; baseline 0.002 -23"><span class='ocrx_word' id='word_1_332' title='bbox 600 4669 1060 4751; x_wconf 84' lang='lat' dir='ltr'>sionariorum,</span> <span class='ocrx_word' id='word_1_333' title='bbox 1112 4674 1510 4760; x_wconf 83' lang='lat' dir='ltr'>eleemosyna</span> <span class='ocrx_word' id='word_1_334' title='bbox 1557 4674 1634 4741; x_wconf 88' lang='lat' dir='ltr'>ab</span> <span class='ocrx_word' id='word_1_335' title='bbox 1681 4673 1907 4742; x_wconf 87' lang='lat' dir='ltr'>eadem</span> <span class='ocrx_word' id='word_1_336' title='bbox 1956 4674 2352 4744; x_wconf 84' lang='lat' dir='ltr'>desumenda</span> <span class='ocrx_word' id='word_1_337' title='bbox 2402 4685 2541 4754; x_wconf 87' lang='lat' dir='ltr'>est,</span> <span class='ocrx_word' id='word_1_338' title='bbox 2598 4677 2651 4743; x_wconf 92' lang='lat' dir='ltr'>si</span> <span class='ocrx_word' id='word_1_339' title='bbox 2697 4676 2877 4743; x_wconf 87' lang='lat' dir='ltr'>adest</span> <span class='ocrx_word' id='word_1_340' title='bbox 2923 4695 3143 4743; x_wconf 83' lang='lat' dir='ltr'>massa</span> <span class='ocrx_word' id='word_1_341' title='bbox 3192 4676 3294 4743; x_wconf 89' lang='lat' dir='ltr'>di·</span> 
     </span>
    </p>
   </div>
  </div>
 </body>
</html>
