3497 5235
530 206 608 269 72
1282 210 1652 269 Inutrnotionis
1693 211 1744 267 S.
1777 210 1959 284 congr.
1986 211 2135 270 Ocno.
2175 211 2446 285 expositio.

527 330 741 431 scopo
793 348 864 414 et
917 343 1248 433 capitulis
1298 342 1844 432 cathedralium,
1902 346 2048 415 sive
2102 345 2636 436 collegiatarum
2689 344 2977 415 insimul
3028 361 3204 415 con-

528 454 861 525 sideratis
935 457 1344 528 concredita
1413 462 1572 543 est,
1655 456 1777 544 qui
1859 457 2154 545 proinde
2225 453 2717 546 capitulariter
2791 455 3202 547 congregati

528 564 925 637 decernunt
978 566 1049 638 id
1101 585 1335 653 omne,
1398 566 1587 656 quod
1643 566 1734 638 ad
1787 585 1936 639 rem
1992 569 2348 656 pertinere
2429 567 2781 638 videatur.
2866 565 2952 638 At
3030 583 3200 637 vero

529 695 675 748 non
732 678 896 750 licet
958 680 1346 766 canonicis,
1427 680 1844 769 singulatim
1920 679 2440 767 consideratiS,
2498 678 2715 749 libros
2793 677 3202 751 huiusmodi

528 789 1165 861 administrationis
1216 792 1567 881 inspicere
1629 799 1700 863 et
1769 790 2224 882 expendere:
2284 809 2595 881 namque
2664 792 2736 862 in
2793 791 3199 863 Recineten.

531 899 715 975 Med.
748 908 1008 975 annot.
1055 902 1169 973 14.
1213 898 1377 973 Iun.
1427 903 1641 973 1862.
1699 905 2128 975 concinnato
2183 903 2427 975 dubio:
2474 924 2512 968 ‹
2546 901 2653 972 An
2690 900 3198 993 dignitatibus,

533 1035 572 1082 >
611 1013 1053 1103 singulisque
1105 1013 1466 1085 canonicis
1520 1015 1629 1084 ius
1680 1016 1775 1085 sit
1826 1013 2278 1105 inspiciendi,
2335 1019 2406 1084 et
2468 1012 2927 1085 examinandi
2980 1010 3204 1082 libros

533 1147 572 1194 >
613 1122 1251 1196 administrationis
1306 1124 1698 1195 mediarum
1763 1131 2192 1196 annatarum
2263 1125 2337 1195 in
2404 1143 2578 1197 casu
2616 1117 2688 1193 »ἓ
2745 1121 2819 1195 S.
2861 1121 2935 1195 C.
2977 1120 3197 1194 Conc.

526 1237 917 1327 rescripsit:
978 1258 1015 1303 ‹
1054 1233 1396 1327 Negative
1450 1240 1520 1306 et
1572 1241 1896 1308 servetur
1948 1236 2314 1327 dispositio
2367 1236 2667 1309 Constit.
2727 1236 2903 1307 Pius
2952 1240 3020 1307 et
3069 1234 3208 1304 mi-

532 1372 570 1416 »
609 1348 904 1419 sericors
958 1346 1223 1421 Bened.
1269 1344 1475 1418 xlll.
1517 1355 1587 1419 et
1626 1350 1933 1438 amplius
1972 1374 2040 1419 ι».
2873 1373 2882 1382 ·

674 1461 796 1532 47.
838 1459 1002 1533 Post
1054 1459 1502 1533 cathedrales
1551 1466 1625 1530 et
1675 1460 2116 1551 collegiatas,
2175 1461 2263 1532 de
2317 1458 2848 1550 parochialibus
2902 1458 3208 1546 loquen-

527 1572 696 1644 dum
750 1580 886 1645 est.
943 1570 1335 1644 Tridentini
1388 1568 1634 1644 Patres
1685 1572 1911 1666 (Scss.
1944 1572 2065 1645 21.
2110 1593 2266 1664 cap.
2305 1571 2375 1643 7.
2417 1572 2501 1643 de
2527 1566 2862 1664 reform.)
2900 1570 2995 1640 ita
3033 1567 3209 1658 Epi-

527 1686 760 1776 scopis
813 1685 1454 1774 praescripserunt:
1516 1704 1554 1748 ‹
1594 1681 2044 1756 Parochiales
2096 1702 2262 1756 vero
2299 1683 2662 1771 ecclesias,
2706 1683 2986 1754 etiamsi
3024 1682 3203 1753 iuris

534 1820 572 1864 >
610 1802 1032 1886 patronatus
1085 1796 1256 1883 sint,
1313 1796 1412 1865 ita
1466 1795 1817 1887 collapsas
1870 1796 2061 1867 refici
2115 1803 2185 1866 et
2239 1795 2621 1866 instaurari
2673 1799 3058 1886 procurent
3113 1809 3204 1863 ex

532 1907 961 1979 »fructibus
1012 1915 1083 1979 et
1161 1905 1626 1997 proventibus
1694 1908 2268 1996 quibuscumque
2341 1906 2431 1978 ad
2502 1905 2790 1977 easdem
2862 1904 3205 1975 ecclesias

533 2044 571 2088 >
613 2019 1274 2108 quomodocumque
1320 2018 1875 2108 pertinentibus.
1932 2016 2064 2100 Qui
2117 2019 2177 2090 si
2232 2037 2375 2089 non
2429 2016 2694 2089 fuerint
2729 2015 3200 2102 sufficienteS,

533 2154 571 2198 >
610 2146 857 2201 omnes
904 2137 1243 2222 patronos
1296 2137 1369 2201 et
1419 2130 1622 2217 alios,
1681 2132 1801 2219 qui
1859 2129 2131 2202 fructus
2183 2130 2464 2218 aliquos
2516 2147 2600 2200 ex
2638 2128 2849 2201 dictis
2884 2128 3207 2200 ecclesiis

531 2265 569 2309 >
613 2241 1114 2332 provenientes
1168 2241 1597 2333 percipiunt,
1655 2248 1781 2312 aut
1834 2243 1907 2312 in
1964 2242 2241 2313 illorum
2296 2240 2680 2326 delectum,
2725 2240 3203 2330 parochianos

534 2377 571 2419 »
611 2351 944 2423 omnibus
996 2354 1328 2425 remediis
1380 2353 1802 2443 opportunis
1856 2353 1945 2423 ad
2003 2353 2366 2444 praedicta
2417 2358 2700 2442 cogant,
2744 2370 3203 2441 quacumque

533 2487 571 2531 ›
612 2463 1121 2553 appellatione,
1178 2465 1628 2554 exemptione
1679 2470 1751 2537 et
1804 2464 2365 2536 contradictione
2416 2469 2714 2535 remota.
2757 2460 2956 2544 Quod
2993 2464 3053 2534 si
3090 2463 3205 2533 ni·-

535 2598 573 2643 »
615 2575 754 2646 mia
808 2580 1125 2666 egestate
1175 2593 1420 2648 omnes
1473 2575 1827 2669 laborent,
1887 2575 1978 2647 ad
2033 2576 2410 2663 matrices,
2468 2592 2594 2647 seu
2648 2575 3023 2647 viciniores
3055 2592 3209 2647 *ec—

534 2710 572 2754 »
612 2686 865 2757 clesias
902 2687 1424 2759 transferantur
1460 2706 1619 2758 cum
1661 2688 1998 2759 facultate
2036 2693 2179 2758 tam
2210 2687 2436 2758 dictas
2472 2687 2944 2777 parochiales,
2978 2705 3202 2776 quam

531 2821 569 2865 ›
610 2798 790 2868 alias
839 2798 1175 2870 ecclesias
1226 2798 1502 2869 dirutas
1556 2800 1631 2871 in
1687 2798 2021 2888 profanos
2089 2818 2263 2870 usus
2334 2816 2477 2869 non
2539 2799 2904 2886 sordium,
2961 2805 3202 2870 erecta

535 2914 850 2980 »tamen
904 2908 1002 2980 ibi
1055 2907 1301 2997 Cruce,
1356 2912 1921 2983 convertendi».

676 3021 796 3091 48.
840 3017 944 3091 Ex
999 3020 1131 3092 hoc
1183 3022 1468 3094 decreto
1520 3023 1859 3096 distincta
1914 3042 2039 3114 per
2092 3026 2353 3116 gradus
2406 3042 2637 3113 aeque
2671 3025 2892 3096 series
2928 3024 3202 3096 contla-

529 3139 647 3204 tur
714 3151 994 3221 eorum,
1069 3134 1194 3223 qui
1262 3134 1356 3204 ad
1425 3134 1708 3206 aedium
1782 3136 2295 3225 parochialium
2347 3129 2722 3208 tuitionem
2776 3137 3200 3226 adiguntur,

529 3262 747 3335 quam
801 3252 1130 3317 accurate
1183 3246 1576 3334 expositam
1630 3264 2167 3337 expensamque
2219 3247 2510 3319 exhibet
2546 3243 3036 3318 Bened.XIV.
3086 3247 3209 3317 In-

530 3360 678 3429 stit.
711 3378 850 3429 ecc.
886 3357 1050 3430 100.
1086 3354 1246 3449 (per
1273 3363 1495 3429 totum
1493 3355 1567 3454 ),·
1605 3357 2001 3431 breviorem
2037 3378 2201 3432 vero
2231 3360 2429 3431 dedit
2464 3356 2538 3430 S.
2572 3356 2648 3431 C.
2681 3356 2894 3430 Conc.
2927 3359 3002 3428 in
3037 3359 3210 3449 Spo-

530 3468 774 3540 letana
814 3468 1140 3540 Restaur.
1182 3468 1367 3540 dom.
1397 3489 1561 3561 par.
1606 3471 1743 3541 diei
1790 3471 1905 3542 18.
1951 3469 2280 3542 Decemb.
2331 3470 2546 3541 1847.
2591 3471 2663 3540 in
2717 3469 2895 3541 haec
2947 3467 3197 3539 verba:

533 3602 571 3646 ‹
610 3576 867 3669 Itaque
919 3581 1146 3671 primo
1201 3581 1353 3653 loco
1405 3582 1864 3653 ecclesiarum
1920 3580 2432 3671 parochialium
2487 3581 2705 3652 statui
2762 3580 3210 3670 prospicien-

533 3714 572 3758 ›
616 3692 788 3764 dum
840 3700 947 3764 est
1000 3713 1087 3766 ex
1140 3692 1490 3766 fructibus
1543 3700 1614 3765 et
1667 3694 2134 3785 proventibus
2187 3693 2556 3765 ecclesiae.
2615 3688 2942 3763 Secundo
3006 3709 3207 3761 sum-

535 3827 572 3870 »
613 3802 856 3894 ptibus
909 3822 1179 3891 eorum,
1238 3805 1361 3893 qui
1413 3823 1499 3875 ex
1552 3806 2061 3876 constitutione
2112 3806 2383 3894 aliqua,
2457 3806 2568 3878 vel
2621 3811 2890 3878 statuto
2959 3804 3056 3877 ad
3127 3804 3203 3877 id

533 3939 570 3981 »
611 3913 1049 4006 obligantur.
1106 3911 1337 3986 Tertio
1391 3915 1569 4003 loco,
1628 3933 1872 3986 eorum
1926 3918 2289 4005 expensis,
2346 3918 2406 3988 si
2459 3917 2585 4006 qui
2637 3923 2808 3988 sunt
2842 3968 2860 4003 ,
2918 3917 3041 4005 qui
3108 3934 3202 3987 ex

534 4050 572 4094 »
613 4027 911 4116 antiqua
964 4045 1047 4098 ac
1097 4034 1290 4101 certa
1343 4028 1861 4099 consuetudine
1914 4026 2505 4120 obstringuntur:
2564 4029 2740 4101 haec
2791 4034 3032 4100 autem
3107 4027 3202 4100 ad

533 4161 571 4205 >
613 4138 1089 4210 inducendam
1143 4139 1577 4210 coactionem
1616 4156 1790 4226 ¹esse
1842 4139 2056 4212 debet
2109 4139 2393 4212 idonea.
2453 4136 2651 4211 Inter
2717 4140 3000 4210 illos....
3070 4156 3200 4210 ne-

536 4273 574 4317 »
612 4248 783 4319 dum
839 4251 1156 4341 privatae
1218 4267 1591 4340 personae,
1649 4250 1778 4322 sed
1848 4257 1921 4322 et
1987 4251 2351 4334 moralia,
2406 4257 2486 4322 ut
2560 4252 2789 4338 aiunt,
2864 4269 3194 4341 corpora,

533 4387 570 4429 »
612 4379 677 4432 e.
706 4380 772 4450 g.
819 4363 1201 4453 municipia
1252 4361 1984 4454 comprehenduntur,
2044 4363 2147 4434 uti
2199 4363 2453 4434 statuit
2488 4362 2667 4434 haec
2702 4359 2774 4434 S.
2802 4359 2876 4433 C.
2914 4364 2987 4432 in
3024 4362 3210 4432 Bal-

535 4497 573 4541 »
614 4490 807 4542 neor.
852 4471 1036 4545 Rest.
1078 4473 1249 4545 eccl.
1284 4493 1447 4564 par.
1496 4473 1611 4544 15.
1655 4470 2021 4565 Septemb.
2070 4474 2282 4545 1838.
2342 4472 2759 4546 confirmata
2811 4474 2927 4545 die
2969 4474 3037 4543 1.
3072 4469 3206 4543 Fe-

535 4607 573 4651 »
614 4582 858 4655 bruma
909 4583 1119 4655 1840.
1177 4579 1442 4664 Quarto
1495 4585 1827 4674 expensis
1881 4584 2198 4675 parochi,
2238 4585 2297 4657 si
2335 4588 2578 4656 tamen
2617 4584 2802 4658 idem
2841 4584 3206 4677 parochus
