3497 5235
606 340 722 403 490
1366 340 1735 399 Iusti-notioni·
1777 339 1830 397 8.
1859 339 2041 413 Gom.
2069 339 2215 399 Ocno.
2255 340 2526 413 expositio.

608 483 732 550 aut
762 494 986 569 genus
1025 477 1097 547 in
1133 474 1567 566 specialibus
1603 474 2156 546 circumstantiis
2193 475 2659 547 constitutum
2700 474 3034 562 coercuit,
3070 473 3265 545 modo

607 606 773 660 vero
826 588 1211 678 rescripsit,
1270 594 1349 659 ut
1402 588 1476 658 in
1530 585 1818 659 casibus
1870 585 2354 678 peculiaribus
2406 585 2497 657 ad
2552 583 2625 657 S.
2661 583 2736 657 C.
2780 584 2990 658 Conc.
3034 584 3269 658 confu-

610 704 799 795 gium
855 703 1266 775 baberetur.
1327 699 1438 774 Ita
1492 722 1666 775 sane
1719 704 2084 795 rescripsit
2135 704 2208 774 in
2262 708 2654 774 memorata
2687 705 3040 797 Bruqen„
3078 704 3269 775 cuius

607 816 966 905 specimen
1024 832 1182 884 mox
1236 814 1647 886 referemus

758 927 925 998 427.
983 924 1379 1019 Episcopus
1430 923 1819 1017 Brugensis
1871 927 1945 997 in
1996 923 2242 1019 Belgio
2287 927 2525 998 animo
2577 933 2922 1018 reputans
2974 925 3274 998 difficul-

608 1046 821 1126 tateS,
879 1056 1060 1128 quas
1112 1041 1186 1110 in
1241 1039 1458 1111 sacris
1511 1034 1901 1109 Ordinibus
1956 1037 2408 1111 conferendis
2459 1038 2648 1109 tituli
2694 1055 2944 1110 sacrae
2994 1038 3274 1109 ordina-

608 1150 822 1223 tionis
873 1149 1194 1222 delectus
1248 1148 1633 1238 afferebat,
1699 1151 2001 1239 supplex
2056 1170 2096 1221 a
2149 1145 2223 1221 S.
2265 1146 2519 1241 Congr.
2565 1150 2795 1241 petiit,
2855 1156 2934 1221 ut
2986 1147 3276 1221 Triden-

607 1263 802 1333 tinae
830 1262 1220 1333 sanctionis
1244 1262 1699 1334 observantia
1748 1261 2192 1334 relaxaretur
2235 1263 2533 1350 eiusque
2570 1261 2722 1333 loco
2758 1260 3276 1352 approbaretur

605 1392 789 1446 nova
827 1373 1178 1464 quaedam
1217 1375 1397 1445 ratio
1436 1372 1527 1444 ab
1565 1374 1812 1446 eodem
1851 1374 2278 1464 excogitata,
2314 1389 2531 1462 quam
2565 1370 3044 1464 proponebat.
3085 1369 3277 1453 Quae

605 1488 786 1558 ratio
839 1487 913 1556 in
967 1504 1050 1557 eo
1101 1488 1238 1557 sita
1290 1491 1469 1571 erat,
1527 1492 1608 1557 ut
1659 1484 1966 1575 quilibet
2019 1486 2318 1557 clericus
2371 1484 2465 1555 ad
2517 1501 2755 1555 sacros
2808 1479 3120 1554 Ordines
3171 1502 3282 1555 ac-

606 1597 870 1669 cedens
922 1597 1575 1685 indiscriminatim,
1607 1597 1755 1668 sive
1809 1615 2108 1687 pauper,
2151 1598 2300 1669 sive
2336 1594 2538 1667 dives
2576 1596 3048 1668 ducentorum
3090 1594 3281 1667 fran-

606 1702 847 1782 corum
917 1726 1266 1780 summam
1321 1705 1670 1800 (scutatis
1738 1710 2052 1780 romanis
2105 1711 2225 1781 37.
2290 1709 2408 1781 40.
2467 1708 2760 1803 parem)
2816 1709 3274 1798 persolveret.

604 1817 802 1893 Haec
855 1821 1158 1911 pecunia
1210 1817 1544 1912 Episcopi
1598 1840 1766 1892 cura
1821 1840 1904 1893 ac
1957 1821 2326 1914 diligentia
2378 1822 2454 1892 in
2506 1820 2716 1893 bonis
2767 1820 3160 1892 stabilibus
3201 1839 3280 1893 ac

606 1934 781 2005 tutis
833 1932 1246 2005 collocanda
1301 1940 1497 2022 erat,
1556 1935 1855 2023 eiusque
1923 1932 2194 2005 fructus
2248 1936 2322 2004 in
2373 1932 2966 2004 sustentationem
3036 1950 3280 2003 eorum

607 2044 1057 2117 sacerdotum
1112 2046 1387 2136 erogari
1440 2044 1836 2134 debuisset,
1888 2047 2010 2135 qui
2066 2063 2237 2135 prae
2289 2051 2656 2117 senectute
2707 2044 2818 2116 vel
2872 2044 3274 2131 debilitate,

610 2163 735 2227 aut
789 2175 1241 2247 quacumque
1295 2159 1434 2229 alia
1488 2158 1674 2230 iusta
1729 2177 1944 2229 causa
2007 2157 2284 2228 nullum
2337 2156 2646 2228 officium
2701 2174 3033 2227 exercere
3096 2155 3287 2225 vale-

608 2275 795 2340 rent.
855 2264 1127 2341 Orabat
1176 2270 1508 2362 insuper,
1565 2277 1644 2342 ut
1697 2269 1876 2343 haec
1928 2288 2109 2341 nova
2164 2269 2633 2341 ordinationis
2682 2269 2872 2340 tituli
2925 2267 3159 2337 forma
3212 2267 3285 2337 in

606 2376 915 2451 Romani
970 2378 1403 2453 Pontificalis
1458 2382 1796 2468 editione,
1856 2399 2041 2470 quae
2095 2380 2566 2471 imprimenda
2622 2387 2867 2471 postea
2920 2377 3138 2465 foret,
3177 2378 3288 2449 in-

605 2497 985 2562 sereretur.
1044 2487 1374 2582 Episcopi
1430 2490 1688 2584 Belgae
1770 2510 1971 2563 suam
2051 2493 2185 2564 hac
2237 2492 2325 2564 de
2378 2511 2452 2564 re
2503 2494 2936 2565 sententiam
2995 2490 3282 2581 rogati,

611 2603 870 2694 partim
924 2601 1090 2676 huic
1142 2622 1368 2676 novae
1420 2603 1686 2676 formae
1738 2603 2395 2695 adstipulabantur,
2453 2605 2714 2695 partim
2771 2622 2933 2675 vero
2979 2602 3289 2674 obsiste-

605 2713 811 2785 bant.
869 2711 1035 2786 Post
1087 2716 1501 2787 relationem
1558 2735 1698 2787 non
1745 2717 1900 2788 sine
1939 2736 2197 2808 magna
2235 2717 2601 2788 doctrinae
2638 2715 2837 2806 copia
2876 2720 3277 2799 exaratam,

607 2826 680 2895 in
739 2825 1194 2916 generalibus
1243 2828 1545 2900 comitiis
1599 2825 1671 2899 S.
1715 2826 1790 2900 C.
1834 2826 2046 2900 Conc.
2090 2828 2259 2917 du0,
2311 2847 2494 2917 quae
2532 2828 2706 2918 ipsis
2741 2824 2975 2898 verbis
3014 2825 3280 2897 exscri-

607 2936 876 3025 bimuS,
917 2937 1137 3009 dubia
1173 2941 1531 3031 proposita
1571 2947 1783 3012 sunt:
1848 2962 1885 3007 ‹
1920 2941 1984 3010 1.
2050 2939 2153 3010 An
2206 2941 2297 3011 sit
2351 2939 2882 3012 concedendum
2921 2935 3278 3028 Episcopo

610 3073 647 3116 ι»
689 3050 949 3120 oratori
1003 3048 1357 3121 indultum
1409 3053 1871 3142 promovendi
1925 3051 2217 3123 clericos
2260 3052 2349 3123 ad
2386 3069 2625 3122 sacros
2659 3047 2966 3121 Ordines
3001 3047 3274 3136 absque

607 3188 648 3229 »
687 3162 1000 3253 legitimo
1053 3169 1123 3235 et
1174 3162 1557 3236 sufficienti
1609 3165 2080 3237 ordinationis
2132 3165 2364 3252 titulo,
2405 3166 2506 3237 ita
2544 3170 2623 3237 ut
2675 3166 2767 3235 sit
2802 3160 3272 3254 approbanda

608 3297 645 3340 ›
687 3275 1040 3348 institutio
1077 3293 1301 3346 novae
1356 3276 1544 3348 tituli
1597 3277 2069 3348 ordinationis
2122 3275 2387 3348 formae
2439 3278 2514 3348 in
2553 3272 2770 3347 casu?
2801 3300 2841 3342 ›
2895 3271 2988 3347 Et
3026 3281 3273 3364 quate-

602 3402 741 3455 nus
795 3385 1252 3458 affirmative:
1313 3407 1350 3450 α
1381 3387 1452 3458 2.
1517 3385 1618 3457 An
1669 3387 2147 3477 permittenda
2199 3389 2291 3460 sit
2345 3388 2636 3460 insertio
2689 3387 3009 3458 eiusdem
3049 3399 3266 3456 novae

603 3520 643 3563 ›
685 3495 951 3568 formae
1003 3498 1191 3569 tituli
1244 3497 1316 3568 in
1373 3496 1611 3569 futura
1667 3500 1909 3590 aliqua
1964 3501 2276 3572 editione
2328 3496 2765 3571 pontificalis
2815 3496 3125 3569 Romani
3194 3498 3264 3566 in

606 3630 648 3677 ›
687 3602 902 3679 casu?
937 3635 974 3674 ι»
1029 3605 1184 3679 Emi
1238 3605 1485 3680 Patres
1523 3610 1639 3681 die
1674 3611 1796 3681 24.
1845 3609 2020 3702 Aug.
2069 3612 2282 3683 1850.
2326 3613 2879 3702 rescripserunt:
2926 3634 2963 3675 ιι
2996 3609 3096 3682 Ad
3132 3608 3266 3700 pri-

606 3742 646 3785 »
687 3737 879 3790 mum
936 3721 1292 3810 negative,
1351 3727 1421 3792 et
1474 3721 1963 3811 providebitur
2000 3723 2072 3793 in
2110 3722 2397 3794 casibus
2437 3723 3020 3814 particularibus
3068 3721 3167 3794 Ad
3188 3719 3254 3790 2.

610 3856 646 3900 >
688 3833 1050 3922 provisum
1104 3833 1176 3903 in
1231 3833 1483 3924 primo,
1520 3857 1557 3899 ›

754 3943 921 4014 428.
980 3941 1301 4036 Denique
1355 3963 1498 4016 non
1535 3952 1643 4019 est
1679 3946 2309 4038 praetereundum,
2350 3948 2570 4035 quod,
2615 3948 2894 4019 tametsi
2934 3944 3256 4038 Religiosi

602 4054 1029 4127 solemnium
1103 4064 1424 4130 votorum
1481 4059 1762 4132 vinculo
1834 4061 2152 4132 adstricti
2221 4060 2353 4134 boc
2424 4062 2789 4153 privilegio
2863 4064 3253 4153 gaudeant,

603 4166 796 4257 quod
848 4168 1055 4240 titulo
1104 4173 1547 4259 paupertatis
1599 4170 1871 4262 absque
1925 4173 2348 4263 patrimonio
2387 4175 2476 4245 ad
2514 4169 2819 4245 Ordines
2875 4173 3255 4266 promoveri

601 4285 898 4367 queant,
939 4279 1074 4352 hoc
1129 4281 1591 4353 nihilominus
1636 4284 2081 4375 privilegium
2121 4287 2316 4357 iuxta
2354 4283 2650 4357 Constit.
2685 4287 3046 4359 Romanus
3084 4287 3256 4358 Pon-

598 4389 779 4480 tifex
846 4386 918 4460 S.
962 4387 1065 4461 Pii
1119 4387 1202 4460 V.
1263 4392 1446 4484 prid.
1508 4388 1617 4464 Id.
1676 4390 1928 4465 Octob.
1978 4394 2190 4466 1568.
2257 4394 2378 4488 (de
2432 4417 2574 4488 qua
2631 4399 2982 4470 nonnulla
3049 4397 3248 4469 tradit

595 4498 1035 4590 Pignatellus
1071 4508 1236 4574 tom.
1291 4503 1367 4574 V.
1409 4504 1718 4578 Consult.
1764 4505 1882 4577 77.
1928 4526 1973 4577 a
2011 4526 2207 4577 num.
2247 4508 2368 4580 Ao.
2410 4509 2504 4580 ad
2537 4505 2778 4602 finem)
2834 4511 2926 4582 ad
2974 4529 3090 4582 eos
3123 4506 3250 4579 Re-

595 4612 881 4701 ligiosos
936 4634 1079 4686 non
1134 4618 1570 4707 extenditur,
1629 4619 1747 4707 qui
1808 4620 1996 4691 intra
2050 4620 2357 4692 claustra
2413 4623 2625 4692 etiam
2674 4625 3240 4696 monasteriorum

597 4721 965 4809 viventeS,
1020 4726 1386 4815 vitamque
1446 4730 1520 4799 in
1575 4733 2084 4805 communitate
2155 4750 2281 4805 seu
2353 4735 2900 4826 congregatione
2975 4726 3232 4806 insimul
