3497 5235
645 288 767 352 372
1392 293 1761 353 luuh-notionis
1800 293 1856 352 8.
1884 293 2067 369 Oongr.
2097 293 2245 351 Ocno.
2282 288 2554 366 monitio.

790 426 1114 501 Ceterum
1166 428 1418 519 plura,
1476 445 1662 518 quae
1716 424 2189 518 de”theologo
2244 419 2675 514 inquirenda
2724 415 3025 499 veniunt,
3070 426 3236 500 repe-

641 541 926 614 riuntur
975 541 1050 611 in
1103 538 1270 610 folio
1322 557 1580 612 causae
1662 538 1988 613 Casulen.
2033 538 2380 611 praeben.
2422 531 2630 606 theol.
2685 528 2799 599 26.
2835 522 2990 596 Iun.
3034 521 3231 607 1847„

647 672 835 745 quae
885 653 963 724 in
1013 654 1335 742 quinque
1386 651 1626 724 dubiis
1662 652 1810 744 agit
1845 652 1933 724 de
1969 648 2270 723 materia
2315 645 2737 719 concionum
2771 633 3237 725 theologalium‚

646 765 739 838 de
791 764 1000 835 modo
1035 781 1157 835 eas
1191 762 1536 852 habendi,
1569 763 1659 835 de
1695 763 2080 835 lectionum
2119 776 2441 846 numero,
2476 775 2559 829 ac
2593 753 2896 840 denique
2929 748 3010 820 de
3040 744 3240 837 poenis

647 884 893 949 contra
965 874 1329 965 theologos
1379 875 1491 946 sui
1544 873 1756 947 officii
1827 875 2269 960 desertores3
2325 872 2571 959 itaque
2641 860 3009 937 secundam
3062 856 3244 947 ipsius

650 988 1049 1062 Gasalensis
1101 991 1404 1077 partem,
1447 1004 1660 1075 quae,
1701 986 1878 1076 quid
1929 985 2105 1058 iuris
2157 985 2276 1074 sit,
2326 983 2473 1053 late
2509 970 3050 1068 comprehendit,
3083 965 3247 1039 exhi-

645 1097 978 1172 bebimus
1027 1097 1388 1169 volumine
1433 1094 1570 1168 III.
1611 1098 1736 1170 sub
1789 1117 1864 1169 n.
1903 1096 2066 1179 29„
2102 1114 2186 1170 eo
2222 1095 2477 1187 magis,
2517 1089 2709 1181 quod
2761 1088 2833 1159 in
2878 1081 3099 1156 eadem
3128 1076 3248 1148 elu-

650 1208 1047 1299 cubranda,
1104 1207 1240 1280 sub
1294 1209 1634 1299 auspiciis
1686 1205 2059 1282 Secretarii
2100 1206 2171 1280 S.
2204 1199 2785 1298 congregationis
2821 1196 2999 1268 illius
3027 1197 3250 1278 tempo-

647 1321 799 1410 τίς,
863 1338 1152 1411 operam
1205 1327 1561 1409 nostram,
1620 1321 2167 1412 qualiscumque
2222 1319 2478 1404 fuerit,
2537 1312 2856 1387 conferre
2904 1300 3241 1392 contigerit.
3396 1292 3397 1307 ¹

648 1428 1000 1514 Quoniam
1052 1448 1214 1503 vero
1266 1430 1532 1503 ibidem
1584 1431 1988 1524 allegantur
2037 1432 2442 1523 encyclicae
2492 1426 2778 1498 Literae
2812 1441 2872 1494 s.
2912 1436 3003 1488 m.
3038 1410 3248 1501 Grego-

645 1544 733 1616 rii
769 1539 961 1615 XVI.
997 1543 1213 1633 incip.
1248 1543 1444 1615 Inter
1468 1544 1896 1635 praecipuas
1933 1562 2053 1615 an.
2101 1544 2348 1633 1844„
2391 1558 2574 1630 quas
2610 1532 2984 1608 admodum
3016 1520 3251 1615 expedit

649 1673 824 1751 prae
875 1654 1097 1727 oculis
1146 1652 1397 1727 haberi
1450 1654 1541 1726 ab
1571 1652 1968 1747 Episcopis‚
2003 1655 2173 1728 hinc
2206 1672 2329 1727 eas
2365 1654 2582 1725 etiam
2620 1646 3027 1720 adiiciemus
3056 1633 3250 1708 eodem
3325 1662 3331 1675 ·

505 1838 518 1847 .
649 1770 1013 1842 volumine
1051 1765 1186 1838 ΙΙΙ.
1242 1769 1364 1841 sub
1417 1787 1491 1840 n.
1531 1768 1656 1844 30.

805 1882 974 1953 192.
1028 1876 1328 1961 Quando
1379 1879 1836 1954 observantia
1898 1881 2275 1953 inductum
2345 1882 2502 1965 est,
2557 1879 2642 1946 ut
2692 1868 3052 1956 theologus
3095 1872 3254 1931 casus

651 1994 1134 2071 conscientiae
1188 1992 1403 2084 legat,
1457 1995 1515 2066 si
1570 1994 1988 2086 praesertim
2040 1992 2289 2066 eadem
2335 1984 2798 2063 observantia
2835 2000 2876 2051 a
2910 1976 3116 2069 primo
3144 1984 3257 2041 ere-

656 2108 911 2182 ctionis
964 2112 1280 2196 tempore
1331 2113 1567 2178 sumat
1618 2107 1946 2194 initium,
2031 2106 2219 2178 idem
2274 2102 2653 2190 theologus
2705 2092 2862 2184 cogi
2913 2090 3122 2180 potest
3158 2094 3253 2170 Pf⁰

656 2219 954 2293 arbitrio
1007 2214 1337 2309 Episcopi
1390 2218 1603 2289 etiam
1664 2236 1794 2309 per
1850 2218 2179 2305 mulctas,
2247 2214 2399 2287 loco
2450 2211 2710 2283 Sacrae
2773 2204 3150 2293 Scripturae
3190 2187 3258 2260 ad

652 2329 995 2423 legendos
1029 2346 1238 2402 casus
1273 2330 1754 2401 conscientiae
1789 2347 1914 2401 seu
1949 2327 2377 2418 theologiam
2415 2321 2753 2395 moralem
2786 2338 2809 2408 3
2875 2318 2971 2387 ita
3005 2304 3258 2404 punctim

656 2442 1050 2515 declaravit
1103 2439 1178 2512 S.
1217 2437 1291 2512 C.
1333 2438 1408 2512 C.
1450 2442 1524 2512 in
1563 2443 1829 2514 Pacen.
1862 2443 1978 2513 22.
2026 2438 2226 2533 Sept.
2272 2436 2520 2524 1765„
2564 2450 2781 2524 quam
2825 2430 3140 2515 deinceps
3167 2434 3260 2487 sua

664 2554 1184 2628 Constitutione
1251 2554 1696 2627 confirmavit
1745 2574 1808 2627 s.
1864 2573 1960 2626 m.
2019 2551 2344 2625 Clemens
2394 2543 2636 2635 xm„
2693 2560 2886 2634 quae
2940 2537 3165 2630 legitur
3211 2528 3263 2597 in

659 2666 1208 2741 continuatione
1258 2664 1554 2739 Bullarii
1606 2664 1870 2758 Magni.
1927 2661 2129 2738 Idem
2184 2662 2363 2734 alias
2416 2659 2793 2733 definitum
2834 2648 3148 2725 fueratin
3177 2639 3267 2712 flu·-

651 2803 860 2879 pana
915 2784 1031 2854 12.
1073 2779 1365 2855 Ianuar.
1412 2782 1658 2870 1692,
1702 2798 1889 2870 quae
1939 2785 2093 2851 tota
2143 2777 2402 2867 legitur
2455 2774 2529 2846 in
2572 2787 2790 2842 causa
2830 2769 3086 2839 Pacen.
3120 2751 3267 2850 §.In

657 2917 842 2980 una,
894 2897 1097 2971 cuius
1150 2895 1395 2968 folium
1447 2894 1707 2985 legitur
1757 2893 1849 2965 ad
1901 2892 2089 2964 diem
2142 2889 2263 2960 24.
2314 2886 2494 2977 Aug.
2536 2881 2862 2956 eiusdem
2902 2874 3085 2948 anni.
3134 2865 3266 2936 Con·

660 3013 994 3086 sulantur
1045 3027 1158 3099 ea,
1215 3027 1402 3099 quae
1454 3005 1891 3080 disseremus
1939 3004 2125 3076 infra
2180 3021 2254 3073 n.
2301 2998 2475 3072 470.

818 3125 983 3196 193.
1037 3119 1222 3205 Quin
1276 3122 1489 3193 etiam
1542 3121 1602 3192 si
1654 3138 1741 3192 ex
1792 3118 1948 3210 lege
2017 3111 2461 3188 fundationis
2523 3107 2883 3179 sancitum
2939 3095 3171 3179 tuerit,
3210 3091 3276 3157 ut

664 3236 1038 3326 theologus
1089 3241 1474 3322 utrumque
1527 3234 1882 3325 praestet,
1949 3226 2280 3300 videlicet
2333 3220 2768 3312 Scripturam
2826 3211 3182 3304 explanet,
3225 3202 3278 3268 et

664 3346 1145 3423 conscientiae
1198 3362 1403 3417 casus
1454 3344 1670 3435 legat,
1723 3340 1942 3414 veluti
1995 3338 2460 3412 constitutum
2512 3332 2647 3403 fuit
2699 3331 2772 3401 in
2841 3323 3151 3418 Viqilien.
3183 3310 3276 3384 27.

666 3462 864 3550 Sept.
911 3458 1159 3546 1681„
1218 3475 1403 3548 quae
1453 3455 1761 3529 habetur
1815 3456 1885 3526 in
1939 3452 2107 3524 folio
2160 3450 2477 3522 eiusdem
2519 3447 2781 3518 Pacen.
2836 3441 2913 3538 ἓ.
2956 3442 3167 3521 Anno,
3212 3424 3279 3498 ab

663 3569 1020 3664 Episcopo
1072 3571 1227 3662 cogi
1260 3575 1495 3660 potest
1547 3568 1640 3640 ad
1677 3565 2115 3658 Scripturam
2152 3559 2679 3654 explanandam
2732 3563 2805 3628 et
2858 3543 3281 3628 conscientiae

667 3703 877 3757 casus
925 3682 1296 3774 legendos,
1354 3679 1728 3753 Praeterea
1783 3680 1856 3750 in
1909 3676 2218 3767 quodam
2274 3691 2471 3760 casu,
2514 3672 2586 3741 in
2641 3688 2783 3759 quo
2836 3686 2927 3739 ex
2971 3666 3118 3754 lege
3162 3654 3284 3726 lun·

669 3795 981 3870 dationis
1016 3801 1304 3867 cautum
1340 3791 1599 3881 fuerat,
1640 3797 1721 3863 ut
1755 3789 2128 3880 theologus
2163 3784 2592 3875 theologiam
2640 3780 2985 3851 moralem
3022 3769 3280 3847 doceret,

671 3926 755 3980 ac
806 3908 1100 3996 insuper
1149 3902 1541 3997 Episcopus
1604 3904 1678 3975 in
1747 3902 1974 3973 literis
2043 3896 2473 3972 edictalibus
2525 3909 2652 3985 pro
2704 3906 3059 3964 concursu
3106 3884 3288 3970 legem

671 4020 1058 4105 adiecerat,
1099 4024 1179 4090 ut
1213 4016 1583 4108 eligendus
1633 4013 2064 4104 theologiam
2120 4009 2460 4081 moralem
2512 4012 2585 4079 et
2635 4005 2893 4076 Sacrae
2932 3998 3290 4086 scripturae

668 4133 891 4206 libros
945 4132 1176 4222 legere
1227 4136 1618 4215 teneretur,
1661 4128 1732 4198 in
1769 4144 1966 4214 casu,
2025 4124 2115 4196 de
2167 4139 2308 4212 quo
2346 4119 2720 4211 agebatur,
2771 4113 3175 4202 theologum
3205 4117 3298 4172 cu·

668 4244 1011 4316 mulative
1049 4248 1195 4314 tam
1248 4240 1341 4312 ad
1393 4237 1892 4331 explicandam
1946 4233 2019 4306 S.
2053 4233 2518 4323 scripturam,
2561 4245 2777 4319 quam
2813 4227 2909 4298 ad
2946 4215 3295 4296 docendam

670 4356 1102 4447 theologiam
1168 4352 1396 4424 teneri
1462 4349 1853 4423 declaravit
1920 4345 2173 4420 eadem
2230 4346 2303 4416 S.
2346 4341 2420 4415 C.
2464 4343 2539 4414 in
2591 4337 3039 4412 Bisarchien.
3083 4323 3296 4404 Praeb-

671 4468 875 4539 theol.
916 4467 1037 4536 26.
1082 4461 1278 4556 Sept.
1325 4462 1538 4534 1857.
1597 4461 1694 4533 ad
1747 4459 1818 4533 4.

826 4577 994 4646 194.
1050 4574 1246 4646 Circa
1296 4575 1558 4661 locum,
1613 4579 1902 4663 tempus
1953 4578 2025 4644 et
2074 4570 2326 4642 horam
2380 4564 2762 4638 habendae
2796 4557 3127 4634 lectionis
3159 4545 3303 4623 Scri·

669 4685 980 4776 pturalis
1033 4685 1371 4756 standum
1425 4688 1534 4755 est
1585 4681 1920 4772 prudenti
1976 4682 2270 4753 arbitrio
2321 4675 2682 4770 Episcopi,
2739 4664 3305 4766 quemadmodum
