3497 5235
574 199 686 262 116
1322 201 1691 262 astructioni·
1731 202 1784 261 Β.
1814 199 1995 276 Gongr.
2021 200 2167 262 Ocno.
2207 206 2476 281 expositio.

573 362 611 406 ›
650 335 859 409 batas
908 338 1277 429 expediri:
1350 347 1421 412 et
1492 340 1727 430 quoad
1799 339 2175 413 facultates
2225 340 2600 429 bucusque
2652 339 2856 427 aliaS,
2913 359 3129 431 quam
3182 362 3223 412 a

574 474 611 519 ›
651 448 974 522 Romano
1026 448 1365 524 Pontifice
1404 471 1801 538 concessas,
1842 453 2362 526 consulendum
2401 451 2615 525 SSmo
2650 471 2778 545 pro
2813 454 3221 526 earumdem

568 585 607 631 »
645 564 1042 636 sanatione.
1073 589 1110 632 ν»
1150 560 1375 645 Quam
1410 566 1917 638 resolutionem
1955 564 2214 639 SSinus
2250 573 2479 638 ratam
2514 565 2795 638 habuit.
2828 562 2871 658 (
2872 566 3022 640 Lib.
3050 567 3216 641 190.

563 675 816 748 decret.
865 696 1037 768 paq.
1076 670 1321 772 276).

579 829 580 832 κ
708 784 1013 881 Insuper
1066 787 1648 864 Monasteriensis
1698 790 2093 885 Episcopus
2147 811 2338 864 anno
2396 793 2610 864 1851.
2668 792 3067 881 dubitavit,
3126 812 3218 863 an

562 900 841 973 indulta
908 922 948 973 a
1010 904 1158 975 suis
1210 902 1701 977 decessoribus
1755 905 2096 995 elargita,
2171 904 2453 996 singula
2523 904 2615 976 ad
2681 923 2899 977 unum
2965 913 3217 977 sanata

558 1012 889 1102 fuissent,
947 1022 1016 1087 et
1069 1035 1164 1087 an
1215 1023 1559 1108 perpetua
1611 1016 1873 1089 forent.
1932 1016 2018 1089 At
2069 1014 2143 1087 S.
2200 1014 2276 1089 C.
2334 1017 2449 1090 die
2502 1017 2574 1088 5.
2625 1014 2838 1107 April.
2898 1016 3215 1090 eiusdem

559 1128 729 1197 anni
783 1128 1191 1221 rescripsit:
1254 1152 1291 1193 (ι
1329 1127 1856 1201 consulendum
1912 1126 2125 1201 SSmo
2176 1147 2302 1218 pro
2340 1130 2714 1206 sanatione
2752 1131 3068 1201 omnium
3108 1130 3222 1200 in-

559 1261 597 1305 »
637 1237 996 1310 dultorum
1052 1240 1144 1312 ad
1197 1241 1415 1312 vitam
1487 1245 1767 1315 tantum
1840 1242 2326 1332 praesentium
2393 1240 3034 1331 patrumfamilias,
3092 1244 3217 1331 qni

561 1373 598 1420 »
638 1350 975 1425 fruuntur
1027 1353 1332 1425 indulto.
1368 1380 1404 1420 »

706 1464 868 1536 106.
911 1462 1066 1537 Non
1105 1467 1346 1538 multis
1381 1472 1542 1558 post
1576 1467 1785 1538 annis
1812 1463 2208 1559 Episcopus
2244 1464 2906 1556 Calatayeronensis
2942 1463 3012 1536 S.
3041 1463 3221 1537 Con·

554 1578 945 1668 gregationi
998 1578 1446 1670 exponebat,
1523 1582 1596 1652 in
1656 1599 1787 1652 sua
1842 1580 2142 1653 dioecesi
2198 1578 2789 1651 consuetudinem
2859 1579 3216 1651 invectam

551 1686 798 1776 fuisse,
855 1696 936 1761 ut
988 1686 1345 1782 Episcopi,
1403 1694 1587 1764 iusta
1626 1693 1869 1782 aliqua
1906 1691 2290 1765 accedente
2328 1711 2572 1780 causa,
2616 1693 2688 1762 in
2726 1679 3021 1782 privatis
3056 1711 3219 1764 ora-

550 1803 748 1874 toriis
786 1799 1039 1875 Missae
1078 1804 1623 1876 celebrationem
1664 1805 2183 1894 permitterent,
2226 1822 2411 1895 quae
2451 1805 2819 1896 permissio
2871 1801 3070 1895 (talis
3107 1802 3210 1873 ibi

548 1914 1011 2003 praevalebat
1061 1914 1332 2011 opinio)
1388 1917 1659 1989 tamdiu
1711 1916 2048 2004 durabat,
2105 1917 2446 2007 quamdin
2500 1935 2712 1989 causa
2769 1917 2921 2007 ipsa
2958 1933 3211 2007 super-

553 2035 765 2116 esset,
822 2030 960 2099 imo
1013 2030 1305 2121 insuper
1355 2036 1699 2121 perpetua
1753 2029 2127 2118 evadebat,
2181 2031 2393 2104 etiam
2432 2030 2808 2105 deficiente
2845 2049 3089 2118 causa,
3130 2031 3207 2100 in

548 2140 688 2211 vim
741 2137 987 2213 Bullae
1041 2139 1432 2214 Cruciatae.
1497 2141 1598 2216 Ad
1648 2145 1956 2236 primum
1994 2143 2184 2232 quod
2237 2144 2525 2228 attinet,
2565 2141 3013 2234 allegabatur
3044 2159 3214 2213 sen-

548 2253 772 2323 tentia
826 2253 898 2324 S.
940 2253 1281 2345 Alpbonsi
1336 2254 1423 2326 de
1477 2252 1760 2346 Ligorio
1814 2256 1884 2327 in
1932 2256 2160 2328 Theol.
2204 2274 2381 2327 mor.
2442 2255 2562 2326 lib.
2607 2255 2675 2327 6.
2718 2261 2771 2326 t.
2805 2254 2878 2327 3.
2921 2275 2995 2326 n.
3027 2253 3204 2328 359.

547 2363 805 2436 dub.2.
841 2367 1276 2455 quaerentis.
1324 2391 1360 2431 «
1400 2365 1501 2438 An
1536 2363 1863 2458 Episcopi
1906 2367 2175 2458 possint
2214 2367 2656 2460 dispensare,
2703 2372 2778 2436 ut
2813 2365 3211 2456 aliquando

548 2500 586 2544 ›
627 2477 1024 2551 celebretur
1074 2479 1149 2550 in
1201 2480 1506 2551 oratorio
1557 2481 1811 2550 domus
1861 2474 2236 2569 privatae?
2307 2475 2584 2568 Negant
2635 2473 2938 2550 Mazotta
2993 2484 3199 2566 et...‚

547 2614 585 2657 ν
622 2590 749 2663 sed
802 2591 1270 2682 probabilius,
1326 2597 1398 2666 et
1449 2591 2024 2664 communissime
2060 2590 2178 2663 alii
2218 2589 2603 2677 affirmant,
2656 2589 2863 2665 modo
2901 2590 3201 2663 accedat

545 2727 583 2771 ›
623 2704 1064 2778 rationabilis
1117 2725 1360 2795 causa,
1417 2712 1486 2778 et
1539 2705 1827 2779 licentia
1881 2703 2293 2777 celebrandi
2347 2722 2487 2775 non
2525 2703 2733 2775 detur
2773 2720 3201 2793 permanen-

545 2840 582 2887 »
624 2822 757 2905 ter,
813 2825 882 2889 et
936 2837 1062 2909 pei·
1115 2819 1400 2891 modum
1453 2818 1772 2907 habitus,
1830 2815 1956 2891 sed
2008 2834 2134 2906 per
2187 2815 2471 2889 modum
2510 2820 2736 2902 actuS,
2782 2832 3036 2907 nempe
3071 2815 3201 2887 tali

550 2952 587 2994 »
626 2927 811 3000 iusta
868 2948 1082 3002 causa
1135 2932 1679 3005 interveniente.
1716 2955 1755 2999 ι»
1856 3022 1863 3028 ¹

691 3041 856 3112 107.
899 3039 1093 3124 Quae
1129 3045 1200 3114 S.
1230 3043 1568 3134 Alpbonsi
1597 3042 1956 3115 sententia
1983 3040 2537 3132 adstipulatores
2572 3038 2791 3111 habet
2817 3039 3200 3130 plerosque

539 3158 691 3225 tum
742 3172 781 3225 e
832 3154 1229 3246 theologiae
1282 3164 1434 3228 tum
1472 3175 1511 3227 e
1545 3156 1718 3227 iuris
1755 3154 2076 3226 canonici
2113 3160 2319 3225 coetu
2355 3152 2703 3239 doctores,
2746 3168 2923 3240 quos
2976 3150 3199 3240 plena

536 3283 752 3337 manu
789 3268 1103 3359 congerit
1155 3266 1398 3339 lolium
1453 3268 1526 3339 in
1578 3286 1750 3341 casu
1790 3266 2375 3357 Calatayeronen.
2419 3263 2557 3335 diei
2595 3264 2665 3334 7.
2707 3257 2895 3333 lunii
2940 3262 3198 3351 1855„

539 3384 610 3449 et
663 3378 779 3449 die
831 3379 951 3450 20.
1006 3377 1171 3451 Dec.
1222 3381 1435 3451 1856.

678 3487 933 3562 Contra
988 3490 1220 3564 facere
1272 3491 1703 3564 videbantur
1755 3492 1968 3564 binae
2020 3490 2486 3564 resolutiones
2548 3490 2621 3561 S.
2678 3486 2893 3579 Cong.
2936 3485 3196 3577 Conc.,

530 3622 674 3675 una
747 3603 820 3673 in
878 3603 1334 3694 Syracusana
1393 3604 1515 3675 27.
1574 3602 1737 3676 Maii
1798 3606 2008 3677 1617.
2083 3621 2268 3695 quae
2319 3603 2615 3675 huiusce
2668 3601 2932 3673 tenoris
2987 3609 3195 3673 erat:

528 3710 571 3811 (
577 3715 698 3786 lib.
725 3716 852 3787 XI.
879 3716 1065 3788 decr.
1098 3716 1226 3806 fol.
1255 3712 1496 3810 197.).·
1540 3740 1577 3781 (ι
1604 3719 1706 3788 An
1736 3713 2091 3789 Ordinarii
2130 3716 2405 3807 possint
2439 3712 2823 3786 concedere
2860 3713 3200 3786 licentias

531 3852 570 3893 ι
610 3828 1021 3901 celebrandi
1077 3830 1148 3899 in
1201 3830 1524 3902 oratoriis
1561 3830 1882 3921 privatis,
1924 3826 2213 3919 quando
2250 3827 2491 3917 aliqua
2528 3846 2742 3899 causa
2781 3828 3195 3901 necessaria

532 3965 569 4013 »
609 3941 882 4028 subest,
926 3947 1002 4014 ut
1038 3960 1195 4013 cum
1251 3959 1553 4033 persona
1607 3942 1912 4014 titularis
1948 3940 2274 4032 insignis,
2315 3958 2693 4030 rerumque
2728 3939 3189 4031 publicarum

530 4077 568 4121 »
607 4052 937 4145 publicus
991 4055 1341 4142 minister,
1400 4053 1676 4127 nobiles
1728 4054 1899 4126 item
1950 4070 2108 4125 cum
2163 4060 2561 4146 aegrotant,
2620 4060 2744 4125 aut
2780 4052 2978 4124 senio
3011 4069 3190 4123 con-

531 4189 569 4232 »
608 4164 773 4238 fecti
809 4167 900 4238 ad
938 4167 1308 4239 ecclesiam
1346 4166 1679 4240 accedere
1718 4165 2175 4238 multifariam
2213 4160 2735 4258 probibentur?
2789 4162 2863 4236 S.
2904 4162 2978 4235 C.
3022 4181 3202 4235 cen-

529 4302 565 4343 »
605 4280 772 4366 suit,
833 4298 973 4351 non
1027 4297 1236 4370 posse
1284 4275 1713 4371 Episcopum
1768 4298 1857 4351 ex
1909 4280 2162 4368 quavis
2214 4298 2431 4352 causa
2469 4279 2725 4369 cuique
2761 4275 3188 4365 concedere,

530 4416 566 4458 »
605 4397 686 4463 ut
738 4393 1029 4465 Sacrum
1082 4392 1208 4463 fiat
1259 4392 1332 4462 in
1386 4393 1678 4485 privatis
1730 4392 2079 4465 oratoriis.
2117 4416 2155 4460 ν
2218 4391 2452 4464 Altera
2504 4390 2658 4462 sine
2696 4391 2905 4462 titulo
2958 4409 2999 4460 a
3054 4386 3197 4460 Fa-

526 4523 760 4597 gnano
797 4504 1113 4577 refertur
1164 4506 1255 4577 ad
1316 4507 1480 4597 Cap.
1539 4501 1623 4576 ln
1677 4504 1789 4579 bis
1839 4504 1921 4578 de
1963 4506 2157 4597 priv.
2216 4524 2290 4578 n.
2335 4503 2449 4577 43.
2509 4521 2635 4594 per
2687 4501 2866 4575 haec
2916 4500 3186 4573 verba:

526 4642 565 4688 ς
604 4617 775 4713 Cum
836 4615 1230 4694 Cardinalis
1294 4614 1657 4692 Paleottus
1709 4618 1876 4690 olim
1928 4617 2291 4711 petiisset,
2364 4621 2446 4687 ut
2507 4620 2746 4707 posset
2814 4614 3189 4687 licentiam
