3497 5235
940 313 1060 387 σιμ
1085 312 1181 370 m.
1221 313 1297 370 n·
1332 312 1467 371 οιοω
1506 312 1788 372 moal-11.
1822 313 1876 385 g,
1901 312 1977 370 11.
2672 312 2794 375 467·

0 432 1 461 ¹
135 451 331 543 plina
384 447 456 519 S.
498 445 713 539 Cong.
771 445 1195 520 Huiusmodi
1247 450 1734 538 quaestionem
1790 448 2102 520 formiter
2148 456 2221 522 et
2255 436 2788 523 accuratissime

136 566 391 634 tractat
440 557 687 631 folium
722 577 981 633 causae
1019 560 1469 633 Cameracen.
1527 561 1723 633 Miss.
1757 580 1891 652 pro
1919 579 2081 651 pop.
2125 563 2244 632 25.
2287 563 2485 652 Sept.
2532 563 2778 652 1858.,

135 672 442 761 ideoque
475 672 549 741 in
585 670 946 743 volumine
984 668 1117 741 111.
1158 671 1293 744 sub
1330 691 1530 745 num.
1557 674 1678 744 39.
1719 671 2105 745 lectoribus
2152 673 2633 763 exhibebitur,
2675 682 2782 765 ut,

131 803 312 875 quae
366 783 457 855 ad
513 783 840 855 eamdem
890 786 1277 874 pertinent,
1333 784 1483 856 suis
1536 786 1671 875 ipsi
1724 785 1948 856 oculis
1999 786 2409 877 inspiciant.
2471 781 2556 855 In
2593 786 2792 859 exitu

129 898 443 971 eiusdem
482 915 744 968 causae
779 898 977 968 iuxta
1008 915 1270 969 morem
1303 898 1508 987 plura
1545 897 1763 970 dubia
1796 903 2145 987 prostant,
2190 895 2456 986 quibus
2491 894 2564 966 S.
2597 893 2672 967 C.
2705 894 2782 969 C.

127 1008 628 1082 resolutionem
682 1009 793 1095 iiS,
852 1026 1038 1098 quae
1092 1009 1367 1080 infolio
1420 1009 1953 1101 expenduntur,
1995 1014 2556 1081 consentaneam
2592 1011 2783 1080 omni

128 1139 210 1193 ex
260 1126 466 1210 parte
519 1118 876 1209 praebuit.

267 1232 439 1304 384.
495 1229 743 1323 Neque
778 1249 943 1304 vero
979 1233 1330 1323 parochus
1363 1232 1456 1305 ad
1492 1232 2016 1323 eleemosynam
2051 1250 2178 1322 pro
2214 1229 2528 1304 secunda
2575 1228 2787 1306 Missa

124 1343 609 1434 recipiendam
659 1361 1001 1416 excusare
1050 1363 1127 1415 se
1181 1350 1414 1436 posset
1465 1362 1552 1416 ex
1604 1362 1715 1432 eo,
1757 1344 1950 1434 quod
1989 1361 2137 1414 mos
2174 1343 2581 1432 invaluerit,
2621 1351 2700 1417 ut
2746 1367 2788 1417 a

126 1455 241 1545 pio
276 1455 524 1544 aliquo
560 1456 916 1542 sodalitio,
947 1457 1059 1527 vel
1088 1455 1447 1546 praefecto
1482 1454 1797 1527 fabricae
1824 1456 2165 1527 ecclesiae
2204 1455 2579 1545 peculiaris
2605 1457 2790 1529 elee-

128 1584 420 1656 mosyna
475 1567 783 1658 parocho
833 1567 1274 1641 retribuatur
1308 1586 1434 1659 pro
1469 1564 1682 1639 Missa
1716 1566 1974 1638 diebus
2008 1565 2390 1637 Dominicis
2441 1567 2554 1637 vel
2592 1567 2790 1639 festis

126 1677 211 1750 de
264 1685 649 1769 praecepto
694 1679 1123 1751 celebranda
1162 1680 1271 1751 vel
1307 1680 1662 1768 canenda,
1704 1680 1922 1769 idque
1959 1676 2348 1768 aliquando
2382 1678 2538 1750 sine
2574 1697 2789 1752 onere

125 1790 458 1879 specialis
506 1791 1030 1880 applicationis.
1088 1789 1262 1862 Cum
1296 1792 1487 1864 enim
1522 1790 1929 1861 huiusmodi
1965 1807 2173 1862 casus
2210 1788 2644 1863 adamussim
2683 1791 2793 1862 in-

122 1902 551 1973 tervenisset
600 1900 950 1993 Episcopo
1001 1900 1379 1990 Brixiensi‚
1437 1904 1763 1993 adeoque
1813 1902 1929 1973 hic
1965 1903 2036 1973 S.
2079 1899 2152 1972 C.
2187 1899 2398 1973 Conc.
2439 1908 2783 1993 rogasset,

123 2030 215 2083 an
268 2012 451 2084 haec
503 2016 943 2087 consuetudo
995 2016 1250 2087 saltem
1300 2016 1586 2089 tolerari
1632 2021 1875 2106 posset
1907 2033 2033 2105 pro
2071 2013 2327 2085 diebus
2365 2014 2590 2102 testis,
2634 2017 2793 2105 qui-

120 2121 261 2194 bus
299 2125 594 2197 offertur
620 2127 1067 2218 eleemosyna
1104 2129 1261 2199 sine
1289 2126 1725 2218 obligatione
1754 2127 2228 2199 determinata
2260 2118 2804 2217 applicationis,

119 2235 197 2306 S.
232 2235 454 2328 Cong.
500 2239 572 2309 in
607 2240 932 2310 Brioez'en.
975 2241 1047 2310 3.
1084 2237 1290 2310 Mart.
1331 2239 1541 2311 1855.
1576 2257 1704 2329 per
1735 2242 1930 2312 Sum.
1968 2256 2160 2328 pree.
2219 2238 2483 2308 edixit:
2547 2260 2584 2302 ι
2626 2246 2810 2308 con-'-

123 2370 160 2411 ι»
203 2348 666 2420 suetudinem
738 2351 935 2422 iuxta
1008 2352 1327 2441 exposita
1384 2369 1539 2424 esse
1599 2349 2170 2441 reprobandam,
2233 2356 2305 2422 et
2362 2350 2812 2421 servandam

116 2484 155 2524 »
200 2477 363 2532 esse
415 2457 713 2533 Constit.
779 2459 1054 2534 Bened.
1119 2460 1309 2533 xlv,
1374 2464 1547 2537 Cam
1596 2481 1861 2553 semper
1895 2462 2193 2534 oblatas.
2234 2458 2395 2533 Vid.
2453 2468 2812 2551 sequent.

116 2598 155 2639 »
204 2574 572 2647 Treviren.
614 2573 689 2671 ἓ.
734 2578 907 2649 In.»
2783 2581 2815 2597 “

267 2689 442 2759 385.
508 2686 905 2778 Aliquando
958 2697 1192 2780 potest
1236 2691 1547 2781 permitti
1586 2689 1893 2781 parocho
1927 2687 2315 2759 secundam
2354 2682 2641 2757 Missam
2679 2704 2793 2758 ce-

106 2795 462 2886 lebranti,
506 2807 583 2872 ut
622 2802 932 2891 applicet
983 2819 1109 2891 pro
1148 2801 1286 2871 alio
1322 2802 1702 2892 stipendiO,
1763 2800 1872 2872 vel
1916 2801 2007 2871 ad
2044 2818 2245 2871 suam
2285 2800 2785 2886 intentionem,

104 2911 360 3001 qualis
396 2918 506 2983 est
540 2931 754 2984 causa
790 2916 863 2985 in
902 2915 1258 2986 Treviren.
1286 2916 1717 3003 Eleemosyn.
1762 2914 1957 2984 Miss.
2000 2913 2137 2984 diei
2177 2915 2296 2983 23.
2332 2909 2536 2982 Mart.
2571 2909 2785 2981 1861.

91 3043 239 3114 per
295 3024 492 3095 Sum.
545 3044 775 3115 pree„
841 3027 914 3096 in
977 3044 1118 3114 qua
1173 3027 1489 3115 aliquam
1548 3025 2189 3095 remunerationem
2243 3042 2328 3094 ex
2387 3022 2590 3094 titulo
2643 3007 2810 3090 mass·

100 3136 291 3206 ioris
346 3136 773 3208 incommodi
827 3140 1042 3228 recipi
1096 3156 1300 3229 posse
1355 3140 1776 3229 permissum
1819 3137 1977 3209 fuit.
2019 3134 2126 3207 Ibi
2168 3137 2358 3208 enim
2394 3131 2790 3224 Episcopus

94 3249 180 3318 S.
232 3244 314 3318 C.
357 3244 433 3318 C.
472 3247 814 3338 rogabat:
878 3271 915 3314 ‹
955 3247 1205 3322 Utrum
1242 3248 1557 3341 parochi,
1599 3248 1751 3337 qui,
1795 3255 1872 3319 ut
1910 3249 2126 3320 menti
2165 3246 2623 3317 fundatorum
2668 3245 2794 3315 slat

98 3384 142 3425 >
186 3360 410 3447 satiS,
468 3358 722 3433 diebus
770 3359 1151 3433 Dominicis
1201 3368 1271 3432 et
1326 3361 1524 3433 sestis
1576 3359 1821 3431 binam
1876 3359 2125 3431 dicunt
2176 3356 2489 3444 Missam,
2544 3365 2612 3427 et
2667 3371 2812 3445 pro·

98 3498 142 3539 >
194 3471 713 3543 fundatoribus
766 3474 1360 3563 primissariarum
1417 3469 1527 3566 (l)
1581 3472 1973 3564 applicant,
2018 3471 2198 3568 etin
2237 3476 2539 3556 utraque
2576 3464 2793 3537 Missa

90 3610 134 3651 >
182 3585 751 3656 instructionem
807 3585 1314 3657 catecheticam
1368 3584 1668 3670 habent,
1709 3583 2043 3654 salarium
2100 3599 2185 3651 ex
2239 3579 2462 3651 fundo
2513 3578 2835 3671 primisf

85 3722 133 3762 ›
181 3696 557 3768 sariarum
613 3715 738 3786 pro
794 3697 1134 3786 peculiari
1192 3696 1433 3768 labore
1484 3696 1848 3788 percipere
1901 3689 2222 3783 possint‘i
2268 3694 2339 3763 2.
2381 3689 2629 3763 Utrum
2668 3709 2796 3780 pa-

81 3835 129 3878 »
181 3806 433 3895 rochi,
476 3809 601 3896 qui
654 3827 780 3899 pro
833 3809 1254 3880 necessitate
1307 3809 2001 3879 circumstantiarum
2073 3804 2329 3875 diebus
2405 3801 2794 3872 Dominicis

82 3948 129 3988 ›
179 3927 277 3991 et
334 3917 581 4005 lestiS,
637 3921 786 3991 sive
840 3920 913 3989 in
966 3921 1259 3992 ecclesia
1315 3919 1702 4010 parochiali
1766 3920 1912 3989 sive
1966 3917 2162 3987 filiali
2218 3916 2464 3987 dissita
2519 3913 2632 3984 bis
2682 3930 2800 3982 ce-

76 4060 141 4112 ),
178 4029 522 4117 lebrant,
567 4032 825 4102 tradita
878 4032 1090 4102 simul
1143 4032 1464 4101 doctrina
1519 4030 1930 4116 christiana,
1984 4047 2107 4118 pro
2159 4026 2499 4118 peculiari
2551 4022 2822 4095 labore'

66 4170 116 4216 ›
170 4149 273 4216 et
331 4142 689 4212 industria
742 4149 1011 4214 certum
1067 4143 1406 4213 salarium
1461 4161 1501 4211 a
1553 4141 2008 4232 parochianis
2057 4139 2373 4210 oblatum
2428 4137 2792 4227 percipere

66 4283 117 4325 ι
172 4250 538 4326 valeant?
578 4278 615 4320 ιι
671 4250 746 4323 S.
787 4251 862 4324 C.
904 4253 1113 4326 Conc.
1157 4255 1553 4343 rescripsit:
1599 4275 1636 4317 ι
1676 4249 1889 4323 Posse
1942 4251 2256 4342 permitti
2307 4248 2643 4339 prudenti
2681 4263 2800 4315 ar-

240 4556 341 4632 (1)
383 4559 778 4611 Primissariae
819 4565 951 4612 sunt
990 4561 1257 4613 beneficia
1293 4565 1349 4612 et
1390 4559 1671 4623 simplicia
1698 4560 1754 4609 et
1784 4561 2000 4620 curata,
2033 4556 2236 4622 quibus
2275 4553 2560 4626 prouisum
2587 4555 2698 4616 est,
2728 4554 2795 4603 ut

33 4647 429 4708 Dominicis
470 4646 666 4697 diebus
702 4651 760 4696 et
801 4645 987 4712 festis,
1044 4661 1250 4699 necnon
1286 4650 1344 4698 et
1384 4646 1712 4713 quibusdam
1752 4644 1914 4698 feriis
1966 4643 2192 4696 Sacrum
2242 4641 2560 4692 celebretur
2615 4640 2796 4706 primo

36 4750 303 4796 mne-0
