3497 5235
587 315 699 383 120
1336 321 1701 382 humationi·
1742 321 1796 380 8.
1825 321 2006 398 Oongr.
2035 322 2180 382 Gono-
2223 323 2489 399 expo-itio.

580 451 709 539 agit
757 455 950 521 Conc.
989 452 1162 520 Trid.
1198 492 1240 503 -
1278 458 1425 520 129.
1469 456 1646 522 Ratio
1685 455 2042 542 supplendi
2090 456 2407 524 seminarii
2448 479 2479 523 a
2514 456 2756 524 Bened.
2797 459 2959 524 xlv.
2997 477 3230 548 propo·

577 555 716 621 sita.
751 593 793 604 -
830 559 974 622 130.
1016 558 1235 624 Solent
1281 557 1471 643 aliqui
1525 557 1821 646 Episcopi
1862 578 2011 625 suos
2045 559 2306 626 clericos
2351 558 2427 626 ad
2475 560 2678 626 aliena
2723 560 3057 627 seminaria
3091 565 3229 629 mit-

577 667 740 737 tere,
794 658 1048 744 quando
1091 660 1424 747 proprium
1475 679 1602 727 non
1648 661 1906 728 liabent.
1946 661 2109 742 Quid
2140 662 2348 729 facere
2383 664 2497 748 ipsi
2536 663 2809 746 debeant
2844 664 2961 729 boc
2998 663 3062 734 in
3094 686 3231 731 casu

578 779 658 827 ex
690 761 954 827 consilio
1003 765 1067 829 S.
1108 765 1177 828 C.
1216 765 1407 829 Conc.
1446 799 1488 812 -
1526 766 1671 829 131.
1729 770 1793 833 S.
1834 768 1904 832 C.
1949 767 2139 832 Cone.
2182 765 2245 829 in
2276 765 2401 830 suis
2432 764 2509 832 ad
2544 765 2886 832 relationes
2920 768 3232 853 responsis

575 864 925 951 Episcopos
969 865 1306 931 seminario
1357 877 1641 931 carentes
1689 867 2003 946 hortatur,
2056 887 2138 934 ne
2186 867 2395 936 animo
2445 867 2768 947 deficiant,
2808 870 3095 955 nihilque
3148 870 3233 938 in-

572 986 794 1035 ausum
842 968 1246 1053 relinquant,
1314 979 1383 1033 ut
1446 969 1603 1035 illud
1651 969 1906 1058 erigere
1954 981 2214 1055 queant.
2266 1008 2308 1018 —
2361 972 2505 1037 132.
2564 972 2971 1057 Experientia
3020 972 3229 1050 docet,

576 1070 935 1155 complures
980 1071 1325 1157 Episcopos
1371 1071 1647 1137 subsidia
1695 1071 1779 1137 ibi
1830 1084 2044 1138 nactos
2093 1093 2252 1149 esse,
2304 1074 2410 1140 ubi
2462 1072 2864 1139 difficultates
2897 1077 3235 1160 praetime-

573 1175 746 1241 bant.
800 1211 842 1222 —
894 1177 1041 1240 133.
1094 1175 1516 1242 Seminarium
1581 1175 1935 1244 formaliter
1980 1190 2267 1243 erectum
2315 1191 2636 1255 censetur,
2698 1179 2951 1264 quando
3000 1181 3232 1250 alumni

574 1278 992 1364 collegialiter
1037 1279 1267 1345 vivunt
1314 1281 1502 1345 etiam
1555 1280 1620 1346 in
1668 1279 1862 1348 domo
1912 1281 2246 1348 conducta.
2298 1319 2340 1330 —
2392 1287 2539 1349 134.
2592 1285 2852 1368 Emptio
2899 1283 3128 1351 domus
3177 1299 3237 1353 et

568 1381 1022 1469 deputatorum
1073 1383 1303 1448 electio
1348 1382 1673 1449 seminarii
1724 1384 1963 1450 erectio
2011 1405 2141 1452 non
2193 1396 2309 1450 est.
2348 1422 2391 1433 -
2430 1389 2578 1451 135.
2621 1387 3042 1455 Seminarium
3076 1389 3236 1473 erigi

572 1485 802 1570 nequit
850 1489 913 1553 in
959 1487 1222 1553 aedibus
1270 1489 1735 1556 canonicalibus
1785 1491 2022 1576 absque
2070 1491 2520 1557 canonicorum
2577 1510 2924 1569 consensu,
2980 1505 3051 1559 et
3106 1495 3238 1560 aliis

575 1588 995 1655 cautionibus.
1048 1627 1089 1638 -
1143 1593 1290 1657 136.
1346 1591 1769 1660 Seminarium
1818 1611 1947 1659 non
1995 1592 2210 1660 deficit
2262 1611 2384 1679 per
2432 1606 2911 1680 temporaneam
2970 1615 3236 1682 suspen·

575 1691 845 1758 sionem.
882 1728 924 1740 -
960 1695 1107 1757 137.
1146 1694 1285 1758 Non
1335 1693 1415 1759 ita
1465 1694 1648 1761 facile
1695 1694 2212 1781 procurrendum
2259 1707 2354 1762 est
2400 1695 2477 1762 ad
2528 1708 2885 1763 extremum
2916 1699 3239 1765 seminarii

577 1792 915 1860 obserandi
965 1794 1352 1873 remedium,
1408 1797 1647 1862 tametsi
1697 1798 1774 1864 ad
1828 1809 2097 1883 tempus.
2136 1835 2177 1846 -
2215 1802 2361 1864 138.
2417 1801 2480 1866 S.
2522 1802 2590 1865 C.
2635 1801 2827 1865 Conc.
2865 1800 3237 1868 seminario-

574 1917 719 1964 rum
781 1899 1140 1985 paupertati
1205 1898 1590 1985 quandoque
1649 1902 1966 1968 succurrit
2024 1918 2148 1987 per
2211 1900 2530 1967 Missarnm
2594 1900 3085 1980 reductionem,
3142 1903 3241 1967 vel

575 2000 1075 2072 translationem.
1111 2039 1154 2050 -
1208 2005 1354 2067 139.
1412 2004 1837 2070 Commutatio
1895 2001 2237 2070 voluntatis
2282 2003 2734 2070 defunctorum
2785 2006 2848 2071 in
2898 2005 3241 2073 utilitatem

575 2104 893 2171 seminarii
933 2104 1170 2171 facilius
1203 2103 1601 2182 conceditur,
1635 2126 1777 2172 cum
1805 2106 2014 2194 agitur
2045 2106 2126 2172 de
2158 2108 2367 2195 legato
2393 2107 2992 2175 studiorum-140.
3017 2113 3240 2177 Trans·

572 2207 722 2273 latio
766 2207 1084 2273 seminarii
1137 2206 1211 2272 ab
1260 2207 1418 2278 urbe
1467 2209 1762 2295 principe
1809 2208 1886 2274 ad
1938 2210 2163 2274 urbem
2198 2209 2582 2275 residentiae
2617 2209 2937 2298 Episcopi,
2976 2213 3241 2299 probata

576 2309 698 2377 fuit
744 2330 776 2375 a
827 2317 888 2378 S.
931 2314 999 2376 C.
1043 2313 1112 2376 C.
1170 2309 1233 2374 in
1269 2310 1668 2376 Milevitana.
1722 2311 1922 2378 Salvis
1968 2310 2288 2386 seminarii
2323 2312 2685 2379 dioecesani
2729 2313 2971 2379 iuribus
3003 2334 3074 2379 ac
3108 2316 3242 2401 pri-

571 2412 848 2501 vilegiis,
898 2423 1109 2500 potest
1156 2414 1505 2501 Episcopus
1540 2416 1602 2479 in
1637 2414 1916 2481 dioecesi
1951 2416 2293 2503 collegium
2327 2417 2590 2503 insuper
2621 2416 2980 2495 aedificare,
3018 2438 3245 2504 quam-

581 2515 675 2582 vis
722 2516 926 2582 clerus
974 2526 1037 2581 et
1082 2516 1436 2602 municipes
1483 2515 1925 2583 adversentur.

730 2693 896 2765 112.
955 2690 1125 2764 Cum
1184 2692 1258 2764 in
1309 2692 1444 2765 1100
1495 2693 1792 2765 articulo
1844 2693 1932 2765 de
1986 2712 2060 2766 re
2113 2702 2363 2786 agatur
2417 2697 2733 2768 omnium
2789 2699 3238 2789 gravissima,

578 2814 796 2897 atque
848 2806 1026 2880 adeo
1081 2807 1264 2879 tanti
1317 2808 1684 2896 momenti,
1741 2813 1822 2879 ut
1872 2804 1942 2879 S.
1986 2806 2059 2879 C.
2121 2809 2190 2879 in
2243 2809 2392 2881 suis
2444 2810 2536 2882 ad
2589 2807 2973 2902 Episcopos
3013 2812 3245 2884 literis

578 2920 1009 3011 singularem
1063 2924 1134 2991 et
1185 2919 1615 3010 exquisitam
1682 2938 1854 3012 prae
1907 2921 2157 2992 ceteris
2211 2920 2423 2993 rebus
2479 2922 2919 3013 diligentiam
2972 2942 3245 3014 ponere

577 3033 830 3120 soleat,
868 3030 1034 3105 hinc
1071 3031 1392 3105 eiusdem
1427 3032 1608 3103 sacri
1644 3032 1915 3107 ordinis
1953 3034 2172 3104 menti
2210 3032 2732 3123 quodammodo
2771 3054 2899 3107 nos
2934 3035 3243 3127 obsequi

576 3143 1030 3234 arbitramur,
1085 3145 1146 3216 si
1196 3143 1331 3217 1100
1382 3151 1879 3236 argumentum
1942 3144 2157 3237 paulo
2228 3144 2487 3218 fusiore
2542 3147 2813 3219 calamo
2866 3167 2947 3221 ac
2999 3150 3245 3222 studio

576 3257 1012 3330 accuratiore
1064 3262 1608 3348 pertractemus,
1665 3253 2035 3333 Monemus
2083 3256 2408 3346 interim,
2448 3276 2577 3331 1105
2614 3258 2728 3332 1110
2756 3260 2851 3332 de
2888 3263 3245 3334 materiali

574 3368 1017 3442 solummodo
1069 3369 1610 3449 seminariorum
1662 3375 1858 3441 statu
1910 3369 2123 3441 verba
2179 3369 2515 3460 facturoS‚
2575 3372 2920 3462 reliquam
2960 3373 3050 3446 de
3099 3373 3250 3446 for-

577 3481 746 3554 mali
799 3482 873 3552 in
923 3482 1157 3572 capite
1220 3487 1418 3553 sexto
1467 3480 2040 3555 lucubrationem
2103 3487 2573 3555 reservantes
2632 3480 2828 3565 Quae
2898 3484 3111 3557 fuerit
3169 3488 3247 3557 111

577 3593 893 3669 Ecclesia
946 3591 1073 3666 Dei
1124 3593 1664 3665 seminaniorum
1691 3593 1895 3685 origo
1946 3600 2017 3665 et
2069 3612 2482 3684 progressus
2536 3614 2576 3666 a
2628 3596 2874 3685 primis
2917 3597 3245 3670 eiusdem

573 3706 875 3781 saeculis
928 3705 1020 3777 ad
1079 3723 1304 3795 usque
1355 3712 1679 3797 tempora
1732 3702 2124 3777 Tridentini
2172 3702 2515 3794 Concilii,
2575 3724 2701 3796 ea,
2759 3726 2973 3797 quam
3029 3709 3247 3782 nobis

575 3818 1118 3914 proposuimuS,
1177 3817 1461 3890 dicendi
1524 3817 1838 3890 brevitas
1892 3816 2216 3908 pluribus
2285 3817 2401 3889 1110
2451 3821 2786 3910 prosequi
2841 3837 2982 3891 non
3033 3821 3240 3893 sinit.

574 3931 706 4016 Qui
760 3935 833 4005 in
885 3932 1073 4004 hanc
1124 3930 1544 4003 eruditionis
1595 3932 2031 4021 provinciam
2084 3950 2455 4004 excurrere
2507 3935 2973 4023 exoptaverit,
3025 3934 3251 4007 adeat

575 4064 752 4136 opus
805 4045 1224 4136 inscriptum
1283 4043 1519 4115 Storia
1570 4042 1681 4115 dc'
1720 4044 1982 4118 Semin.
2042 4043 2276 4116 cleric.
2335 4064 2525 4116 racc.
2594 4046 2689 4117 cla
2745 4046 3095 4119 Giovanni
3167 4048 3251 4120 di

581 4157 960 4230 Giovanni.
1008 4158 1257 4238 Roma,
1297 4154 1709 4248 Paqliarini
1751 4153 1966 4229 1747.
2008 4149 2204 4250 (cap.
2242 4155 2415 4228 1.02.
2459 4176 2541 4228 ac
2570 4155 2643 4229 3.
2646 4153 2715 4253 ).
2773 4154 2953 4229 Item
2993 4158 3242 4231 aliud:

577 4269 637 4342 11
689 4267 1081 4341 seminario
1117 4267 1418 4350 Eccles„
1471 4287 1509 4338 o
1558 4267 1659 4361 qli
1695 4272 1835 4341 otto
1868 4267 2104 4361 qiorni
2140 4288 2185 4340 α
2226 4270 2295 4341 S.
2333 4269 2658 4351 Eusebio,
2694 4269 2804 4341 del
2841 4271 3013 4344 dott.
3060 4271 3252 4363 Aqo-

576 4381 761 4455 stino
805 4380 1121 4453 Theiner.
1165 4381 1383 4455 Roma
1437 4380 1546 4452 nel
1589 4379 1884 4473 Colleqio
1925 4381 2201 4452 Urbano
2240 4379 2453 4454 1834.
2497 4375 2633 4476 (1).
2692 4379 2893 4464 Quod
2945 4383 3245 4474 quidem

577 4510 756 4588 opus
807 4491 1241 4565 clarissimus
1293 4497 1538 4566 auctor
1589 4492 1686 4565 ita
1727 4491 2006 4583 dividit,
2050 4498 2127 4566 ut
2163 4492 2237 4563 in
2273 4493 2499 4586 primo
2535 4494 2766 4584 capite
2803 4494 2891 4568 de
2926 4496 3247 4570 semina-

720 4740 799 4821 (1)
833 4744 1163 4800 Geschichte
1199 4743 1295 4797 der
1334 4743 1675 4809 geistlichen
1710 4741 2302 4809 Bildungsanstalten,
2345 4741 2533 4795 Hainz
2574 4741 2731 4795 1835.
