3497 5235
624 266 742 329 218
1179 234 1190 247 ⁸
1375 267 1746 325 lustr-notionis
1784 267 1838 325 8.
1868 269 2049 344 σαψ.
2087 269 2233 327 Ocno.
2273 268 2542 343 expositio.

626 404 907 494 nequit,
947 403 1168 475 veluti
1222 404 1627 475 monuimus
1678 409 1750 476 et
1808 405 2256 476 ostendimus
2307 406 2380 476 in
2431 404 2567 476 boc
2617 405 2771 495 ipso
2825 404 2996 494 Cap.
3057 403 3150 474 ΙΙ.
3195 404 3253 474 in

622 514 940 609 Append.
1000 513 1084 585 de
1135 515 1673 587 Procuratione.

779 731 818 776 ‹
856 706 977 780 lv.
1043 709 1191 800 An,
1250 717 1322 783 et
1376 711 1658 800 quoties
1711 703 2075 801 Synodum
2132 711 2635 784 dioecesanam
2701 712 3053 803 coegerit:
3109 718 3171 783 et
3213 711 3261 782 si

628 847 665 888 »
711 818 1098 914 Episcopus
1150 822 1329 893 nulli
1382 820 1927 913 Archiepiscopo
1997 822 2364 896 subiectus
2418 825 2553 909 sit,
2621 843 2715 895 an
2770 822 2861 894 ad
2924 824 3260 914 Synodum

626 956 666 1001 ›
706 932 1212 1022 provincialem
1268 934 1422 1005 eius
1479 933 2045 1026 Archiepiscopi,
2104 953 2316 1024 quem
2370 935 2463 1007 ad
2514 938 2842 1009 tramites
2897 932 3261 1007 Tridentini

628 1068 665 1110 »
707 1044 965 1134 eligere
1021 1050 1328 1132 tenetur,
1370 1051 1450 1116 ut
1501 1046 1656 1117 eius
1709 1045 1990 1136 Synodo
2043 1047 2457 1138 provinciali
2515 1049 2820 1135 intersit,
2864 1049 3258 1134 accesserit3

626 1180 665 1223 ι»
707 1162 781 1229 et
828 1157 888 1227 si
941 1158 1033 1229 sit
1086 1157 1713 1251 Archiepiscopus‚
1774 1179 1867 1230 an
1919 1156 2285 1250 Synodum
2338 1161 2842 1252 provincialem
2895 1160 3258 1244 babuerit,

627 1294 664 1337 ι
706 1274 777 1341 et
829 1271 1125 1360 quinam
1180 1271 1623 1362 Suffraganei
1675 1269 1908 1343 eidem
1963 1272 2443 1344 interfuerint.
2495 1299 2533 1341 ›

756 1468 1181 1533 Suuxmuu.
1226 1468 1372 1531 148.
1413 1468 1755 1531 Decretum
1805 1468 1998 1533 Conc.
2041 1464 2215 1532 Trid.
2252 1464 2337 1533 de
2380 1466 2786 1554 Synodorum
2833 1465 3263 1533 celebratione.

624 1566 863 1650 Synodi
911 1567 1336 1655 provinciales
1391 1570 1657 1653 singulis
1721 1569 2056 1647 trienniiS,
2109 1569 2523 1637 dioecesanae
2582 1570 2852 1656 singulis
2901 1569 3081 1636 annis
3128 1569 3270 1634 cele-

620 1667 914 1736 brentur.
966 1670 1082 1748 Qui
1131 1669 1209 1737 ad
1258 1683 1559 1756 utrasque
1608 1671 1918 1737 interesse
1967 1670 2229 1738 debent.
2267 1709 2310 1721 -
2348 1675 2495 1740 149.
2534 1673 2778 1740 Summi
2830 1670 3187 1748 Pontifices,
3215 1688 3270 1734 ac

623 1777 852 1842 SSr‘ilus
884 1778 955 1840 D.
980 1776 1054 1840 N.
1093 1773 1439 1859 praecipue
1472 1775 1867 1853 institerunt,
1905 1786 1975 1841 ut
2006 1775 2410 1861 Synodorum
2443 1776 2787 1843 celebratio
2821 1775 3271 1863 redintegrare-

624 1886 750 1943 tur.
786 1913 830 1925 -
866 1880 1014 1944 150.
1052 1878 1182 1942 Nec
1226 1878 1364 1943 sine
1415 1875 1618 1944 fausto
1666 1888 1926 1944 eventu.
1961 1914 2004 1926 -
2043 1882 2191 1944 151.
2244 1879 2599 1964 Aliquoties
2648 1885 2712 1949 S.
2754 1882 2826 1945 C.
2877 1877 3107 1945 suadet
3152 1874 3271 1944 Sui-

621 1978 971 2068 i'raganeis,
1022 1990 1095 2044 ut
1141 1979 1521 2064 obsequiose
1582 1980 2082 2067 Metropolitanis
2147 1991 2491 2068 suggerant
2548 1980 2885 2047 consilium
2933 1976 3272 2047 maturandi

622 2080 862 2164 Synodi
910 2080 1322 2168 provincialis
1370 2082 1895 2161 celebrationem,
1949 2104 2111 2171 quae
2160 2084 2431 2168 synodis
2474 2084 2864 2152 dioecesanis
2898 2080 3274 2150 celebrandis

625 2195 866 2250 sternat
926 2183 1116 2249 viam.
1146 2220 1189 2232 -
1227 2188 1379 2250 152.
1416 2190 1480 2254 S.
1520 2188 1589 2251 C.
1629 2188 1823 2253 Conc.
1880 2206 1959 2252 ex
2007 2189 2274 2254 Constit.
2328 2189 2488 2256 Sixti
2538 2192 2613 2256 V.
2667 2186 3020 2274 providere
3071 2185 3270 2259 debet,

624 2297 696 2352 ut
743 2289 1079 2372 expleatur
1125 2288 1226 2353 lex
1274 2288 1355 2353 de
1405 2289 1675 2374 Synodis
1724 2290 2143 2356 celebrandis.
2171 2327 2214 2339 -
2253 2295 2402 2358 153.
2442 2289 2679 2357 Eadem
2714 2288 3004 2373 synodos
3034 2287 3275 2376 provin-

623 2389 812 2455 ciales
860 2388 1173 2474 expendit
1236 2409 1304 2455 ac
1367 2392 1789 2479 recognoscit.
1842 2394 2111 2459 Necesse
2171 2411 2302 2459 non
2353 2405 2485 2471 est,
2536 2404 2608 2458 ut
2653 2393 2731 2458 ab
2776 2389 3001 2456 eadem
3063 2407 3275 2475 appro-

621 2491 860 2557 bentur
906 2510 1166 2558 normae
1212 2513 1327 2558 seu
1376 2494 1548 2580 leges
1597 2495 1661 2560 in
1711 2494 1971 2581 Synodo
2018 2514 2139 2581 per
2177 2495 2565 2582 Episcopum
2597 2495 2993 2581 propositae,
3044 2504 3116 2559 ut
3159 2510 3275 2557 ser·

623 2605 881 2660 ventur.
907 2632 950 2643 -
987 2599 1134 2662 154.
1174 2596 1384 2663 Sicubi
1436 2595 1629 2663 dubia
1663 2610 1809 2665 ante
1844 2597 2346 2665 celebrationem
2393 2597 2825 2674 suboriantur,
2879 2598 2944 2664 S.
2984 2598 3052 2663 G.
3094 2598 3273 2663 Gonc.

622 2699 998 2765 resolvenda
1030 2699 1306 2786 proponi
1340 2712 1628 2787 possunt.
1663 2702 1725 2769 Si
1755 2721 1878 2787 qua
1914 2700 2172 2768 interim
2205 2701 2288 2767 de
2322 2701 2769 2789 praecedentia
2802 2689 3068 2785 aliisque
3103 2698 3277 2763 rebus

622 2802 1054 2869 controversia
1101 2814 1451 2880 enascatur,
1504 2802 1841 2888 provideat
1879 2807 2256 2890 EpiscopuS,
2295 2804 2627 2871 reservatis
2663 2802 3016 2887 unicuique
3048 2799 3280 2866 iuribus

619 2905 773 2972 suis.
802 2942 846 2954 -
882 2909 1029 2971 155.
1072 2904 1368 2971 Canonici
1422 2906 1728 2972 ecclesiae
1769 2907 2174 2984 cathedralis,
2212 2907 2263 2971 si
2315 2906 2380 2972 in
2415 2907 2672 2973 civitate
2708 2904 3003 2991 Synodus
3035 2904 3283 2990 provin-

623 3007 797 3073 cialis
845 3006 1233 3084 celebretur,
1284 3006 1362 3072 ad
1411 3006 1743 3092 Synodum
1795 3009 2108 3075 invitandi
2153 3020 2327 3075 sunt.
2380 3009 2531 3078 Sive
2578 3020 2792 3073 autem
2846 3006 3277 3094 collegialiter,

621 3110 761 3175 sive
806 3127 928 3195 per
973 3120 1423 3195 procuratores
1468 3109 1798 3188 accedant,
1849 3112 2059 3177 locum
2107 3134 2139 3178 a
2191 3116 2479 3178 Caerem.
2521 3115 2704 3177 Rom.
2745 3109 3151 3195 praefinitum
3182 3108 3283 3172 ba·

622 3213 776 3279 bere
810 3211 1074 3277 debent.
1105 3247 1148 3258 -
1185 3215 1330 3277 156.
1371 3217 1601 3282 SSmus
1647 3217 1719 3279 D.
1760 3216 1837 3280 N.
1872 3216 2211 3300 specialem
2250 3213 2679 3282 cardinalium
2714 3210 3280 3300 Congregationem

618 3313 931 3380 stabiliter
978 3312 1332 3391 constituit,
1384 3315 1486 3378 cui
1534 3316 1753 3402 plures
1787 3319 2195 3384 consultores
2240 3316 2503 3406 adlegit,
2553 3335 2672 3405 pro
2719 3315 2992 3399 Synodis
3030 3312 3283 3400 provin-

623 3416 885 3483 cialibus
935 3415 1392 3483 examinandis.
1442 3454 1485 3466 -
1539 3423 1686 3486 157.
1741 3423 2149 3506 Synodorum
2196 3420 2687 3506 provincialium
2738 3418 3094 3506 recognitio
3138 3435 3283 3482 vera

623 3531 690 3585 et
734 3518 993 3605 propria
1026 3517 1397 3607 approbatio
1432 3539 1647 3586 earum
1682 3542 1811 3589 non
1844 3535 1963 3588 est.
1992 3560 2036 3573 -
2066 3527 2209 3590 158.
2246 3523 2541 3611 Episcopi
2579 3521 2866 3609 exempti
2915 3541 2984 3586 ac
3032 3517 3280 3585 Praelati

622 3623 887 3689 Nullius
918 3621 1159 3706 Synodi
1194 3624 1639 3691 convocandae
1673 3625 2019 3712 privilegio
2051 3644 2181 3692 non
2207 3625 2422 3691 donati
2449 3623 3019 3708 Arcbiepiscopum
3054 3622 3282 3707 eligere

619 3737 952 3804 tenentur,
1004 3725 1183 3792 cuius
1232 3726 1492 3809 Synodo
1541 3728 1995 3794 interveniant.
2024 3764 2067 3776 -
2105 3731 2253 3795 159.
2295 3727 2775 3814 Archiepiscopi
2810 3727 2949 3792 sine
2982 3723 3280 3808 Suffraga-

617 3831 757 3896 neis
804 3828 1163 3905 laudantur,
1199 3829 1251 3893 si
1294 3826 1464 3895 idem
1501 3831 1748 3896 iaciant.
1780 3868 1823 3880 -
1861 3835 2008 3898 160.
2050 3830 2341 3917 Capitula
2376 3840 2678 3915 exempta
2720 3839 3027 3895 tenentur
3053 3828 3281 3892 solum·

617 3931 814 3999 modo
859 3950 1115 3997 servare
1163 3929 1420 3996 decreta
1469 3931 1735 4018 Synodi,
1773 3933 1876 3999 cui
1905 3953 2056 4000 suus
2090 3933 2380 4001 interfuit
2411 3934 2790 4020 Episcopus.
2818 3969 2862 3981 -
2900 3936 3050 3999 161.
3083 3929 3281 3996 Etiam

619 4048 766 4102 ante
816 4033 1106 4119 Synodos
1152 4032 1574 4112 dioecesanas,
1625 4035 1676 4101 si
1726 4037 2162 4103 controversia
2212 4037 2479 4115 oriatur,
2533 4035 2800 4122 expedit
2834 4055 2973 4101 eam
3007 4043 3142 4100 ante
3173 4030 3287 4096 de·

615 4137 829 4215 finire,
867 4147 977 4202 aut
1006 4136 1084 4202 ad
1118 4135 1290 4202 aliud
1327 4147 1603 4223 tempus,
1642 4137 1888 4205 iuribus
1920 4140 2281 4216 reservatis,
2320 4137 2605 4205 differre.
2627 4174 2670 4186 -
2701 4141 2848 4203 162.
2892 4141 2957 4205 S.
2992 4139 3060 4204 C.
3092 4137 3277 4200 Cone.

618 4239 910 4327 Synodos
954 4239 1356 4306 dioecesanas
1418 4258 1549 4305 non
1606 4241 1944 4308 examinat.
1985 4277 2028 4289 -
2081 4245 2228 4307 163.
2283 4240 2589 4308 Nonnulli
2638 4238 2976 4307 Antistites
3037 4237 3287 4305 decreta

615 4342 938 4426 synodalia
985 4342 1172 4409 alicui
1220 4342 1288 4407 in
1337 4342 1498 4408 urbe
1544 4344 1847 4430 privatim
1898 4341 2312 4410 examinanda
2356 4345 2760 4410 committere
2795 4344 3284 4407 consueverunt.

619 4481 663 4493 -
700 4448 848 4510 164.
889 4444 1117 4530 Siquid
1163 4445 1229 4510 in
1276 4446 1644 4531 particulari
1695 4445 2131 4512 irrationabile
2190 4446 2299 4512 vel
2350 4463 2693 4512 onerosum
2753 4442 3048 4529 Synodus
3093 4435 3291 4504 conti-

617 4555 793 4623 neat,
845 4549 914 4614 S.
950 4549 1020 4612 C.
1071 4547 1482 4634 proponitur,
1519 4558 1590 4613 ut
1620 4547 1990 4636 singulatim
2037 4547 2463 4615 examinetur.
2502 4550 2725 4633 Neque
2759 4546 3110 4633 Episcopus
3136 4558 3294 4607 con-

621 4646 807 4736 queri
856 4645 1074 4725 debet,
1123 4649 1174 4715 si
1225 4648 1421 4733 aliqui
1456 4668 1490 4714 e
1525 4650 1700 4715 clero
1739 4649 1910 4736 apud
1960 4656 2022 4720 S.
2066 4650 2645 4740 congregationem
2681 4650 3054 4716 reclament.
3095 4642 3292 4714 Multo
