3497 5235
592 258 715 321 258
1331 256 1700 315 IMfl-notionis
1739 256 1793 314 Β.
1823 254 2005 330 Οοιςτ.
2034 255 2180 313 Gonu.
2220 255 2491 331 expositio.

589 414 654 468 s·
694 413 789 465 m.
831 391 937 465 Pii
989 388 1147 462 Vll.
1192 394 1362 465 anni
1421 393 1634 464 1822.
1675 390 2020 483 abrogata
2071 391 2502 483 sublataque
2538 391 2833 464 fuerunt
2881 390 3239 483 privilegia

589 522 920 597 quaeque
970 504 1258 577 creandi
1313 504 1761 592 tabellioneS,
1826 503 2004 576 illud
2054 506 2460 576 necessario
2516 501 3117 593 consequebatur,
3175 508 3244 574 ut

586 616 974 708 abrogatus
1030 616 1500 705 sublatusque
1569 616 1751 687 foret
1818 633 1991 687 usus
2042 613 2235 706 apud
2289 617 2522 688 curias
2573 615 3092 688 ecclesiasticas
3144 614 3244 686 in-

582 736 855 816 vectuS,
898 745 984 799 ex
1019 746 1161 818 quo
1209 727 1617 802 cancellarii
1651 728 1764 799 ius
1814 725 1952 798 sibi
1990 745 2072 797 ac
2125 727 2577 819 privilegium
2614 724 3047 818 arrogabant
3083 742 3242 798 con·

584 841 869 914 ficiendi
920 847 1107 927 acta,
1148 856 1333 929 quae
1383 839 1476 910 ad
1528 839 1684 910 loca
1734 840 1852 931 pia
1906 841 2377 930 pertinerent.

731 952 901 1025 234.
957 950 1214 1024 Contra
1248 969 1414 1023 vero
1449 951 1842 1025 advocatus
1877 948 2093 1023 Lauri
2131 949 2641 1039 respondebat,
2696 948 3110 1021 huiusmodi
3145 949 3244 1020 ius

589 1063 1030 1137 cancellariis
1080 1070 1520 1153 competenS,
1578 1062 1767 1135 inter
1817 1061 2346 1152 privilegiorum
2400 1061 2698 1133 classem
2749 1078 2896 1131 non
2942 1077 3101 1132 esse
3150 1077 3247 1131 re-

587 1174 1052 1262 censendum,
1109 1173 1431 1264 adeoque
1467 1173 1963 1246 sanctionibus
1998 1170 2420 1262 Pontificiis,
2479 1190 2667 1262 quae
2702 1170 3243 1258 obiiciebantur,

585 1284 971 1359 obnoxium
1006 1303 1153 1356 non
1188 1302 1344 1358 esse
1367 1284 1711 1358 unimode
1748 1283 2256 1376 reputandum.
2294 1281 2557 1373 Utique
2581 1283 2950 1371 tuebatur,
2979 1282 3248 1355 baben-

582 1396 752 1471 dum
791 1412 947 1467 esse
981 1395 1203 1468 veluti
1239 1397 1350 1467 ius
1385 1417 1426 1468 a
1463 1397 1616 1469 iure
1652 1396 2010 1469 communi
2045 1415 2193 1468 non
2230 1396 2496 1486 scripto
2527 1394 2885 1485 derivan3‚
2919 1396 3118 1488 quod
3146 1414 3248 1470 ce-

584 1508 916 1597 teroquin
953 1527 995 1578 a
1030 1506 1548 1581 consuetudine
1601 1505 1999 1598 profluebat
2051 1506 2626 1597 immemorabili,
2667 1508 3054 1597 constanti,
3096 1509 3247 1580 uni-

582 1620 867 1707 versali,
908 1637 1238 1709 quaeque
1276 1619 1497 1711 ipsius
1544 1618 1617 1690 S.
1658 1617 1731 1693 C.
1773 1617 2076 1690 decretis
2109 1620 2389 1692 sancita
2425 1618 2659 1693 fuerat
2696 1628 2764 1693 et
2802 1619 3242 1692 confirmata.

727 1733 897 1803 235.
954 1728 1211 1821 Itaque
1261 1732 1335 1803 in
1384 1732 1622 1823 plenis
1672 1731 1975 1804 comitiis
2027 1730 2171 1803 diei
2221 1732 2341 1803 28.
2388 1728 2566 1829 Aug.
2614 1732 2860 1820 1847„
2905 1749 3095 1821 quae
3144 1750 3247 1806 se-

581 1849 903 1935 quuntur
952 1843 1174 1916 dubia
1227 1844 1587 1933 proposita
1639 1849 1878 1915 sunt.:
1942 1865 1980 1907 «ι
2025 1844 2091 1912 1.
2153 1841 2258 1914 An
2313 1842 2720 1916 cancellarii
2783 1843 3242 1934 episcopaleS,

584 1981 632 2024 ν
662 1957 767 2027 uti
808 1956 1210 2028 cancellarii
1266 1963 1574 2044 tantum,
1633 1956 1809 2046 quin
1863 1954 1955 2027 ad
2007 1953 2312 2025 formam
2363 1951 2599 2028 Motus
2633 1952 2909 2047 Proprii
2960 1938 3079 2029 ffie
3130 1958 3240 2030 30.

583 2094 622 2137 ν
660 2065 829 2140 Maii
886 2069 1100 2141 1822.
1158 2070 1417 2142 muniti
1469 2070 1617 2140 sint
1665 2068 2035 2161 privilegio
2089 2066 2637 2157 tabellionatus,
2695 2069 2926 2160 rogari
2980 2071 3245 2159 possint

583 2205 621 2247 »
662 2180 751 2252 de
802 2179 1109 2271 publicis
1159 2181 1654 2253 instrumentis
1722 2187 2012 2253 actuum
2085 2186 2157 2251 et
2227 2184 2726 2253 contractuum
2785 2183 3240 2270 notarilium,

582 2317 622 2360 ι»
662 2293 785 2383 qui
823 2293 1075 2364 confici
1110 2291 1380 2365 debent
1416 2293 1612 2364 iuxta
1667 2290 1927 2363 formas
1963 2311 2005 2361 a
2042 2290 2231 2363 dicto
2268 2288 2466 2363 Motu
2502 2289 2792 2382 Proprio
2835 2293 3240 2381 requisitas,

583 2429 623 2472 ιι
663 2403 951 2494 quando
1002 2405 1347 2477 interesse
1399 2403 1861 2475 ecclesiarum
1911 2403 2374 2494 locorumque
2427 2403 2703 2493 piorum
2755 2411 3239 2491 concernunt,

585 2541 623 2583 »
664 2515 991 2589 videlicet
1043 2517 1593 2605 alienationum,
1652 2517 2304 2608 permutationum,
2362 2533 2751 2603 censuum,
2809 2517 3245 2590 constitutio-

587 2654 626 2697 »
663 2647 866 2717 num,
922 2630 1508 2719 patrimoniorum
1570 2646 1930 2700 sacrorum
1987 2635 2058 2700 et
2112 2627 2363 2701 dotum
2433 2628 2902 2717 monialium,
2974 2635 3245 2701 transa-

585 2767 623 2809 »
663 2740 1005 2829 ctionum,
1064 2743 1529 2830 erectionum,
1585 2739 2184 2832 emphytheuseos
2237 2747 2307 2813 et
2361 2740 2664 2813 aliorum
2714 2740 3123 2814 huiusmodi
3172 2744 3244 2813 in

582 2879 620 2921 »
661 2846 879 2925 casu?
950 2854 1022 2924 2.
1083 2851 1187 2924 An
1239 2853 1492 2925 iisdem
1544 2852 1992 2924 cancellariis
2062 2859 2422 2943 competat
2490 2854 2600 2924 ius
2669 2851 3019 2942 privative
3072 2852 3245 2926 cele·

581 2988 620 3031 v
657 2963 919 3036 brandi
970 2982 1218 3036 omnes
1270 2970 1473 3037 actus
1524 2970 1595 3037 et
1644 2970 2080 3053 contractus,
2139 2964 2230 3036 de
2284 2964 2548 3054 quibus
2600 2965 2676 3036 in
2716 2965 2946 3055 primo
2996 2963 3236 3050 (lubic,

580 3098 620 3142 »
660 3076 876 3147 etiam
934 3078 1008 3148 in
1076 3077 1220 3148 vim
1272 3077 1726 3149 resolutionis
1796 3076 1869 3147 S.
1927 3075 2001 3149 C.
2059 3074 2352 3148 Concilii
2403 3075 2518 3147 die
2570 3078 2643 3149 9.
2684 3073 2853 3148 Iulii
2913 3078 3120 3148 1625.
3174 3079 3242 3146 et

580 3211 619 3254 v
660 3186 959 3258 aliarum
1011 3188 1524 3260 resolutionum
1562 3188 1740 3259 alias
1776 3188 2083 3260 latarum
2136 3189 2211 3259 in
2248 3181 2468 3258 casu?
2501 3213 2539 3255 »
2595 3186 2685 3261 Et
2722 3195 3080 3279 quatenus
3108 3184 3246 3260 Ne-

580 3299 854 3390 gative:
917 3322 955 3364 ‹
987 3301 1057 3369 3.
1101 3299 1209 3370 An
1244 3299 1496 3372 saltem
1548 3298 1945 3393 Episcopus
1994 3299 2376 3393 prohibere
2412 3301 2663 3391 possit,
2721 3319 2812 3372 ne
2858 3301 3070 3373 ceteri
3118 3319 3243 3373 no-

579 3435 618 3478 »
658 3411 817 3482 tarii
869 3419 1152 3501 praeter
1205 3430 1429 3484 unum
1482 3412 1984 3484 cancellarium
2036 3429 2249 3482 suum
2302 3410 2675 3484 celebrent
2726 3413 3232 3501 instrumenta,

578 3546 618 3590 »
657 3522 746 3593 de
783 3522 1047 3611 quibus
1099 3524 1172 3594 in
1226 3523 1451 3613 primo
1498 3529 1569 3595 et
1600 3523 1917 3597 secundo
1969 3522 2217 3611 dubio,
2276 3529 2426 3595 tam
2481 3523 2906 3615 generaliter
2957 3524 3237 3597 ferendo

577 3659 615 3701 »
658 3633 913 3724 legem,
971 3634 1082 3706 vel
1133 3634 1492 3726 vulgando
1544 3634 1894 3723 edictum,
1953 3653 2169 3723 quam
2221 3635 2674 3726 specialiter,
2733 3636 2955 3708 veluti
3008 3638 3240 3709 iniun-

576 3770 614 3812 »
658 3744 885 3834 gendo
939 3746 1013 3815 in
1066 3746 1371 3818 decretis
1424 3752 1496 3817 et
1545 3746 1907 3837 rescriptis
1938 3798 1957 3836 ,
2033 3746 2142 3818 vel
2197 3747 2335 3818 alio
2393 3746 2602 3818 modo
2655 3745 2925 3819 directo
2979 3748 3084 3820 vel
3132 3749 3235 3819 in-

577 3881 615 3923 »
655 3856 951 3938 directo,
992 3863 1074 3928 ut
1109 3859 1662 3929 instrumentum
1717 3858 2115 3930 celebretur
2166 3876 2295 3949 per
2347 3865 2507 3930 acta
2561 3859 2966 3931 cancellarii
3018 3860 3122 3932 sui
3162 3861 3232 3929 in

577 3991 617 4035 »
656 3961 872 4040 casu?
904 3994 942 4036 »
998 3965 1308 4051 Quorum
1345 3970 1662 4040 omnium
1715 3971 1790 4042 in
1826 3970 2157 4061 sequenti
2195 3968 2755 4062 Congregatione
2793 3970 2909 4043 die
2945 3973 3061 4043 28.
3099 3969 3237 4041 Au·

576 4081 762 4171 gusti
815 4081 1078 4172 prodiit
1130 4082 1464 4154 resolutio
1534 4081 1774 4155 favore
1824 4084 2279 4174 ‘notariorum
2349 4082 2546 4155 hisce
2616 4082 3226 4173 responsionibus:

578 4216 616 4258 «
659 4191 762 4264 Ad
803 4194 868 4263 1.
926 4191 1293 4285 Negative.
1352 4193 1459 4266 Ad
1495 4196 1565 4265 2.
1623 4190 1992 4284 Negative,
2033 4194 2357 4266 iniuncto
2409 4201 2651 4266 tamen
2706 4195 3002 4266 notariis
3033 4208 3235 4265 onere

577 4331 614 4375 ›
654 4305 982 4378 tradendi
1021 4308 1235 4379 curiis
1262 4304 1799 4379 ordinariorum
1835 4307 2109 4396 copiam
2146 4305 2546 4397 simplicem
2582 4305 2901 4377 omnium
2926 4312 3225 4378 actuum.

576 4440 614 4482 »
662 4415 761 4486 Ad
814 4418 884 4488 3.
943 4415 1308 4490 Provisum
1361 4419 1437 4490 in
1489 4419 1562 4490 2.
1600 4443 1638 4485 »

719 4526 887 4598 236.
946 4525 1053 4600 Ob
1107 4529 1663 4621 appellationem
1714 4550 1755 4600 a
1810 4529 2253 4602 cancellariis
2308 4531 2805 4621 interpositam
2851 4531 3058 4605 rediit
3104 4528 3231 4599 ite-

572 4655 731 4708 rum
782 4657 998 4711 causa
1069 4641 1145 4712 in
1195 4641 1498 4714 comitiis
1567 4641 1683 4714 die
1733 4641 1856 4713 29.
1914 4637 2230 4714 Ianuarii
2293 4641 2810 4734 subsequentis
2872 4644 3090 4730 anni,
3156 4642 3229 4712 et
