3497 5235
1031 300 1316 360 butruntio
1359 299 1409 358 8.
1440 297 1863 374 Oongngttionin
1904 296 2127 357 conditi.
2823 296 2901 360 45

399 433 586 510 VIII.
654 435 758 511 An
810 435 1086 527 aliquid
1137 433 1429 521 babeat,
1488 433 1678 523 quod
1729 431 1866 505 sibi
1938 431 2172 506 obstet
2234 434 2418 505 circa
2488 433 2900 507 exercitium

270 550 668 644 episcopalis
717 548 976 637 officii,
1032 546 1536 620 iurisdictionis
1611 544 2130 618 ecclesiasticae
2160 597 2182 635 ,
2239 562 2517 618 necnon
2584 545 2899 618 tuendae

271 663 599 736 libertatis
651 669 722 735 et
774 660 1241 732 immunitatis
1292 655 1776 729 ecclesiarum.

392 773 522 848 IX.
583 774 691 847 An
742 772 1031 864 aliquod
1085 772 1279 864 pium
1316 786 1493 862 opus
1528 768 1876 860 peregerit
1910 786 2037 859 pro
2073 764 2398 857 ecclesia,
2440 786 2565 860 pro
2603 767 2895 860 populo,

272 887 381 962 aut
427 906 555 980 pro
606 887 822 960 clero.

270 1108 385 1182 111.
443 1110 545 1183 De
597 1108 804 1183 tertio
852 1107 1213 1180 relationis
1265 1105 1492 1197 capite
1541 1101 1637 1174 ad
1685 1103 1949 1177 clerum
1992 1102 2420 1176 saecularem
2473 1103 2891 1195 pertinente.

396 1332 483 1406 In
533 1333 672 1406 boc
722 1333 954 1424 capite
1007 1327 1502 1425 exponendum
1554 1331 1713 1401 erit:

396 1444 457 1518 1.
522 1446 626 1518 An
679 1444 999 1517 canonici
1053 1442 1410 1531 ceterique
1461 1441 1669 1513 choro
1722 1439 1987 1514 addicti
2040 1438 2494 1526 cathedraliS,
2553 1442 2900 1530 metropo-

266 1559 515 1633 litanae
567 1563 695 1629 aut
745 1553 1234 1648 patriarchalis
1284 1553 1625 1627 ecclesiae
1697 1569 1975 1625 necnon
2043 1550 2606 1644 collegiatarum,
2679 1549 2897 1624 choro

270 1673 508 1763 iugiter
561 1669 920 1742 intersint.

390 1778 492 1852 Il.
550 1778 659 1851 An
714 1779 899 1851 ultra
950 1773 1404 1865 Matutinum,
1459 1774 1768 1865 Laudes,
1825 1783 2238 1866 ceterasque
2290 1773 2469 1846 alias
2517 1772 2730 1847 boras
2780 1793 2900 1848 ca-

266 1895 572 1979 nonicas,
629 1890 952 1982 quolibet
1000 1889 1114 1960 die
1164 1887 1523 1961 celebrent
1573 1886 1859 1961 Missam
1913 1887 2477 1961 conventualem.

392 2001 534 2076 111.
594 2002 703 2075 An
754 2000 1071 2093 quolibet
1124 1998 1238 2071 die
1287 2017 1442 2071 eam
1495 2002 1858 2095 applicent
1909 2019 2034 2093 pro
2084 1997 2682 2073 benefactoribus.

391 2112 519 2186 lv.
577 2113 684 2188 An
735 2131 902 2186 suas
950 2110 1268 2186 babeant
1319 2113 1886 2201 constitutiones,
1943 2120 2010 2186 et
2071 2129 2192 2184 eas
2242 2111 2719 2203 puuctualiter
2769 2112 2897 2184 ob-

268 2234 566 2298 servent.

400 2335 486 2408 V.
544 2336 652 2408 An
705 2335 829 2426 qui
880 2333 1206 2408 obtinent
1274 2335 1757 2427 praebendam
1826 2334 2439 2429 poenitentiariam
2511 2342 2636 2408 aut
2695 2335 2897 2410 theo-

274 2447 594 2541 logalem,
649 2447 1113 2539 adimpleant,
1169 2465 1355 2537 quae
1405 2447 1860 2541 adimplenda
1912 2455 2108 2535 sunt,
2162 2453 2232 2519 et
2282 2447 2660 2536 quomodo.

400 2559 525 2635 VI.
586 2561 690 2634 An
741 2560 1028 2656 parochi
1079 2561 1156 2633 in
1204 2560 1353 2634 suis
1403 2561 1759 2654 parochiis
1810 2560 2197 2635 resideant.

390 2670 558 2747 vll.
618 2677 724 2745 An
774 2673 1034 2747 librum
1087 2673 1512 2745 matrimonii
1564 2681 1631 2747 et
1682 2672 2234 2764 baptizatorum,
2290 2672 2613 2763 aliosque
2646 2672 2890 2762 libros,

263 2807 428 2878 quos
482 2787 577 2859 ad
629 2803 945 2857 normam
998 2781 1309 2858 Ritualis
1343 2781 1645 2857 Romani
1681 2787 1983 2857 retinere
2016 2784 2307 2873 debent,
2346 2785 2724 2857 retineant.

394 2894 594 2969 VIII.
658 2897 757 2968 An
810 2895 1030 2986 aliqui
1085 2896 1396 2987 ipsorum
1433 2896 1797 2989 indigeant
1833 2896 2129 2969 aliorum
2166 2896 2610 2970 sacerdotum
2647 2913 2888 2987 opera,

267 3017 331 3081 ut
379 3008 835 3081 Sacramenta
887 3007 1149 3101 populo
1195 3006 1723 3081 administrent.

394 3116 525 3192 IX.
587 3120 693 3189 An
745 3119 951 3191 iidem
1008 3136 1136 3210 per
1184 3135 1284 3207 se,
1341 3118 1451 3191 vel
1505 3137 1630 3210 per
1680 3119 1855 3191 alios
1908 3119 2220 3207 idoneoS,
2278 3119 2337 3190 si
2388 3119 2696 3210 legitime
2765 3119 2897 3191 im-

264 3231 468 3319 pediti
521 3229 814 3318 luerint,
854 3229 1105 3302 diebus
1140 3229 1393 3301 saltem
1434 3228 1812 3304 Dominicis
1847 3237 1916 3304 et
1951 3231 2148 3305 festis
2177 3229 2611 3304 solemnibus
2645 3229 2892 3322 plebes

267 3341 389 3414 sibi
439 3344 854 3415 commissas
904 3359 1031 3433 pro
1080 3360 1211 3413 sua
1263 3348 1330 3414 et
1381 3358 1624 3413 earum
1676 3344 2070 3434 capacitate
2125 3349 2425 3436 pascant
2456 3342 2895 3416 salutaribus

264 3453 504 3543 rerbiS,
560 3452 908 3540 docendo,
964 3470 1150 3542 quae
1200 3453 1379 3525 scire
1427 3453 1760 3526 omnibus
1813 3456 2288 3527 necessarium
2355 3460 2461 3526 est
2536 3457 2628 3528 ad
2701 3454 2895 3527 salu-

268 3570 418 3651 tem,
473 3567 669 3637 iuxta
725 3565 1071 3637 monitum
1122 3559 1516 3638 Tridentini
1568 3572 1638 3638 et
1688 3567 2059 3656 praecitati
2110 3564 2399 3640 Concilii
2457 3563 2789 3639 Romani.

398 3673 482 3747 X.
543 3677 651 3746 An
702 3675 956 3748 saltem
1010 3673 1390 3747 Dominicis
1441 3683 1511 3749 et
1563 3676 1721 3748 aliis
1773 3676 1967 3749 sestis
2020 3677 2275 3751 diebus
2327 3677 2399 3750 in
2468 3679 2615 3750 suis
2681 3694 2890 3770 paro-

266 3784 426 3858 chiis
473 3786 637 3860 fidei
692 3786 1137 3874 rudimenta,
1192 3794 1263 3884 et
1314 3785 1794 3860 obedientiam
1861 3806 2029 3880 erga
2098 3787 2321 3862 Deum
2389 3796 2459 3862 et
2529 3795 2886 3880 parenteS‚

267 3916 504 3988 pueros
554 3904 971 3987 ceterosque
1018 3896 1152 3969 boc
1202 3898 1551 3972 adiutorio
1598 3899 1995 3991 indigentes
2029 3900 2356 3990 doceant,
2397 3908 2464 3974 et
2501 3920 2621 3989 an,
2663 3908 2730 3973 et
2767 3902 2891 3990 qui

268 4008 358 4078 eis
403 4028 682 4100 operam
739 4014 1100 4099 praestent
1153 4009 1228 4079 in
1278 4007 1413 4081 hoc
1462 4028 1672 4103 opere
1725 4011 2210 4104 adimplendo,
2266 4018 2337 4084 et
2387 4029 2479 4082 an
2534 4010 2890 4084 fructuose

269 4117 389 4191 boc
431 4139 607 4212 opus
658 4121 835 4193 adeo
887 4122 1362 4192 necessarium
1416 4121 1488 4192 in
1542 4121 1841 4212 singulis
1889 4122 2242 4215 parochiis
2291 4123 2641 4214 proficiat.

399 4229 519 4302 xl.
578 4233 685 4303 An
736 4230 997 4323 singuli
1049 4231 1335 4322 parochi
1387 4233 1741 4322 ceterique
1775 4250 2014 4305 curam
2052 4235 2445 4304 animarum
2484 4244 2890 4309 exercentes

269 4345 543 4436 singulis
593 4343 978 4419 Dominicis
1028 4344 1368 4435 testisque
1418 4344 1506 4417 de
1558 4352 1935 4437 praecepto
1989 4342 2268 4419 Missam
2340 4348 2702 4439 applicent
2763 4366 2889 4441 pro

271 4456 503 4545 populo
552 4475 797 4530 eorum
851 4474 1062 4529 curae
1112 4457 1510 4528 commisso

402 4564 555 4641 ΧΠ.
617 4569 749 4657 An,
805 4576 877 4642 et
929 4587 1113 4660 quae
1169 4569 1715 4661 praemittantur
1768 4573 2153 4659 antequam
2208 4570 2369 4659 quis
2437 4572 2527 4644 ad
2580 4573 2883 4664 primam

274 4681 605 4752 tonsuram
657 4687 730 4754 et
785 4680 1085 4752 minores
1134 4676 1432 4751 Ordines
1483 4679 1928 4770 admittatur,
1985 4688 2057 4755 et
2108 4701 2199 4753 an
2249 4684 2466 4756 sacris
2502 4681 2890 4757 Ordinibus
