3497 5235
1095 332 1216 408 ⁰⁸1¹·
1241 336 1335 393 m.
1377 336 1448 393 Do
1490 334 1624 393 oleru
1664 294 1934 395 nocuisti.
1975 339 2029 412 ἓ.
2058 337 2107 394 6.
2812 345 2920 408 381

266 463 656 536 secundam
711 462 1186 539 distinctionis
1232 469 1440 541 modo
1492 469 1721 541 factae
1774 479 2049 561 partem
2104 477 2389 568 proprie
2426 479 2739 569 respicit.
2779 477 2930 553 Hoc

263 577 334 647 in
387 593 558 647 casu
594 579 1168 668 praenotandum
1207 586 1315 651 est
1350 580 1447 667 id,
1492 582 1683 672 quod
1718 586 2186 676 perpenditur
2220 580 2261 659 a
2300 586 2373 660 S.
2416 588 2668 683 Congr.
2712 590 2922 666 Conc.

258 691 329 760 in
390 686 760 759 Vicentina
830 690 1158 779 superius
1227 693 1438 763 citata
1495 689 1569 786 ἓ.
1611 694 1887 787 Affabre
1951 702 2017 768 et
2066 718 2244 790 seq„
2299 702 2679 792 nimirum,
2737 706 2928 794 quod

254 797 606 892 Episcopo
676 801 786 872 ius
848 802 941 872 sit
1013 801 1192 874 illud
1259 802 1678 894 diiudicare,
1734 825 1830 877 an
1883 811 2270 883 canonicae
2342 813 2581 885 adsint
2635 834 2919 908 causae,

261 912 524 1004 quibus
576 913 688 984 vel
742 914 1268 1005 poenitentiarii
1322 915 1432 987 vel
1489 914 1795 1009 theologi
1830 917 2148 992 dimissio
2200 940 2327 994 seu
2383 925 2767 1016 resignatio
2804 946 2930 1000 ex-

259 1026 392 1117 cipi
447 1025 738 1114 deheat,
796 1044 1048 1098 necne.
1125 1025 1197 1099 Si
1252 1027 1533 1116 adsint,
1589 1028 1769 1100 nihil
1836 1036 2055 1120 vetat,
2115 1035 2290 1123 quin
2344 1041 2647 1126 uterque
2717 1058 2923 1112 suam

257 1136 745 1233 praebendam
796 1137 1152 1211 dimittere
1205 1145 1421 1229 queat
1474 1145 1547 1211 et
1604 1140 2089 1229 praebendam
2156 1144 2548 1234 simplicem
2624 1150 2925 1239 opulen-

256 1257 503 1327 tiorem
574 1253 913 1342 adipisci:
984 1271 1130 1343 qua
1201 1252 1654 1325 distinctione
1722 1256 2150 1345 praestituta
2220 1257 2690 1330 conciliantur
2757 1278 2926 1332 sen-

256 1367 524 1439 tentiae
577 1364 985 1452 doctorum,
1041 1365 1166 1454 qui
1235 1365 1462 1454 prima
1530 1364 1761 1438 fronte
1812 1366 1951 1438 sibi
2004 1368 2491 1441 contradicere
2557 1370 2915 1445 videntur.

255 1474 352 1573 (S.
394 1477 473 1549 C.
517 1475 729 1548 Conc.
771 1476 845 1546 in
881 1476 1072 1547 dicta
1119 1475 1486 1549 Viventina
1518 1474 1592 1572 ἓ.
1633 1478 1884 1569 Atque,
1919 1485 1986 1551 et
2020 1476 2364 1573 sequent.)
2411 1480 2734 1554 Ceterum
2786 1484 2924 1558 hac

255 1590 505 1662 cadem
543 1588 631 1660 de
665 1607 884 1660 causa
921 1588 1347 1660 concinnato
1384 1588 1639 1660 dubio:
1702 1613 1738 1654 «ι
1771 1589 1878 1660 An
1913 1591 2255 1663 canonico
2289 1589 2376 1663 N.
2406 1590 2527 1682 N.,
2561 1596 2921 1688 resignata

258 1727 291 1769 ι
328 1720 492 1774 cum
548 1700 777 1772 officio
813 1698 1225 1790 praebenda
1263 1699 1644 1791 theologali
1682 1702 1755 1772 in
1793 1702 2123 1774 manibus
2160 1699 2519 1795 Episcopi,
2562 1715 2930 1801 competat

257 1839 290 1881 ›
330 1815 441 1885 ius
496 1806 840 1905 optandi?
882 1836 917 1879 ›
974 1807 1132 1881 Emi
1185 1808 1428 1884 Patres
1480 1814 2040 1905 rescripserunt:
2103 1837 2139 1878 «ι
2169 1813 2604 1890 Affirmative
2643 1844 2715 1889 ›.

598 2063 634 2103 «
690 2034 810 2107 VI.
859 2035 961 2108 An
1013 2035 1300 2129 parochi
1366 2038 1439 2107 in
1490 2039 1640 2109 suis
1690 2037 2045 2129 parochiis
2098 2038 2483 2115 resideant.
2531 2066 2566 2109 ›

381 2269 810 2331 Snnmmnu.
865 2264 1017 2325 211.
1072 2258 1480 2325 Tridentinae
1543 2259 1780 2344 Synodi
1842 2259 2175 2327 decretum
2235 2281 2432 2347 super
2492 2264 2915 2348 parochorum

242 2366 616 2432 residentia.
672 2400 713 2412 -
761 2368 912 2430 212.
964 2362 1338 2428 Huiusmodi
1388 2360 1773 2427 residentiae
1822 2361 2273 2449 obligationem
2336 2366 2531 2450 magis
2586 2368 2917 2452 magisque

236 2468 588 2535 inculcavit
614 2472 677 2535 S.
705 2466 847 2532 Pius
880 2468 957 2531 V.
994 2502 1037 2515 -
1068 2468 1225 2530 213.
1267 2467 1422 2530 Item
1457 2463 1696 2530 Bened.
1736 2467 1893 2529 Xlll.
1932 2500 1973 2512 -
2006 2468 2157 2530 214.
2197 2466 2260 2532 Si
2294 2466 2605 2550 parochus
2637 2468 2916 2555 legitima

240 2569 324 2638 de
372 2590 559 2637 causa
607 2589 637 2635 a
684 2566 981 2655 parochia
1030 2565 1336 2645 discedat,
1387 2566 1604 2645 alium,
1655 2568 1764 2654 qui
1814 2587 1952 2632 suas
2001 2566 2184 2633 obeat
2230 2568 2425 2647 viceS,
2479 2568 2790 2658 deputare
2825 2582 2919 2640 te-

231 2685 472 2740 netur:
529 2672 796 2756 eiusque
844 2669 1191 2755 deputandi
1241 2670 1339 2735 ius
1388 2671 1687 2755 parocho,
1740 2669 2155 2735 confirmandi
2203 2671 2523 2759 Episcopo
2574 2675 2912 2759 competit.

234 2778 518 2843 Constit.
560 2773 908 2840 innocentii
944 2775 1100 2838 Xlll.
1143 2774 1487 2858 Apostolici
1513 2793 1545 2837 a
1580 2771 1825 2839 Bened.
1862 2775 2022 2837 Xlll.
2059 2771 2449 2851 confirmata,
2488 2793 2606 2860 per
2641 2777 2905 2842 Constit.

231 2883 310 2944 In
360 2896 658 2966 supremo
707 2873 1230 2952 commendatur,
1287 2885 1510 2961 utpote
1568 2874 2149 2960 providentissimas
2211 2877 2669 2941 ecclesiasticae
2728 2876 2918 2942 disci-

225 2984 456 3071 plinae
491 2981 849 3046 sanctiones
882 2979 1236 3045 continens.
1276 3015 1318 3026 -
1352 2982 1502 3044 215.
1542 2979 1696 3043 Male
1729 2978 2021 3043 nonnulli
2058 2978 2352 3044 doctores
2396 2977 2674 3054 tradunt,
2726 2997 2911 3064 posse

221 3085 591 3170 parochum
641 3082 854 3148 abesse
903 3099 1023 3167 per
1071 3080 1230 3146 duos
1275 3099 1525 3145 menses
1571 3081 1807 3165 absque
1855 3081 2157 3168 Episcopi
2202 3083 2541 3166 permissu,
2594 3081 2786 3148 modo
2825 3084 2911 3148 le-

216 3187 455 3275 gitima
507 3184 667 3251 adsit
715 3205 917 3250 causa.
976 3182 1315 3250 Absentiae
1372 3202 1551 3247 causa
1614 3182 1808 3247 debet
1864 3202 1998 3248 esse
2056 3183 2372 3271 Episcopo
2433 3185 2683 3272 cognita
2725 3196 2789 3251 et
2834 3186 2912 3251 ab

216 3288 467 3355 eodem
521 3287 898 3374 approbata,
938 3298 1002 3352 et
1034 3286 1216 3351 venia
1265 3285 1517 3352 nonnisi
1552 3285 1617 3350 in
1649 3284 1901 3369 scriptis
1935 3285 2300 3352 obtinenda.
2342 3324 2383 3336 -
2415 3290 2566 3352 216.
2612 3289 2741 3353 lmo
2774 3288 2911 3353 sine

207 3390 333 3458 hac
389 3390 588 3455 venia
636 3408 752 3455 nec
801 3407 920 3475 per
965 3387 1431 3454 hebdomadam
1481 3387 1791 3474 parochus
1823 3398 2034 3474 potest
2062 3389 2300 3455 abesse.
2341 3389 2680 3475 Excipitur
2726 3409 2907 3456 causa

207 3491 603 3580 repentina,
657 3511 817 3576 quae
867 3510 995 3556 non
1041 3491 1331 3556 admittat
1377 3490 1782 3556 dilationem:
1836 3510 1962 3576 quo
2011 3511 2153 3557 casu
2202 3493 2674 3580 quamprimum
2722 3512 2909 3579 paro-

200 3596 464 3661 rochus
508 3594 897 3679 Episcopum
947 3592 1291 3659 certiorem
1343 3592 1550 3658 saciet.
1588 3630 1630 3641 -
1663 3595 1814 3656 217.
1854 3596 1969 3658 Pro
2003 3594 2280 3661 absentia
2314 3595 2550 3662 modici
2596 3594 2910 3684 temporis

195 3698 530 3764 sufficere
577 3707 785 3782 potest
829 3695 1083 3762 licentia
1132 3695 1365 3762 Vicarii
1414 3694 1677 3761 foranei.
1733 3696 2030 3782 Exceptis
2078 3697 2319 3762 casibus
2360 3697 2738 3787 repentinis,
2778 3716 2908 3762 non

193 3812 441 3886 potest
493 3798 808 3885 parochus
856 3799 1027 3864 iuxta
1077 3803 1273 3864 Conc.
1314 3802 1667 3864 Romanum
1706 3800 1897 3862 1725.
1952 3799 2112 3864 ultra
2162 3799 2431 3866 biduum
2477 3801 2613 3865 sine
2657 3799 2906 3864 licentia

191 3925 228 3970 3
281 3902 616 3990 parochia
666 3901 921 3981 abesse3
977 3901 1040 3966 in
1091 3899 1488 3966 dioecesibus
1536 3899 1821 3967 Concilio
1869 3905 2149 3967 Romano
2197 3904 2461 3968 minime
2507 3901 2775 3967 subditis
2805 3919 2909 3984 sy-

186 4006 574 4074 nodalibus
622 4005 869 4070 statutis
917 4003 1212 4070 standum
1262 4023 1399 4069 esse
1446 4002 1639 4069 tradit
1686 4003 1923 4069 Bened.
1964 4008 2125 4070 xlv.
2165 4041 2206 4053 -
2239 4009 2394 4071 218.
2430 4007 2569 4071 Non
2622 4004 2769 4069 licet
2799 4022 2904 4090 pa-

185 4109 428 4175 rocho
482 4104 701 4170 abesse
749 4124 780 4169 a
827 4105 1150 4190 parochia,
1204 4118 1267 4172 et
1315 4107 1377 4171 in
1427 4105 1681 4171 civitate
1728 4124 1848 4192 per
1894 4107 2046 4184 du0,
2102 4108 2239 4184 tria,
2295 4118 2573 4192 quatuor
2619 4105 2909 4172 milliaria

185 4208 497 4280 distanti
550 4206 657 4272 diu
709 4220 1036 4294 noctuque
1086 4208 1494 4284 commorari,
1548 4207 1700 4272 licet
1744 4207 2154 4272 substitutum
2206 4209 2523 4294 relinquat
2574 4220 2637 4273 et
2685 4207 2909 4274 diebus

172 4313 394 4382 festis
458 4308 539 4374 ad
586 4308 950 4393 parochiam
996 4329 1065 4375 se
1112 4310 1419 4376 conserat.
1472 4313 1630 4376 Item
1677 4329 1796 4375 nec
1826 4310 1875 4374 si
1911 4310 2150 4375 maiore
2183 4312 2327 4377 anni
2363 4323 2546 4396 parte
2580 4329 2699 4396 per
2733 4310 2906 4377 diem

169 4423 694 4490 commoratur,
752 4415 998 4480 tametsi
1050 4427 1245 4481 noctu
1293 4414 1357 4480 in
1407 4412 1700 4499 parochia
1750 4410 2043 4477 resideat.
2097 4416 2253 4478 Item
2301 4432 2419 4479 nec
2470 4415 2817 4490 viceversa,
2854 4412 2905 4478 si

161 4532 401 4591 nocte
469 4516 536 4582 in
583 4517 840 4583 civitate
889 4527 1343 4595 commoretur,
1396 4516 1500 4582 die
1550 4517 1612 4581 in
1661 4514 1953 4601 parochia
2003 4516 2296 4582 resideat.
2336 4553 2377 4564 -
2408 4519 2560 4582 219.
2620 4519 2751 4583 lmo
2798 4538 2911 4606 pa-

160 4623 386 4695 rochi
456 4619 748 4687 residere
793 4631 1098 4687 tenentur
1146 4620 1210 4688 in
1261 4621 1450 4685 domo
1498 4617 1867 4704 parochiali,
1903 4619 1999 4683 sin
2032 4618 2241 4685 minus
2273 4619 2339 4686 in
2372 4618 2563 4686 domo
2610 4618 2905 4686 viciniori

155 4731 368 4800 intra
435 4723 759 4790 ambitum
806 4722 1233 4811 parochialem
1285 4721 1621 4790 conducta.
1659 4758 1701 4771 —
1747 4725 1900 4789 220.
1952 4724 2015 4791 Si
2066 4736 2277 4791 tamen
2341 4723 2406 4790 in
2472 4724 2661 4791 domo
2720 4743 2910 4811 paro·
