3497 5235
543 315 662 389 Gap.
687 316 759 373 11.
800 316 873 373 D·
909 315 1173 391 Episcopo,
1211 317 1622 391 Archiopinoope,
1661 318 1891 376 Princi-
1932 317 1989 375 ot
2026 316 2352 376 Pettium
2393 319 2446 393 ἓ.
2473 319 2597 377 445.
2784 318 2904 383 235

280 476 310 520 ι
340 455 469 521 rato
521 451 1003 541 genuflexerio
1056 458 1128 524 et
1177 453 1376 539 sede,
1415 453 1788 525 occasione
1824 452 2328 525 celebrationis
2364 449 2618 525 Missae
2661 453 2737 526 in
2775 453 2906 547 Sy-

278 585 308 631 »
337 556 545 634 nodo?
581 562 654 633 2.
700 562 804 634 An
843 562 1047 635 sedes
1098 559 1406 654 Capituli
1451 561 1525 635 S.
1572 563 1891 655 Agathae
1929 564 2004 635 in
2041 563 2435 636 cathedrali
2474 571 2546 637 et
2580 559 2895 657 Synodo,

273 700 302 742 ›
334 675 492 746 ultra
543 682 1037 765 tegumentum
1091 677 1311 767 panni
1367 675 1616 748 viridis
1659 676 1734 746 in
1788 676 2050 767 capite,
2094 675 2219 747 ubi
2274 676 2476 749 sedet
2528 674 2905 771 Praeposi-

270 810 300 857 ›
332 792 448 874 tus,
504 786 822 859 debeant
898 787 1134 859 ornari
1191 783 1480 878 tapeto'tl
1529 789 1602 858 3.
1662 785 1770 859 An
1822 787 2034 860 liceat
2086 787 2276 860 dicto
2327 783 2656 879 Capitulo
2710 793 2900 864 intra

268 924 301 968 ›
331 899 819 987 cathedralem,
858 906 931 971 et
985 899 1060 971 in
1106 899 1440 973 omnibus
1491 900 1898 972 actionibus
1932 905 2004 972 et
2054 899 2632 989 processionibus
2679 920 2897 993 syno-

268 1034 299 1079 ι
329 1010 618 1099 dalibus,
659 1010 927 1083 babere
971 1030 1256 1102 semper
1288 1030 1568 1084 crucem
1624 1012 1985 1103 propriam
2021 1006 2378 1084 erectam?
2417 1011 2489 1081 4.
2531 1011 2638 1084 An
2682 1012 2897 1088 Prae-

263 1146 294 1189 »
326 1124 575 1211 positus
608 1132 681 1197 et
735 1124 1055 1195 canonici
1093 1123 1379 1195 subsint
1424 1123 1768 1195 scrutinio
1806 1122 2073 1213 Synodi
2116 1118 2626 1196 dioecesanae?
2665 1125 2737 1195 5.
2787 1125 2892 1198 An

257 1230 690 1326 »Episcopus
742 1235 964 1326 possit
1017 1235 1398 1325 procedere
1468 1235 1562 1307 ad
1612 1253 1882 1326 poenas
1945 1236 2329 1308 canonicas
2382 1243 2628 1308 contra
2680 1235 2893 1311 Prae-

259 1369 288 1411 »
320 1347 608 1436 positum
661 1354 731 1420 et
783 1345 1189 1437 Capitulum
1240 1346 1332 1418 ob
1382 1365 1526 1418 non
1577 1340 1944 1419 accessum
2021 1347 2114 1419 ad
2185 1342 2592 1438 synodum?
2650 1349 2722 1420 6.
2783 1348 2890 1421 An

254 1454 693 1549 »Episcopus
745 1460 819 1530 in
871 1460 1279 1532 visitatione
1343 1461 1566 1548 possit
1617 1477 1869 1551 cogere
1938 1456 2340 1549 Capitulum
2394 1458 2485 1530 ad
2550 1459 2893 1532 redditio-

254 1591 284 1634 »
317 1587 455 1640 nem
509 1571 814 1643 rationis
866 1572 940 1642 in
993 1565 1205 1643 casu?
1244 1595 1284 1637 »
1323 1568 1395 1642 S.
1453 1568 1529 1642 C.
1583 1571 1905 1645 Cremon.
1979 1569 2246 1661 synodi
2297 1570 2369 1640 5.
2431 1570 2598 1661 Apr.
2665 1571 2881 1644 1732.

243 1682 606 1772 rescripsit:
653 1705 692 1747 ι
722 1682 829 1754 Ad
871 1683 938 1753 1.
983 1684 1338 1775 negative,
1381 1688 1677 1774 excepto
1711 1701 1883 1756 casu
1925 1684 2175 1757 mitrae
2225 1682 2569 1774 simplicis
2606 1682 2678 1754 in
2715 1685 2890 1756 acti-

245 1812 275 1859 »
303 1789 421 1863 bus
469 1794 947 1884 synodalibus
989 1800 1298 1867 tantum.
1343 1792 1450 1866 Ad
1501 1795 1574 1865 2.
1621 1794 1949 1885 negative
1986 1795 2175 1865 intra
2211 1793 2587 1865 ecclesiam
2637 1794 2888 1867 cathe-

242 1925 270 1969 ›
301 1903 587 1977 dralem.
630 1905 734 1977 Ad
789 1907 860 1977 3.
906 1907 1235 1997 negative
1290 1907 1473 1979 intra
1527 1906 1903 1977 ecclesiam
1955 1903 2468 1977 cathedralem.
2534 1904 2636 1976 Ad
2690 1904 2762 1976 4.
2806 1906 2881 1977 5.

240 2036 269 2080 ›
300 2022 362 2087 et
408 2017 477 2088 6.
525 2016 995 2106 Affirmative,
1037 2025 1108 2090 et
1159 2017 1468 2108 amplius
1522 2016 1594 2088 iu
1649 2015 2012 2088 omnibus,
2049 2040 2087 2085 ›
2972 2014 2973 2019 '

354 2129 512 2201 179.
559 2126 785 2201 Nemo
837 2129 1153 2222 proiecto
1206 2132 1367 2216 erit,
1410 2129 1532 2219 qui
1586 2130 1891 2220 ignoret,
1950 2127 2567 2201 absolutissimum
2618 2129 2703 2201 de
2757 2131 2886 2221 Sy-

229 2239 380 2310 nodo
425 2242 850 2313 dioecesana
899 2248 1284 2314 tractatum
1338 2262 1380 2311 a
1445 2238 1712 2312 Bened.
1772 2235 1961 2310 XIV.
1994 2291 2014 2327 ‚
2073 2240 2279 2312 cuius
2331 2240 2881 2314 auctoritatibus

230 2353 350 2419 tam
396 2353 822 2442 saepissime
874 2355 1184 2439 utimur,
1243 2353 1516 2424 editum
1569 2351 1832 2423 fuisse:
1891 2351 1981 2423 ad
2034 2369 2200 2423 eum
2252 2351 2499 2441 itaque
2559 2359 2880 2426 recurrat

227 2471 502 2550 oportet,
567 2466 900 2555 quisquis
949 2462 1216 2556 Synodi
1271 2464 1829 2537 celebrationem
1881 2462 2217 2535 inchoare
2269 2462 2406 2535 sibi
2461 2465 2819 2555 proponit.

342 2709 378 2750 ι
415 2683 500 2758 V.
557 2687 663 2759 An
715 2687 1012 2760 verbum
1065 2686 1190 2759 Dei
1244 2707 1373 2778 per
1423 2689 1736 2779 seipsum
1801 2687 2347 2778 praedicaverit,
2412 2694 2482 2760 et
2542 2707 2638 2760 an
2698 2690 2874 2781 legi-

216 2796 438 2870 »timo
474 2808 956 2873 concurrente
995 2799 1535 2891 impedimento,
1566 2800 1755 2870 viros
1781 2800 2075 2871 idoneos
2104 2800 2573 2889 assumpserit
2608 2801 2701 2870 ad
2738 2800 2875 2871 hu·-

212 2927 246 2971 ›
277 2906 578 2982 iusmodi
632 2912 1188 3001 praedicationis
1237 2910 1551 2984 officium
1602 2910 1987 2983 salubriter
2039 2909 2607 3001 exsequendum.
2656 2936 2691 2978 ›

315 3159 758 3224 Sununniuu.
801 3162 952 3225 180.
991 3161 1187 3225 Gonc.
1227 3157 1402 3224 Trid.
1443 3157 1776 3246 Episcopis
1824 3159 2163 3246 praecipit,
2214 3168 2287 3223 ut
2332 3174 2453 3243 per
2497 3177 2566 3224 se
2615 3159 2720 3224 vel
2751 3179 2870 3246 per

200 3256 330 3324 alios
376 3279 534 3346 prae
565 3264 881 3326 licationis
933 3281 1162 3327 munus
1197 3260 1456 3326 obeant.
1484 3297 1527 3308 -
1566 3264 1712 3326 181.
1752 3261 1948 3338 Quam
1984 3260 2426 3347 gravissimum
2459 3260 2540 3326 sit
2571 3258 2693 3325 hoc
2726 3280 2869 3327 mu-

196 3376 321 3438 nus,
372 3363 774 3428 innuitur.·-
814 3366 959 3428 182.
999 3364 1315 3449 Episcopo
1365 3366 1448 3428 las
1497 3375 1591 3427 est
1636 3361 2009 3447 praedicare
2057 3363 2122 3427 in
2156 3382 2564 3448 quacumque
2599 3363 2867 3430 ecclesia

197 3462 362 3528 etiarn
401 3466 716 3551 regulari.
747 3500 791 3513 -
829 3469 979 3531 183.
1013 3469 1061 3543 Q
1086 3465 1271 3532 nando
1304 3464 1628 3551 praedicat
1664 3466 2040 3551 Episcopus,
2076 3464 2266 3531 silere
2301 3464 2543 3531 debent
2575 3465 2676 3530 alii
2714 3484 2863 3531 cou-

189 3563 566 3642 ciooatores,
609 3566 798 3632 etiam
837 3569 1179 3653 regulares.
1222 3568 1565 3654 Regulares
1609 3567 1801 3632 silere
1834 3566 2075 3632 debent
2109 3568 2298 3632 etiam
2333 3577 2498 3642 tum,
2534 3586 2679 3633 cum
2715 3567 2867 3653 Epi-

187 3684 399 3751 scopus
449 3689 676 3735 coram
723 3689 792 3734 se
838 3670 1214 3737 concionem
1265 3670 1481 3737 haberi
1543 3669 1711 3734 iacit.
1740 3705 1786 3717 -
1824 3672 1971 3734 184.
2013 3672 2091 3734 At
2136 3688 2268 3735 non
2315 3669 2625 3755 expedit,
2676 3679 2751 3736 ut
2799 3670 2865 3736 id

181 3775 477 3853 peculiari
538 3772 761 3838 edicto
812 3777 1282 3859 promulgetur.
1332 3810 1377 3822 -
1431 3777 1577 3839 185.
1633 3771 2130 3839 concionatores
2188 3784 2341 3839 sunt
2388 3771 2693 3840 ordinarii
2758 3771 2866 3839 vel

182 3876 698 3942 extraordinarii.
729 3912 769 3924 -
804 3881 951 3942 186.
982 3880 1128 3942 187.
1168 3876 1540 3962 Approbare
1574 3875 2057 3941 concionatores
2085 3885 2332 3960 spectat
2361 3874 2439 3941 ad
2474 3877 2864 3962 Episcopum

177 3978 352 4041 etiam
392 3979 458 4044 in
498 3978 793 4042 ecclesiis
843 3977 1181 4064 exemptis,
1235 3980 1382 4044 licet
1429 3979 1655 4045 electio
1700 3987 1953 4064 spectet
2000 3975 2079 4042 ad
2126 3977 2376 4042 alios.-
2413 3982 2560 4044 188.
2600 3977 2862 4044 Ordina-

175 4077 294 4142 rius
325 4081 526 4167 eligit
562 4082 1073 4156 concionatores,
1125 4080 1241 4145 nisi
1293 4079 1452 4145 adsit
1483 4082 1792 4146 contraria
1828 4078 2250 4144 consuetudo.
2278 4115 2323 4127 -
2360 4082 2506 4146 189.
2547 4083 2629 4146 At
2676 4098 2860 4159 vero,

170 4183 323 4246 nulla
380 4183 611 4248 habita
660 4182 1142 4247 consuetudinis
1179 4186 1447 4260 ratione,
1487 4183 1550 4248 in
1585 4180 2049 4248 cathedralibus
2079 4191 2325 4267 spectat
2354 4180 2431 4247 ad
2465 4183 2858 4268 Capitulum,

165 4300 266 4349 seu
314 4286 393 4352 ad
454 4288 858 4372 Episcopum
909 4305 1050 4349 cum
1105 4286 1423 4371 CapitulO,
1477 4287 1577 4352 vel
1629 4288 1767 4350 eius
1814 4282 2104 4349 consilio.
2136 4318 2181 4330 -
2235 4286 2383 4349 190.
2424 4286 2505 4349 At
2548 4284 2600 4349 si
2649 4283 2863 4351 muni-

165 4385 395 4471 cipium
456 4389 527 4453 in
591 4390 983 4471 possessione
1031 4388 1113 4453 sit
1162 4387 1445 4476 eligendi
1497 4388 2041 4461 concionatorem,
2095 4393 2160 4448 et
2209 4384 2680 4470 eleemosynam
2736 4388 2861 4453 sol-

166 4491 379 4568 vendi,
426 4491 845 4556 manuteneri
885 4489 1104 4556 dehet.
1144 4493 1356 4555 Potest
1391 4491 1740 4575 Episcopus
1774 4487 1870 4551 ius
1903 4485 2232 4550 electionis
2278 4484 2400 4552 hoc
2447 4485 2514 4552 in
2563 4507 2706 4553 casu
2739 4488 2862 4556 sibi

161 4591 528 4668 rin-lirare,
575 4590 928 4657 dummodo
963 4594 1429 4678 eleemosynam
1463 4588 1837 4656 solvendam
1871 4596 2165 4653 assumat.
2193 4623 2236 4636 -
2267 4591 2413 4654 191.
2448 4591 2861 4658 Consuetudo

159 4693 444 4784 eligendi
503 4694 1025 4781 praedicatorem
1061 4693 1128 4760 in
1160 4694 1445 4760 ecclesiis
1493 4691 1906 4759 interioribus
1939 4708 2068 4755 non
2101 4700 2196 4756 est
2226 4690 2491 4760 sublata.
2523 4729 2567 4745 -
2603 4696 2755 4761 192.
2793 4692 2860 4764 Si
