3497 5235
503 169 584 233 70
1195 177 1210 220 ·.
1270 167 1643 229 hott-notioni·
1682 167 1736 224 8.
1764 166 1949 241 Gongr.
1977 166 2125 226 Ocno.
2164 145 2435 243 ofpositic.

658 304 777 377 40.
819 301 1020 385 Quae
1073 321 1282 395 porro
1335 303 1657 376 doctrina
1710 304 1928 376 etiam
1982 302 2371 395 collegiatis
2422 303 2739 394 aptanda
2792 321 2948 377 esse
2981 303 3186 377 vide-

506 424 651 507 tur,
706 421 766 490 si
817 438 857 490 e
910 436 1204 490 numero
1256 436 1527 507 eorum,
1585 416 1851 506 quibus
1903 416 2080 488 illud
2132 436 2314 490 onus
2365 417 2717 516 inhaeret,
2773 418 3001 509 primo
3053 417 3185 490 de-

512 548 667 601 mas
718 526 1147 621 Episcopum
1203 523 1622 624 (dummodo
1694 515 1901 600 aliter
1966 530 2406 602 consuetudo
2471 547 2616 600 non
2686 527 2909 617 ierat,
2965 534 3180 621 prout

506 661 572 714 e.
609 663 677 734 g.
719 642 856 716 fert
905 644 979 714 in
1032 642 1405 734 collegiata
1458 638 1768 712 Motulae
1820 640 2126 713 dioeces.
2169 638 2721 713 Castellaneten.
2764 639 2837 712 S.
2879 637 2956 711 C.
2998 637 3186 712 Con-

507 754 651 828 cilii
696 755 768 825 in
827 754 1277 828 Castellanet.
1322 753 1442 824 24.
1478 748 1638 824 Iulii
1683 749 1937 844 1858.)
2006 760 2078 824 et
2143 751 2457 824 secundo
2522 752 2835 842 clerum,
2892 753 3018 843 qui
3087 752 3180 825 de

508 865 883 957 collegiata
937 865 1229 937 minime
1280 865 1397 935 sit.

655 980 774 1049 41.
817 974 948 1051 Pro
1001 974 1209 1049 Italia
1265 983 1336 1050 et
1389 975 1643 1048 insulis
1696 974 2197 1048 adiacentibus
2246 974 2694 1047 observanda
2731 978 2840 1046 est
2875 971 3178 1049 Constit.

502 1109 564 1162 S.
601 1110 696 1161 m.
741 1088 1013 1163 Bened.
1055 1085 1260 1160 XIII.
1314 1088 1510 1161 data.
1556 1083 1677 1158 IV.
1723 1084 1832 1158 Id.
1876 1083 2041 1158 Maii
2100 1087 2314 1159 1725.
2374 1087 2595 1177 incip.
2631 1087 2806 1158 Pius
2857 1092 2922 1158 et
2974 1087 3187 1158 mise-

505 1204 764 1283 ricors,
817 1203 890 1275 in
944 1220 1086 1292 qua
1139 1208 1454 1289 cavetur,
1513 1204 1594 1270 ut
1645 1199 1736 1271 ad
1792 1199 2384 1271 restaurationem
2447 1216 2530 1270 ac
2582 1204 3001 1290 perpetuam
3039 1199 3186 1270 tui-

505 1314 772 1386 tionem
825 1312 1257 1386 sabricarum
1310 1309 1828 1383 cathedralium
1884 1316 1957 1382 et
2025 1310 2562 1401 collegiatarum
2627 1310 3001 1382 dimidium
3069 1328 3187 1382 re-

505 1425 786 1498 dituum
839 1424 1366 1521 beneficialium
1421 1421 1632 1511 primi
1692 1421 1893 1509 anni,
1961 1421 2153 1511 quod
2215 1427 2506 1494 vocatur
2565 1421 2799 1493 media
2861 1428 3185 1506 annata,

508 1535 601 1607 ab
654 1537 986 1609 omnibus
1036 1534 1483 1608 beneficiatis
1519 1533 1992 1624 persolvatur3
2036 1550 2251 1622 quam
2290 1533 2549 1606 idcirco
2584 1531 3183 1606 Constitutionem

510 1649 764 1721 damus
816 1648 1001 1720 inira
1054 1648 1128 1718 in
1182 1646 1579 1737 appendice
1629 1645 1848 1718 buius
1900 1645 2276 1716 voluminis
2329 1664 2528 1717 num.
2564 1646 2633 1715 5.
2692 1641 2796 1715 Ea
2859 1664 3003 1718 non
3075 1644 3186 1716 ai-

505 1760 654 1833 ficit
706 1760 1083 1848 beneficia,
1143 1776 1446 1848 quorum
1499 1758 1813 1846 collati0,
1868 1756 2221 1829 institutio
2273 1763 2347 1829 et
2397 1757 2702 1847 provisio
2764 1758 2856 1830 ad
2919 1754 3182 1829 Sedem

511 1871 984 1962 Apostolicam
1038 1869 1372 1961 pertinet,
1423 1886 1660 1959 neque
1697 1888 1809 1959 ea,
1851 1888 2154 1959 quorum
2191 1873 2496 1942 rectores
2532 1887 2617 1940 ex
2655 1869 3181 1942 consuetudine

504 2002 630 2057 sex
684 1982 1037 2054 mensium
1091 1980 1363 2053 fructus
1427 1978 1739 2053 fabricae
1794 1988 1917 2054 aut
1969 1981 2334 2052 sacristiae
2389 1981 2740 2072 pendunt.
2797 1979 3179 2054 Praeterea

506 2095 846 2185 quoniam
899 2110 1027 2184 per
1077 2093 1303 2183 ipsam
1358 2111 1720 2165 sacrorum
1772 2110 2127 2166 canonum
2180 2098 2452 2165 statuta
2504 2100 2576 2166 et
2613 2093 2971 2186 praesidia
3006 2093 3190 2166 sub-

503 2208 654 2279 lata
707 2205 819 2279 vel
872 2205 1253 2277 imminuta
1306 2223 1450 2276 non
1504 2211 1701 2292 sunt,
1772 2205 2257 2277 firmissimum
2332 2220 2700 2278 remanere
2767 2204 3188 2277 decernitur

505 2316 951 2410 reparandae
1004 2316 1438 2389 cathedralis
1492 2334 1701 2404 onus,
1760 2316 1951 2406 quod
2029 2313 2401 2409 Episcopis
2454 2338 2495 2387 a
2550 2317 2700 2389 iure
2772 2317 3183 2390 iniunctum

506 2437 642 2503 est.
700 2427 947 2519 Neque
1000 2430 1216 2502 etiam
1271 2428 1521 2501 eadem
1573 2426 2002 2501 constitutio
2054 2427 2274 2500 babet
2327 2428 2587 2517 locum,
2630 2427 2922 2517 quando
2975 2446 3192 2519 repe-

504 2542 688 2614 ritur
738 2559 959 2633 opuS‚
1033 2560 1162 2613 seu
1231 2540 1741 2632 patrimonium
1795 2539 2153 2632 peculiare
2206 2538 2520 2611 fabricae
2572 2539 3008 2612 sufficienter
3071 2541 3189 2611 in-

507 2660 884 2741 structum,
942 2661 1067 2725 aut
1118 2671 1328 2740 onus,
1385 2652 1497 2724 vel
1548 2651 1891 2745 obligatio
1943 2652 2485 2723 restaurationis
2536 2670 2620 2724 ac
2673 2652 2994 2724 tuitionis
3064 2670 3183 2724 re-

506 2763 692 2836 sidet
742 2782 966 2856 penes
1019 2764 1567 2837 communitates
1619 2764 1991 2853 laicorum,
2047 2762 2161 2835 vel
2212 2762 2479 2835 adsunt
2529 2764 2881 2836 dictarum
2951 2765 3187 2837 eccle-

506 2877 774 2949 siarum
827 2877 1137 2970 patroni,
1195 2876 1318 2966 qui
1373 2875 1509 2947 nisi
1561 2893 1892 2967 reparare
1944 2875 2168 2947 velint
2221 2894 2302 2948 ac
2354 2881 2819 2948 manutenere
2888 2875 3184 2947 easdem

508 2989 872 3077 ecclesias,
931 3006 1176 3060 earum
1230 2992 1689 3078 patronatum
1729 2987 2092 3059 amittant.

653 3101 772 3172 42.
812 3097 1059 3190 Neque
1112 3098 1622 3189 obligationem
1675 3098 1948 3170 mediae
2003 3105 2321 3171 annatae
2387 3097 2898 3188 persolvendae
2965 3114 3195 3169 excu-

505 3230 663 3284 sare
713 3218 787 3285 et
837 3212 1180 3302 impedire
1234 3217 1476 3301 posset
1527 3209 2125 3282 immemorabilis
2163 3228 2320 3283 eam
2393 3226 2541 3280 non
2608 3208 2942 3300 exigendi
3010 3227 3194 3282 con-

417 3375 427 3385 .
504 3325 837 3412 suetud03
895 3325 1162 3413 quippe
1217 3323 1291 3392 in
1345 3322 1536 3394 dicta
1590 3320 2111 3394 Constitutione
2162 3321 2482 3394 clausula
2535 3322 2817 3393 sublata
2853 3324 3186 3412 apposita

500 3441 611 3508 est
663 3453 823 3507 cum
869 3434 1142 3508 decreto
1196 3434 1556 3514 irritanti,
1610 3440 1690 3504 ut
1742 3433 2027 3505 resolvit
2093 3432 2167 3505 S.
2224 3431 2300 3503 C.
2351 3431 2640 3505 Concilii
2716 3434 2791 3504 in
2872 3432 3187 3505 Reatina

506 3547 688 3621 Med.
722 3551 978 3618 annot.
1018 3547 1135 3617 16.
1170 3542 1335 3615 Maii
1368 3545 1581 3616 1789.
1613 3542 1688 3639 ἓ.
1722 3543 1943 3617 Casus
1978 3545 2374 3618 Ariminen.
2410 3544 2591 3616 Med.
2626 3564 2802 3615 ann.
2844 3544 2958 3615 13.
2995 3540 3193 3615 Mar-

504 3658 586 3730 tii
626 3657 874 3746 1841.;
914 3676 998 3729 ac
1050 3656 1467 3746 ceteroquin
1520 3676 1728 3728 nemo
1784 3657 2038 3745 nescit,
2098 3657 2369 3728 nullam
2424 3674 2579 3727 esse
2655 3657 2798 3728 vim
2876 3673 3185 3728 consue-

504 3768 741 3840 tudini
792 3768 906 3840 vel
958 3766 1502 3839 immemorabili
1555 3774 1801 3839 contra
1854 3767 2383 3859 dispositioneS‚
2424 3785 2612 3856 quae
2648 3769 2968 3840 munitae
3004 3774 3185 3840 sunt

505 3880 823 3953 clausula
877 3882 1156 3953 sublata
1191 3886 1264 3953 et
1297 3879 1567 3953 decreto
1601 3881 1958 3953 irritanti.
1999 3877 2184 3954 Rota
2220 3881 2432 3953 decis.
2466 3880 2634 3952 575.
2670 3901 2743 3952 n.
2777 3880 2891 3954 Η.
2933 3901 3184 3954 coram

507 3994 768 4075 Penia,
804 4001 871 4066 et
909 3992 1305 4065 Gerunden.
1353 3992 1622 4065 Canon.
1668 3996 1738 4065 3.
1783 3989 2017 4065 Martii
2059 3994 2270 4065 1727.
2321 3990 2396 4087 ἓ.
2437 3991 2557 4066 30.
2620 4012 2862 4065 coram
2926 3994 3187 4067 Calca-

500 4103 705 4195 qnin.
749 4103 942 4198 apud
995 4105 1069 4175 S.
1118 4100 1191 4177 C.
1233 4102 1308 4175 C.
1352 4104 1427 4173 in
1467 4104 1993 4178 Reatina⁰Med.
2039 4111 2291 4177 annat.
2343 4104 2457 4176 12.
2502 4100 2669 4174 Maii
2702 4106 2916 4178 1770.
2948 4102 3024 4199 ξ.
3074 4103 3183 4177 Au

500 4214 835 4305 primum.
889 4216 1278 4288 Tudertina
1331 4216 1515 4291 Med.
1560 4236 1738 4289 ann.
1792 4236 1923 4309 per
1964 4216 2230 4288 Summ.
2278 4235 2571 4308 precum
2629 4217 2843 4289 1847.

653 4326 771 4397 43.
813 4322 1169 4400 Ecclesias
1222 4328 1694 4419 parochialeS‚
1755 4346 1943 4418 quae
1994 4331 2247 4418 utique
2299 4328 2659 4400 excedunt
2708 4345 3028 4399 annuam
3065 4346 3182 4401 re-

503 4436 782 4507 dituum
837 4444 1274 4511 scutatorum
1329 4445 1643 4529 centum,
1705 4442 1994 4513 minime
2048 4459 2212 4513 vero
2266 4457 2423 4526 eaS‚
2484 4457 2670 4529 quae
2752 4457 2994 4529 parem
3063 4458 3186 4512 re-

504 4545 737 4619 ditum
794 4550 1184 4641 attingunt,
1241 4551 1406 4624 licet
1460 4569 1604 4624 non
1656 4552 2034 4640 excedant,
2091 4550 2183 4623 ad
2235 4550 2659 4624 solutionem
2711 4551 2983 4625 mediae
3043 4571 3187 4626 an-
