3497 5235
1086 261 1207 336 ⁰⁸1⁹·
1232 261 1327 320 111.
1366 264 1440 320 Do
1479 264 1612 322 clero
1654 266 1926 324 nuoului.
1969 268 2023 334 ,S.
2048 267 2130 325 13.
2821 262 2940 321 505

298 391 479 464 talari
521 398 715 464 veste
752 390 1042 465 Sacrum
1084 396 1289 467 litare
1326 399 1803 487 permiserint.
1845 396 2268 470 Huiusmodi
2306 400 2614 470 edictum
2653 395 2939 468 tametsi

297 503 424 577 loca
486 522 623 575 non
679 504 922 595 alliget
976 514 1173 578 extra
1230 510 1663 600 provinciam
1720 506 2159 597 Romanam,
2222 511 2680 581 nibilominus
2735 508 2944 580 tutis-

293 619 523 687 simam
578 616 914 688 omnibus
967 619 1294 692 catholic-i
1350 619 1542 691 orbis
1581 620 2037 693 Antistitibus
2082 641 2398 692 normam
2438 619 2779 711 praebere
2819 636 2942 708 po-

296 735 457 816 test3
512 746 743 817 eaque
810 730 898 800 de
953 748 1024 801 re
1095 731 1310 821 paulo
1380 730 1607 804 l'usius
1677 735 1908 823 ipsum
1980 734 2540 805 enucleavimus.
2614 729 2936 801 Ceterum

293 859 514 912 norma
548 841 813 933 pariter
841 840 1113 913 desumi
1146 849 1380 935 potest
1407 864 1442 913 a
1480 853 1864 916 memorata
1894 846 2072 917 Inst.
2096 843 2405 916 eccl.71.
2432 837 2934 929 Bened.XlV.,

291 955 356 1024 in
403 972 543 1042 qua
598 953 777 1024 baec
831 956 1121 1025 materia
1179 956 1375 1026 iuxta
1429 957 1714 1026 solitum
1770 956 2174 1027 doctissime
2227 956 2633 1047 exponitur.

418 1066 584 1136 456.
627 1062 939 1136 Caveaut
993 1065 1446 1138 nihilosecius
1497 1063 1831 1157 Episcopi
1889 1068 1961 1138 in
2015 1066 2259 1159 poenis
2318 1064 2795 1155 imponendis,
2848 1080 2939 1135 ne

286 1178 564 1247 nimium
602 1177 864 1266 rigidos
901 1194 1055 1247 sese
1091 1178 1499 1248 ostendant.
1542 1174 1831 1259 Quoties
1868 1180 2057 1249 cuim
2095 1177 2554 1251 ecclesiastici
2605 1176 2730 1244 viri
2770 1192 2940 1245 con-

284 1294 379 1359 tra
429 1286 831 1358 huiusmodi
888 1285 1397 1377 Episcopomm
1453 1289 2067 1359 immoderantiam
2120 1306 2341 1381 penes
2394 1285 2589 1358 Sacr.
2635 1285 2943 1369 Conme-

286 1400 622 1490 gationem
675 1397 884 1470 Conc.
930 1400 1298 1488 conquesti
1338 1407 1532 1483 sunt,
1579 1397 1727 1470 Emi
1770 1397 2014 1471 Patres
2072 1401 2261 1491 leges
2297 1400 2585 1489 quidem
2641 1398 2732 1469 ab
2770 1394 2942 1487 Epi·

230 1513 497 1601 ·scopis
553 1510 733 1582 latas
784 1510 1324 1597 confir-mirum,
1380 1512 1503 1582 sel
1561 1529 1950 1601 poenarum
2004 1512 2303 1601 rigorem
2353 1510 2695 1581 moderati
2734 1515 2933 1581 sunt.

282 1619 377 1694 Ad
427 1641 573 1693 rem
626 1622 905 1710 aliquas
957 1620 1115 1693 Sic.
1158 1620 1499 1713 Congreg.
1544 1623 2063 1695 declarationes
2115 1622 2584 1694 exscribimus
2635 1640 2720 1694 ex
2768 1621 2939 1693 folio

283 1751 525 1805 causae
561 1733 955 1804 Bisaccien.
1003 1733 1069 1802 1.
1115 1730 1343 1805 Martii
1387 1735 1597 1805 1738.
1638 1732 1711 1828 ξ.
1752 1734 1949 1818 Quod
1984 1742 2258 1806 autem:
2316 1757 2353 1799 ‹
2387 1730 2600 1806 Sacra
2636 1733 2942 1825 Congre-

285 1870 318 1912 »
357 1847 540 1937 gatio
592 1851 1071 1917 consentanee
1138 1846 1228 1915 ad
1282 1847 1729 1917 conciliarem
1803 1846 1988 1917 banc
2047 1848 2493 1917 sanctionem
2565 1847 2936 1919 consuevit

287 1982 320 2024 »
357 1963 506 2028 rata
558 1956 824 2027 babere
876 1953 1383 2047 Episcoporum
1440 1958 1769 2044 decreta,
1836 1977 1962 2029 seu
2015 1959 2296 2045 edicta,
2373 1956 2637 2046 quibus
2689 1957 2936 2029 talaris

282 2090 319 2135 ›
356 2070 566 2140 vestis
605 2067 901 2158 gestatio
942 2067 1172 2140 [uerat
1226 2069 1497 2140 clericis
1542 2069 1891 2153 iniuncta,
1934 2070 2151 2158 idque
2192 2070 2601 2159 pracsertim
2641 2069 2936 2158 contigit

188 2258 193 2263 ¹
282 2204 318 2245 ι
356 2181 424 2250 in
477 2181 800 2252 Hortana
868 2181 939 2249 8.
1002 2175 1164 2249 Iun.
1228 2180 1492 2267 1690.,
1570 2179 1688 2250 ubi
1746 2180 1835 2250 ad
1891 2180 2233 2251 dubium:
2306 2180 2414 2252 An
2467 2179 2770 2251 edictum
2820 2198 2940 2250 seu

279 2317 313 2357 »
344 2294 790 2380 praeceptum
827 2290 1153 2381 Episcopi
1189 2288 1669 2363 sustineatur?
1719 2293 2138 2381 rescriptum
2182 2290 2355 2362 fuit:
2417 2292 2805 2364 Ssscretario
2841 2290 2937 2362 ad

282 2428 316 2468 »
353 2409 683 2483 mentem,
729 2420 914 2491 quae
953 2404 1023 2473 in
1063 2402 1238 2474 baec
1292 2402 1505 2474 verba
1563 2402 1693 2476 fuit
1746 2404 2144 2493 explicata:
2202 2400 2548 2474 Sustineri
2588 2403 2931 2474 edictum.

276 2536 313 2581 ›
352 2514 763 2585 Sacerdotes
823 2516 1041 2586 teneri
1095 2534 1377 2606 semper
1430 2516 1756 2587 incedere
1812 2518 1884 2586 iu
1938 2514 2185 2587 habitu
2244 2515 2475 2599 talari,
2535 2522 2604 2586 et
2641 2514 2936 2586 clericos

276 2649 313 2694 ›
354 2627 657 2697 maxime
696 2627 770 2696 in
809 2625 1294 2698 functionibus
1322 2629 1846 2715 ecclesiasticis,
1880 2636 1949 2699 et
1980 2628 2212 2716 quoad
2250 2646 2515 2717 poenas
2543 2624 2939 2718 Episcopus

276 2762 312 2803 ι
355 2737 716 2808 moderate
758 2737 1117 2826 procedat,
1162 2745 1238 2810 ut
1273 2741 1341 2808 in
1382 2739 1502 2809 lib.
1537 2738 1656 2810 40.
1704 2739 1968 2811 d3cret.
2019 2758 2191 2831 paq.
2226 2738 2441 2819 435..
2481 2740 2550 2808 in
2595 2740 2931 2810 Oztunen.

272 2873 309 2913 »
351 2849 422 2920 6.
470 2844 606 2918 lul.
656 2848 868 2919 1697.
912 2848 1003 2919 ad
1042 2850 1109 2919 7.
1147 2849 1354 2935 dub.,
1397 2845 1573 2943 (lib.
1607 2850 1727 2921 47.
1771 2850 2026 2921 decret.
2061 2843 2503 2945 paq.294.),
2536 2851 2602 2918 in
2633 2851 2930 2922 M‘tevit.

270 2986 307 3028 ›
350 2958 618 3051 Synod.
678 2961 747 3030 4.
789 2957 925 3031 Iul.
975 2962 1186 3032 1707.
1246 2961 1336 3033 ad
1390 2963 1510 3031 27.
1568 2957 1746 3055 (lib.
1790 2961 1911 3034 57.
1953 2962 2205 3034 decret.
2258 2979 2427 3052 paq.
2468 2959 2687 3051 261.)
2740 2962 2938 3033 Mir-

271 3097 308 3139 ›
350 3073 567 3144 sicen.
616 3074 732 3144 15.
782 3071 943 3144 Dec.
991 3074 1203 3144 1731.
1262 3069 1349 3142 In
1404 3073 1666 3145 Ruben.
1710 3070 1955 3146 Habit.
2002 3075 2238 3160 talar.‚
2297 3075 2368 3143 iu
2425 3092 2566 3163 qua
2616 3072 2937 3144 discusso

268 3211 308 3252 »
352 3186 488 3256 hoc
539 3186 801 3259 dubio:
871 3186 975 3257 An
1029 3187 1337 3258 edictum
1394 3204 1608 3276 super
1662 3185 2022 3258 delatione
2077 3186 2366 3257 habitus
2419 3185 2665 3256 talaris
2714 3185 2789 3254 iu
2826 3202 2940 3256 ec-

262 3324 306 3368 »
349 3301 586 3372 clesiis
623 3301 1048 3388 illarumque
1087 3300 1411 3389 ingressu
1458 3303 1528 3367 et
1567 3316 1887 3387 regressu
1945 3290 2431 3368 sustineatur?
2484 3298 2600 3368 die
2641 3298 2755 3366 18.
2806 3294 2941 3366 Αυ-

259 3436 303 3480 »
350 3413 536 3502 gusti
582 3412 796 3483 1708.
844 3409 975 3482 l'uit
1029 3411 1100 3480 in
1138 3410 1316 3481 liaeo
1352 3407 1566 3480 verba
1610 3410 2076 3498 rescriptum:
2136 3408 2514 3495 sustineri,
2558 3407 2939 3478 moderatis

258 3549 300 3590 »
346 3524 598 3615 poenis
651 3523 941 3593 arbitrio
995 3519 1152 3592 Emi
1210 3519 1574 3605 Praefecti,
1633 3521 1756 3609 qui
1799 3521 1868 3589 in
1909 3519 2099 3593 bunc
2156 3521 2439 3592 modum
2495 3518 2931 3590 declaravit:

258 3661 300 3702 »
344 3631 492 3705 Nos
545 3635 633 3706 ad
692 3639 997 3705 mentem
1055 3634 1370 3705 eiusdem
1425 3631 1498 3704 S.
1541 3631 1611 3703 C.
1657 3631 1863 3703 nobis
1918 3651 2324 3722 expressam
2379 3621 2851 3717 dec'laramuS,
2895 3650 2937 3700 a

253 3772 299 3814 »
344 3746 760 3836 supradicto
812 3746 1044 3817 edicto
1096 3741 1426 3834 Episcopi
1483 3744 1830 3816 delendas
1882 3763 2036 3816 6556
2091 3751 2336 3816 contra
2394 3743 2932 3828 inobedientes,

252 3883 299 3926 a>
348 3858 709 3944 videlicet,
770 3857 1007 3946 quoad
1060 3858 1463 3928 sacerdotes
1520 3875 1821 3946 poenam
1875 3858 2366 3947 suspensionis
2419 3858 2570 3946 ipso
2611 3854 2793 3925 facto
2832 3855 2941 3925 in·

250 3994 298 4036 2>
343 3969 775 4055 currendae,
835 3969 1067 4057 quoad
1121 3969 1411 4042 clericos
1450 3988 1778 4059 poenam,
1821 3970 2010 4060 quod
2054 3988 2193 4040 non
2233 3970 2505 4059 possint
2546 3965 2940 4057 promoveri

249 4105 295 4147 »
343 4081 443 4151 ad
497 4099 736 4151 sacros
788 4077 1120 4166 OrdiueS,
1180 4098 1306 4154 nec
1360 4083 1638 4153 admitti
1692 4082 1785 4153 ad
1835 4083 2210 4170 beneficia,
2271 4081 2599 4170 quamvis
2648 4079 2736 4149 de
2790 4079 2939 4148 iure

245 4218 291 4260 »
342 4198 803 4284 patronatuS,
837 4200 904 4263 et
937 4194 1170 4281 quoad
1201 4194 1534 4264 sacristas
1564 4212 1866 4283 poenam
1897 4193 2414 4282 suspensionis,
2449 4199 2519 4262 et
2547 4190 2939 4280 respective

245 4330 291 4372 2»
342 4304 590 4394 quoad
648 4303 936 4374 clericos
988 4322 1289 4397 poenam
1346 4305 1700 4376 interdicti
1763 4302 1855 4374 ab
1911 4305 2232 4394 ingressu
2270 4304 2637 4390 ecclesiae,
2681 4309 2750 4373 et
2792 4303 2940 4372 loco

240 4443 286 4485 »
339 4415 877 4508 praedictarum
920 4434 1311 4506 poenarum
1354 4416 1801 4487 mulctandos
1837 4434 1990 4486 esse
2030 4416 2100 4485 in
2139 4416 2459 4505 quinque
2499 4414 2698 4484 libris
2733 4429 2940 4485 cerae
2995 4445 2998 4448 ·

236 4554 284 4597 ›
336 4528 559 4600 albae
613 4517 1006 4614 laboratae,
1065 4535 1136 4598 et
1190 4530 1258 4598 in
1312 4528 1709 4600 subsidium
1763 4528 2251 4616 suspensionis
2302 4532 2374 4597 ot
2428 4525 2782 4596 interdicti
2843 4523 2948 4596 16-

239 4664 285 4708 »
337 4641 619 4713 rendae
671 4642 1074 4714 sententiae
1129 4642 1550 4731 respective,
1607 4645 1686 4710 ut
1739 4640 1811 4710 in
1865 4639 1985 4709 lib.
2028 4637 2150 4712 58.
2199 4639 2455 4712 decret.
2505 4658 2675 4730 paq.
2714 4636 2888 4710 288.
