3497 5235
492 302 612 365 516
1249 301 1621 362 humationis
1661 301 1716 361 8.
1743 301 1930 377 Oongr.
1957 302 2104 361 Οοιιο.
2145 302 2416 378 expositio.

488 440 808 533 qinaten.
848 438 970 509 29.
1012 437 1277 531 Aprilis
1316 437 1526 508 1780.
1573 432 1734 528 (per
1769 437 1966 508 Sum.
2007 455 2200 530 prec.
2243 436 2423 508 forte
2477 432 2900 531 proposita),
2943 455 3168 527 quam

484 549 700 623 refert
752 550 997 622 folium
1028 550 1483 642 Fulqinaten.
1520 550 2048 622 Praeeminent.
2097 549 2214 620 14.
2255 546 2630 622 Decembr.
2664 550 2878 621 1782.
2918 546 2995 644 ξ.
3036 551 3176 622 De-

487 667 889 736 trectantes.
955 658 1381 752 Quanquam
1438 662 1632 752 quod
1688 662 1791 733 ita
1843 660 1933 732 de
1983 656 2514 752 Fulginatensis
2572 660 2918 733 dioecesis
2969 661 3162 733 clero

486 773 860 847 definitum
911 773 1151 861 fuerit,
1192 791 1339 845 non
1374 779 1485 845 est
1539 771 1992 844 mirandum:
2051 772 2389 862 quoniam
2442 773 2518 843 in
2553 773 2965 865 provinciae
3019 770 3169 845 Ro-

488 902 744 957 manae
807 883 1084 956 ambitu
1152 902 1313 957 cum
1365 902 1453 956 ea
1502 883 1849 957 dioecesis
1916 884 2396 971 contineatur,
2460 881 2771 955 Concilio
2834 881 3166 957 Romano

490 996 661 1067 anni
719 996 932 1067 1725.
971 1013 1225 1086 parere
1275 994 1518 1085 debet,
1577 995 1770 1086 quod
1824 994 2187 1087 conceptis
2237 994 2475 1069 verbis
2540 1015 2774 1069 omnes
2837 996 2923 1068 de
2973 996 3165 1069 clero

487 1109 711 1181 sacris
754 1108 1075 1181 initiatos
1112 1108 1206 1180 ad
1238 1108 1451 1180 hosce
1499 1108 2018 1182 ecclesiasticos
2053 1113 2299 1181 coetus
2335 1108 2706 1181 adeundos
2740 1107 3161 1181 obstrinxit.

636 1218 804 1291 481.
848 1216 941 1292 Ut
974 1220 1051 1308 ii,
1093 1221 1216 1311 qui
1250 1219 1725 1295 conventibus
1761 1219 2168 1294 huiusmodi
2206 1221 2550 1293 interesse
2585 1227 2948 1308 tenentur,
2992 1221 3165 1293 dili-

489 1331 802 1422 gentiam
854 1349 1139 1404 omnem
1180 1330 1524 1405 adhibere
1560 1331 1787 1423 magis
1841 1332 2211 1424 magisque
2247 1337 2609 1424 satagant,
2649 1332 2816 1404 licet
2863 1330 3169 1423 Episco-

483 1442 595 1533 pis
645 1459 917 1532 poenas
967 1444 1179 1516 etiam
1235 1444 1685 1536 pecuniarias
1721 1451 1968 1516 contra
2019 1444 2465 1536 negligentes
2501 1445 2963 1533 constituere,
3010 1463 3164 1517 mo-

480 1561 697 1628 nente
749 1552 1022 1628 Bened.
1062 1553 1255 1628 xlv.
1300 1558 1534 1629 Instit.
1578 1556 1744 1628 eccl.
1791 1554 1955 1629 102.
1999 1574 2196 1627 num.
2241 1556 2368 1638 6.,
2420 1556 2496 1626 in
2548 1573 2691 1645 quo
2741 1561 2992 1628 tamen
3044 1575 3167 1628 ca-

480 1666 792 1739 vendum
844 1673 979 1757 est,
1020 1686 1111 1741 ne
1166 1686 1395 1760 poena
1447 1668 1826 1741 immodica
1878 1668 2009 1739 sit:
2068 1685 2238 1738 nam
2289 1665 2364 1738 S.
2405 1664 2483 1738 C.
2541 1664 2754 1740 Cone.
2784 1720 2805 1756 ,
2863 1669 3155 1758 quoties

475 1774 887 1852 huiusmodi
941 1797 1214 1871 poenae
1251 1779 1913 1851 immoderationem
1950 1780 2186 1852 inesse
2220 1779 2577 1870 cognovit,
2618 1779 2946 1852 eamdem
2987 1799 3156 1852 con-

482 1908 653 1981 grue
703 1907 832 1981 pro
885 1891 1584 1964 circumstantiarum
1634 1891 1979 1963 varietate
2031 1891 2481 1983 temperavit,
2519 1898 2734 1982 prout
2767 1892 3158 1964 innotescit

482 2018 570 2071 ex
618 2000 1255 2091 declarationibuS,
1296 2021 1478 2093 quas
1513 2002 1722 2074 modo
1760 2002 2161 2092 attulimuS,
2202 2020 2290 2075 ex
2324 2001 2589 2092 quibus
2637 2000 2979 2093 Episcopi
3032 2022 3164 2095 po-

478 2114 725 2185 terunt
773 2114 1027 2186 saltem
1079 2131 1402 2186 normam
1456 2116 1797 2205 arripere.

628 2224 796 2297 482.
838 2223 930 2298 Et
981 2245 1070 2298 ne
1126 2227 1233 2299 vel
1304 2227 1598 2299 minima
1652 2228 1729 2298 in
1797 2226 2051 2298 horum
2113 2231 2594 2299 conventuum
2665 2226 3157 2300 celebratione

480 2335 878 2409 animorum
930 2338 1222 2411 offensio
1275 2338 1667 2430 contingat,
1710 2338 2003 2429 provide
2057 2340 2243 2411 cavit
2310 2335 2636 2411 Romana
2688 2336 3023 2431 Synodus
3076 2342 3156 2414 in

477 2447 839 2537 methodo,
878 2468 1096 2540 quam
1154 2450 1393 2538 tradit,
1433 2458 1515 2523 ut
1568 2469 1773 2523 suam
1809 2452 2116 2541 quisque
2166 2450 2409 2523 sedem
2443 2452 2691 2524 ordine
2742 2458 3017 2526 teneat.
3062 2451 3154 2526 In

477 2575 620 2650 qua
673 2559 963 2651 quidem
1006 2580 1084 2636 re
1118 2562 1525 2655 exemplum
1578 2562 1722 2655 peti
1759 2563 2022 2655 poterit
2072 2562 2165 2635 ab
2219 2564 2495 2654 ordine,
2538 2565 2661 2656 qui
2697 2565 2773 2637 in
2826 2565 3158 2640 celebra-

472 2671 666 2745 tione
719 2670 1163 2764 Synodorum
1215 2675 1611 2749 servandus
1662 2682 1798 2747 est.
1840 2672 1952 2747 lta
2002 2694 2080 2748 se
2133 2679 2347 2769 gessit
2399 2674 2473 2749 S.
2528 2675 2743 2770 Cong.
2799 2677 3015 2751 Conc.
3071 2681 3152 2752 in

471 2802 687 2876 super
721 2786 936 2859 allata
974 2786 1426 2878 Fuzqinaten.
1468 2788 1994 2862 Praeeminent.
2041 2788 2159 2859 14.
2202 2786 2370 2861 Dec.
2415 2789 2665 2877 1782.,
2706 2794 2786 2862 ut
2832 2789 3152 2863 habetur

468 2897 548 2970 in
597 2897 764 2970 folio
814 2899 1134 2972 eiusdem
1188 2917 1452 2971 causae
1500 2897 1576 2994 ξ.
1621 2900 2044 2982 Concilium,
2079 2906 2145 2973 et
2179 2906 2484 2992 sequent.
2524 2897 2612 2972 In
2658 2918 2745 2972 ea
2777 2902 3147 2992 siquidem

471 3006 897 3101 Collegiatae
948 3012 1144 3083 SSriii
1197 3008 1584 3084 Salvatoris
1650 3012 2021 3099 canonici,
2077 3012 2244 3084 licet
2294 3011 2494 3084 brevi
2547 3012 3014 3102 indumento,
3073 3021 3150 3088 et

470 3138 616 3195 non
670 3122 925 3194 unitim
976 3124 1431 3210 interessent,
1488 3128 1734 3195 contra
1785 3122 2160 3214 parochos,
2225 3124 2544 3213 aliosque
2594 3124 2684 3196 de
2737 3125 2927 3196 clero
2976 3142 3149 3216 pro-

467 3233 893 3327 pugnabant
930 3240 1089 3327 post
1123 3235 1535 3308 cathedrale
1571 3233 1977 3325 Capitulum
2014 3235 2152 3307 sibi
2178 3234 2423 3309 deberi
2460 3235 2721 3322 locum,
2754 3242 2909 3309 tum
2943 3237 3145 3327 quod

467 3346 546 3417 in
596 3345 931 3418 omnibus
985 3345 1486 3419 ecclesiasticis
1539 3345 2033 3419 functionibus
2084 3346 2378 3437 reliquis
2429 3348 2518 3420 de
2571 3347 2759 3420 clero
2813 3349 3146 3422 canonici

468 3455 897 3550 collegiatae
948 3459 1486 3549 praecederent,
1525 3464 1677 3530 tum
1715 3458 1910 3548 quod
1944 3455 2328 3560 Collegiata
2383 3459 2536 3552 ipsa
2573 3460 2875 3551 insignis
2917 3460 3147 3534 habe-

463 3574 664 3641 retur
713 3575 785 3642 et
835 3574 1051 3642 esset.
1095 3566 1351 3660 Itaque
1405 3570 1769 3661 proposito
1820 3569 2039 3642 dubio
2081 3593 2119 3635 <t
2177 3568 2283 3642 An
2333 3574 2410 3642 in
2464 3571 3140 3664 congregationibus

468 3702 508 3747 ιι
548 3697 842 3752 casuum
895 3687 1058 3774 post
1110 3682 1420 3772 primum
1472 3682 1708 3755 locum
1763 3683 2203 3774 assignatum
2271 3682 2597 3776 Capitulo
2647 3693 2720 3758 et
2771 3687 3140 3759 canonicis

467 3812 507 3857 ιι
547 3791 887 3865 ecclesiae
939 3792 1371 3866 cathedralis
1407 3814 1448 3866 a
1484 3794 1757 3868 dextris
1791 3791 1956 3866 Riiii
1991 3791 2324 3889 Episcopi
2377 3796 2725 3870 debeatur
2774 3796 3134 3891 Capitulo,

468 3924 508 3969 ιι
547 3908 618 3974 et
668 3904 1031 3978 canonicis
1102 3903 1531 3997 Collegiatae
1602 3903 1798 3979 SSriii
1851 3904 2237 3980 Salvatoris
2287 3909 2560 4000 primus
2618 3909 2818 3982 locus
2871 3930 2916 3982 a
2967 3912 3138 3983 sini-

467 4036 507 4081 »
545 4014 712 4087 stris
762 4015 1080 4089 eiusdem
1132 4013 1297 4089 Rrhi
1349 4015 1681 4111 Episcopi
1732 4020 1810 4090 in
1858 4013 2077 4092 casu‘l
2118 4044 2156 4087 »
2195 4016 2268 4092 S.
2309 4018 2385 4092 C.
2437 4021 2812 4113 respondit
2852 4045 2893 4090 ‹
2932 4023 3138 4095 Affir-

465 4126 726 4199 mative
754 4150 827 4199 ›.
884 4122 970 4200 In
1013 4128 1324 4203 Oriolen.
1366 4131 1843 4204 Decretorum.
1884 4133 2008 4204 23.
2048 4127 2209 4204 Ian.
2256 4132 2470 4203 1734.
2512 4151 2624 4205 res
2665 4140 2825 4207 erat
2858 4134 2952 4207 de
2987 4132 3137 4208 Col-

462 4236 755 4329 legiata,
795 4256 979 4329 quae
1024 4240 1255 4313 tribus
1306 4241 1782 4335 dignitatibus
1818 4248 1889 4315 et
1939 4243 2274 4316 undecim
2308 4245 2669 4317 canonicis
2720 4246 3125 4334 constabat,

464 4349 729 4440 quibus
764 4351 1217 4427 addebantur
1252 4361 1563 4444 quatuor
1599 4355 2130 4429 hebdomadarii
2166 4357 2401 4430 curati
2435 4358 2839 4430 animarum
2893 4376 3130 4432 curam

464 4469 917 4539 exercentes:
974 4463 1270 4539 suborta
1323 4465 1776 4541 dubitatione
1811 4464 2112 4564 (nona):
2158 4490 2196 4533 «
2242 4467 2344 4540 An
2378 4470 2822 4542 sustineatur
2856 4470 3132 4563 trigesi-

465 4598 505 4645 ›
544 4594 739 4650 mum
790 4577 1188 4653 secundum
1238 4577 1606 4652 decretum
1660 4576 2058 4678 (Episcopi)
2114 4582 2502 4672 mandans,
2541 4581 2737 4672 quod
2787 4583 2865 4655 in
2918 4583 3127 4656 colla-

463 4709 506 4757 >
544 4685 861 4762 tionibus
908 4687 1270 4763 habendis
1304 4690 1394 4763 de
1430 4689 1825 4766 moralibus
1875 4692 2445 4784 quaestionibus,
2483 4695 2545 4767 si
2579 4694 2989 4787 praesideat
3017 4710 3120 4767 re-
