3497 5235
487 351 605 414 512
1235 353 1604 411 Instrumenta
1645 352 1698 410 8.
1727 352 1911 426 Gongr.
1940 352 2088 410 Oeno.
2129 354 2402 426 expetitio.

485 487 827 560 biblicam
864 488 1266 576 lectionem,
1322 506 1533 561 casus
1587 488 2001 578 explicaret,
2062 494 2157 573 et,
2217 488 2457 577 aliquo
2495 486 2783 558 suborto
2819 487 3160 576 dissime,

486 606 996 690 quaereretur:
1058 623 1095 665 ‹
1127 601 1235 672 An
1290 600 1491 671 lectio
1559 619 1806 671 sacrae
1864 600 2270 690 Scripturae
2340 600 2445 672 vel
2500 618 2789 670 casuum
2837 600 3169 672 habenda

488 735 527 779 ν
568 712 659 782 sit
709 710 807 782 ad
852 711 1161 799 formam
1211 711 1578 782 erectionis
1632 711 1931 801 sinqulis
1984 717 2183 793 octo,
2254 712 2358 783 vel
2413 712 2710 803 sinqulis
2763 713 3168 802 quindecim

488 845 528 889 ιι
568 818 864 893 diebus?
892 846 928 888 »
985 824 1057 894 S.
1101 820 1177 892 C.
1219 823 1796 913 respondendum
1836 824 2157 895 censuit:
2219 847 2256 886 ‹
2295 824 2733 896 Servandam
2766 844 2910 896 esse
2944 826 3165 917 leqem

490 956 529 1000 ν
567 934 963 1014 erectionis,
998 941 1062 1005 et
1114 934 1346 1024 quoad
1396 934 1677 1005 modum
1728 935 2003 1008 remisit
2055 935 2352 1007 arbitrio
2405 935 2828 1026 Episcopi»,
2888 938 2989 1008 uti
3036 937 3166 1007 ha-

486 1043 703 1117 betur
754 1045 825 1115 in
879 1042 1029 1115 Fol.
1076 1046 1507 1117 M.tceraten.
1554 1045 1776 1118 Solut.
1819 1065 1965 1117 cas.
2010 1046 2100 1116 ad
2139 1048 2325 1117 diem
2381 1048 2502 1117 23.
2546 1043 2889 1119 Novemb.
2940 1049 3157 1119 1850.

488 1154 562 1252 ἓ.
605 1157 944 1228 Lectioni.
1002 1152 1210 1253 (Cfr.
1253 1177 1413 1248 cop.
1461 1157 1591 1227 111.
1636 1176 1709 1227 n.
1758 1155 1927 1229 192.
1961 1178 2130 1250 paq.
2172 1154 2413 1256 372).

637 1268 806 1339 471.
862 1264 930 1340 Si
986 1287 1150 1341 vero
1219 1269 1406 1340 idem
1463 1287 1645 1339 onus
1716 1270 1789 1340 in
1863 1277 2023 1341 actu
2099 1273 2478 1343 erectionis
2551 1273 2947 1343 iniunctum
3018 1289 3168 1342 non

489 1380 710 1452 fuisse
748 1383 1248 1471 comperiatur,
1291 1388 1362 1452 et
1397 1382 1993 1471 poenitentiarius
2047 1384 2151 1453 vel
2212 1383 2581 1473 theologus
2627 1382 2810 1454 idem
2851 1382 3168 1473 perferre

485 1493 884 1579 detrectet,
961 1512 1049 1565 ne
1102 1491 1452 1585 Episcopo
1509 1495 1874 1583 negotium
1943 1513 2026 1565 ex
2082 1495 2218 1565 hac
2271 1514 2342 1565 re
2397 1494 2876 1581 exhibeatur,
2953 1503 3168 1566 caute

484 1604 1015 1697 procedendum
1070 1606 1298 1676 eidem
1354 1607 1513 1676 erit.
1590 1603 1766 1677 Cum
1819 1608 2006 1678 enim
2063 1625 2322 1679 novum
2376 1606 2748 1678 beneficiis
2801 1626 2985 1678 onus
3038 1609 3174 1678 im-

486 1732 747 1808 ponere
801 1734 943 1787 non
1000 1715 1207 1787 liceat
1261 1714 1671 1806 Episcopis,
1729 1720 1956 1789 satius
2009 1719 2187 1805 erit,
2246 1720 2303 1789 si
2359 1719 2520 1809 plus
2575 1720 2791 1789 nimio
2844 1718 3170 1790 studium

486 1846 695 1899 suum
734 1847 875 1898 non
915 1829 1269 1899 intendat.
1304 1824 1633 1898 Normam
1676 1828 2021 1918 praebere
2057 1836 2291 1920 potest
2333 1850 2488 1901 mox
2522 1837 2911 1900 memorata
2948 1849 3169 1901 causa

487 1937 920 2012 Maceraten.
966 1940 1186 2012 Solut.
1229 1959 1522 2011 casuum
1573 1960 1845 2021 conse„
1901 1941 1972 2012 in
2028 1960 2168 2030 qua
2209 1939 2600 2032 Episcopus
2644 1940 2863 2012 fretus
2903 1941 3173 2011 cousti-

490 2048 916 2134 tutionibuS‚
975 2069 1157 2139 quas
1209 2052 1526 2122 eiusdem
1565 2052 1974 2123 decessores
2027 2052 2428 2138 ediderant,
2471 2071 2742 2124 necnon
2797 2052 3171 2141 aliquibus

493 2179 580 2232 ex
635 2159 939 2251 Synodis
994 2160 1379 2233 identidem
1451 2161 1764 2249 habitis,
1823 2182 1905 2234 ac
1957 2164 2267 2253 denique
2320 2165 2593 2235 diutina
2652 2164 3109 2236 observantia
3145 2214 3166 2250 ,

494 2274 912 2343 canonicum
952 2271 1385 2363 theologum,
1442 2276 1561 2363 qui
1607 2276 1742 2343 iam
1787 2293 1910 2366 per
1964 2275 2202 2365 plures
2256 2294 2481 2346 annos
2533 2276 2698 2346 huic
2749 2276 2948 2346 oneri
2995 2273 3171 2345 sub-

494 2383 730 2454 eundo
783 2385 1263 2472 acquieverat,
1322 2385 1411 2456 ad
1467 2387 1870 2458 institutum
1928 2405 2214 2457 cursum
2268 2388 2873 2477 prosequendum,
2934 2404 3169 2477 poena

491 2495 705 2565 etiam
745 2495 1017 2581 addita,
1060 2513 1182 2585 per
1216 2514 1425 2566 suum
1464 2498 1827 2568 decretum
1868 2505 2218 2590 coegerat.
2259 2495 2366 2571 Re
2405 2500 2492 2569 ad
2533 2496 2608 2568 S.
2635 2497 2853 2589 Cong.
2889 2499 3167 2587 delata,

491 2608 635 2680 duo
688 2605 907 2678 dubia
962 2607 1388 2680 concinnata
1440 2617 1651 2681 sunt:
1714 2633 1751 2674 ι
1789 2610 1854 2679 1.
1905 2608 2005 2681 An
2060 2612 2443 2682 canonicus
2498 2610 2865 2702 theologus
2920 2610 3170 2682 catlie-

494 2743 533 2787 ν
574 2720 792 2792 dralis
847 2716 1349 2792 Maceratensis
1404 2728 1733 2793 teneatur
1785 2723 1873 2795 ad
1929 2724 2547 2794 concinnationem
2611 2729 2683 2793 et
2732 2722 3169 2792 solutionem

494 2854 534 2898 »
575 2848 867 2902 casuum
907 2832 1381 2903 conscientiae
1420 2839 1491 2904 et
1531 2833 1856 2924 liturgiae
1898 2841 2176 2925 praeter
2216 2833 2582 2907 lectionem
2639 2831 2711 2904 S.
2755 2831 3167 2924 Scripturae

494 2968 534 3012 »
574 2944 649 3015 in
703 2939 917 3015 casu?
965 2945 1035 3014 Ξ.
1071 2943 1170 3014 An
1208 2946 1646 3016 sustineatur
1685 2963 1912 3035 poena
1949 2947 2323 3016 solutionis
2358 2953 2795 3016 scutatorum
2833 2945 3082 3017 decem
3123 2964 3167 3013 a

494 3079 534 3123 »
575 3057 768 3126 curia
805 3055 1187 3148 episcopali
1229 3075 1352 3148 pro
1390 3057 1712 3146 qualibet
1751 3059 2225 3149 negligentiae
2265 3060 2414 3129 vice
2454 3059 2718 3129 inflicta
2762 3059 2830 3127 in
2875 3051 3086 3128 casu?
3123 3084 3161 3123 ι»

491 3164 620 3237 Die
671 3168 791 3237 21.
835 3164 1031 3258 Sept.
1082 3168 1294 3237 1850.
1353 3165 1425 3236 C.
1485 3165 1824 3258 Congreg.
1886 3171 2290 3259 rescripsit:
2355 3192 2392 3234 ‹
2442 3169 2540 3239 Ad
2599 3169 2665 3238 1.
2726 3167 3166 3240 Affirmative

494 3303 534 3347 »
576 3279 665 3350 ad
720 3279 1013 3350 iormam
1071 3280 1656 3351 constitutionum
1711 3279 2190 3370 synodalium.
2269 3282 2368 3352 Ad
2424 3283 2495 3352 2.
2554 3280 2802 3362 Quoad
2860 3299 3163 3371 poenam

493 3416 534 3459 ι»
573 3397 891 3462 servetur
925 3389 1127 3461 Bulla
1170 3388 1434 3462 Bened.
1478 3386 1683 3461 XIII.
1729 3392 2128 3463 Po-storalz's
2167 3393 2393 3484 officii.
2427 3419 2462 3458 a>
2504 3390 2903 3482 Theologus
2942 3409 3166 3462 novae

492 3503 903 3574 audientiae
956 3501 1303 3574 beneficio
1359 3503 1734 3592 impetrato
1773 3504 2226 3589 ostendebat,
2282 3511 2428 3575 tum
2470 3503 2659 3592 quod
2700 3505 2767 3573 in
2809 3512 2976 3573 actu
3016 3522 3167 3574 cre-

492 3616 750 3687 etionis
802 3614 1256 3704 praebendae
1308 3634 1479 3686 suae
1528 3615 1597 3684 id
1638 3634 1897 3685 munus
1951 3634 2093 3686 non
2152 3614 2384 3686 fuerat
2437 3616 2970 3706 praestitutum,
3017 3623 3161 3685 tum

494 3725 686 3816 quod
741 3723 1005 3816 Synodi
1060 3725 1524 3796 dioecesanae
1582 3726 1686 3797 vel
1744 3727 2017 3796 nullum
2074 3726 2366 3797 verbum
2425 3745 2506 3796 ea
2554 3725 2643 3796 de
2687 3744 2758 3796 re
2816 3725 3157 3811 facerent,

491 3839 606 3909 vel
658 3839 754 3909 ita
809 3836 1173 3924 facerent,
1249 3843 1325 3908 ut
1378 3838 1740 3928 obligandi
1797 3840 1935 3909 vim
1994 3857 2134 3910 non
2189 3838 2626 3930 praeseferre
2692 3839 3155 3924 viderentur,

494 3957 643 4023 tum
683 3949 995 4039 denique
1031 3950 1221 4038 quod
1258 3950 1709 4020 observantia
1765 3957 1968 4022 actus
2013 3970 2199 4023 mere
2240 3951 2676 4022 voluntarios
2714 3952 3154 4041 importaret,

495 4082 733 4153 neque
786 4071 1122 4137 constans
1175 4083 1257 4134 ac
1307 4070 1651 4156 perpetua
1724 4064 2085 4135 ullatenus
2153 4064 2286 4134 dici
2352 4072 2615 4155 posset.
2695 4060 2953 4152 Itaque
3011 4082 3160 4153 pro-

494 4176 723 4265 posita
780 4176 1031 4246 iterum
1088 4193 1299 4245 causa
1356 4194 1513 4244 cum
1569 4173 1850 4244 dubiis:
1915 4199 1951 4240 «ι
1993 4176 2091 4245 An
2144 4176 2479 4246 standum
2530 4177 2636 4246 vel
2681 4175 3156 4245 recedendum

494 4293 682 4358 esset
735 4306 774 4356 a
828 4280 1138 4358 decisis?
1172 4312 1209 4353 s
1267 4282 1338 4355 S.
1380 4283 1455 4354 C.
1515 4286 1628 4357 die
1688 4287 1804 4356 17.
1851 4284 2219 4358 Decembr.
2272 4288 2437 4357 anni
2484 4288 2697 4357 1853.
2744 4286 3152 4375 respondit:

501 4418 540 4460 ι
587 4394 685 4467 Ad
747 4397 813 4465 1.
859 4402 931 4467 et
964 4397 1036 4466 2.
1082 4397 1555 4468 recedendum
1612 4417 1649 4466 a
1707 4398 1962 4469 decisis
1994 4424 2030 4464 ι»
2073 4395 2304 4469 Tertia
2358 4405 2427 4468 et
2482 4404 2732 4486 quarta
2782 4399 2958 4483 vice,
3009 4414 3157 4486 pro-

492 4509 725 4597 posita
783 4526 1024 4594 causa,
1084 4526 1504 4598 responsum
1560 4508 1864 4599 prodiit:
1929 4532 1965 4573 ι
2014 4507 2271 4580 lterum
2330 4516 2793 4599 proponatur.
2839 4533 2877 4574 ι»
2941 4506 3151 4577 Dein:

499 4639 538 4681 ι
568 4614 795 4687 Dilata
833 4619 923 4689 ad
963 4619 1260 4707 primam
1301 4625 1460 4710 post
1495 4637 1750 4707 aquas.
1787 4645 1824 4686 s
1881 4615 2194 4689 Tandem
2233 4619 2485 4708 quinta
2540 4621 2687 4689 vice
2742 4618 2832 4688 ad
2886 4631 3153 4687 sactum

498 4722 836 4796 Ordinem
890 4727 1198 4799 deducta
1251 4729 1368 4800 die
1426 4730 1541 4799 16.
1600 4727 1766 4801 Dec.
1831 4730 2045 4801 1854.
2113 4732 2268 4802 sine
2337 4730 2739 4803 delinitoria
2808 4729 3151 4801 sententia
