3497 5235
629 321 758 389 278*
1386 325 1756 386 Instructiui·
1798 327 1850 386 Β.
1879 327 2063 401 congr.
2090 327 2237 387 Oeno.
2277 329 2549 404 omitia.

625 459 982 533 mensium
1035 462 1348 552 spatium
1397 462 1670 536 servitii
1721 469 1987 554 tempus
2040 465 2435 555 requirunt.
2493 462 2778 537 Consul.
2826 459 3150 556 Pagnan.
3206 464 3277 540 G.

627 573 824 645 Licet
859 593 932 644 n.
976 573 1098 645 51.
1140 574 1223 645 de
1260 574 1554 656 Praeti„
1591 572 1664 645 S.
1704 571 1779 647 C.
1822 572 2033 647 Conc.
2077 577 2151 647 in
2198 576 2485 649 Valven.
2531 579 2726 651 Serv.
2766 576 2959 650 chor.
2994 576 3115 647 24.
3154 573 3287 649 No-

631 682 869 756 vemb.
916 684 1129 756 1838.
1171 679 1244 778 §-
1283 684 1395 757 Ad
1447 683 1785 766 alterum,
1820 693 1890 758 et
1944 686 2116 758 alibi
2167 689 2464 777 passim.

775 796 848 866 9.
891 791 1130 866 Trium
1185 813 1352 868 vero
1406 799 1757 868 mensium
1813 799 2253 870 vacationem
2329 798 2812 890 praetergredi
2878 795 3083 870 nefas
3132 806 3283 887 est,

633 905 912 978 etiamsi
974 907 1557 979 immemorabilis
1618 910 2060 981 consuetudo
2113 910 2510 982 accederet.
2569 906 2748 981 Nam
2802 908 2876 982 S.
2935 907 3011 982 C.
3071 906 3290 1003 (apud

630 1016 901 1090 Bened.
926 1012 1117 1088 XIV.
1151 1018 1282 1090 loc.
1309 1017 1473 1114 cit.)
1510 1021 1585 1092 in
1619 1018 2268 1117 Cataqurit.{1581.
2301 1016 2465 1117 (lib.
2497 1020 2570 1095 3.
2595 1023 2849 1095 decret.
2874 1040 3046 1114 paq.
3085 1019 3289 1115 186.)

634 1153 673 1200 ‹
713 1131 1013 1221 censuit,
1053 1150 1200 1203 non
1251 1133 1463 1205 licere
1511 1133 2024 1225 praebendatis
2076 1133 2312 1226 vigore
2366 1134 2878 1224 cuiuscumque
2915 1139 3292 1205 consuetu-

632 1269 672 1315 »
712 1247 904 1320 dinis
954 1247 1175 1319 etiam
1229 1246 1810 1319 immemorabilis
1864 1245 1955 1318 ab
2008 1264 2251 1318 eorum
2305 1245 2625 1320 ecclesiis
2659 1246 2847 1317 ultra
2899 1251 3045 1316 tres
3098 1262 3290 1316 men-

630 1381 671 1429 >
708 1376 823 1431 ses
875 1359 1127 1430 abesse
1167 1382 1235 1429 ».
1280 1356 1500 1430 Aliter
1552 1363 1793 1429 autem
1846 1359 2285 1431 censendum
2338 1364 2473 1445 est,
2522 1359 2584 1429 si
2635 1357 2929 1429 accedat
2983 1356 3058 1428 S.
3100 1353 3289 1428 Sedis

628 1472 1050 1542 auctoritas:
1110 1488 1270 1541 cum
1348 1469 1539 1541 enim
1616 1469 2142 1542 haec'centum
2218 1470 2493 1542 dierum
2546 1469 2988 1540 vacationem
3044 1468 3295 1540 confir·

627 1588 895 1653 masset
945 1580 1021 1651 in
1076 1582 1482 1654 Miranden.
1529 1580 1743 1654 1585.
1788 1575 1951 1676 (lib.
1986 1579 2061 1653 A.
2102 1581 2360 1654 decret.
2410 1600 2488 1672 p.
2529 1580 2650 1654 88.
2709 1601 2756 1652 a
2806 1577 3037 1676 terqo)
3090 1581 3164 1653 S.
3220 1579 3286 1653 C.

628 1693 941 1766 decrevit
981 1714 1020 1761 ‹
1060 1692 1509 1765 concordiam
1563 1713 1604 1764 a
1656 1692 1838 1765 Sede
1895 1693 2295 1783 Apostolica
2349 1693 2841 1765 confirmatam
2895 1713 2937 1763 a
2989 1690 3291 1764 Concilio

633 1827 677 1872 ν
717 1820 864 1876 non
916 1822 1071 1876 esse
1123 1803 1482 1876 sublatam
1522 1830 1591 1876 ι».
1666 1800 1971 1899 (Bened.
2018 1802 2207 1875 xlv.
2250 1807 2380 1878 loc.
2422 1802 2612 1902 cit.).

633 1941 640 1944 ’
782 1916 898 1987 10.
956 1912 1441 1988 Trimestrium
1502 1918 1955 1988 vacationum
2006 1917 2356 1990 beneficio
2404 1920 2509 1991 uti
2545 1927 2849 2011 possunt
2887 1917 3291 2010 praebenda

631 2027 937 2118 praediti
967 2026 1183 2099 etiam
1212 2045 1342 2118 per
1368 2027 1519 2100 dies
1546 2028 2037 2122 interpolatos
2071 2025 2177 2122 (S.
2205 2026 2280 2100 C.
2307 2027 2381 2101 C.
2410 2031 2481 2101 in
2500 2031 2849 2103 Mutineu.
2882 2027 3285 2101 ann.1573.

632 2139 754 2210 lib.
798 2138 868 2211 1.
909 2139 1165 2211 decret.
1217 2158 1389 2231 paq.
1434 2139 1600 2213 178.
1657 2146 1722 2213 et
1775 2137 2153 2236 sequent).
2211 2138 2411 2222 Quod
2466 2148 2707 2213 tamen
2769 2140 2884 2214 hic
2936 2140 3148 2211 licere
3198 2138 3297 2209 di·

637 2252 864 2338 citur,
922 2250 1156 2321 locum
1210 2268 1353 2322 non
1405 2250 1673 2322 habere
1727 2252 2244 2324 advertendum
2306 2258 2414 2324 est
2466 2254 2538 2324 in
2592 2253 2679 2323 iis
2731 2250 3126 2343 Capitulis,
3180 2248 3293 2322 ubi

625 2361 817 2450 viget
869 2361 1221 2433 mediaria
1271 2361 1381 2434 vel
1417 2363 1785 2444 tertiaria,
1833 2382 2013 2452 quas
2065 2370 2350 2454 vocant,
2392 2370 2471 2436 ut
2508 2364 2714 2436 modo
2752 2363 3286 2454 explicabimus,

633 2469 1081 2564 Quapropter
1129 2473 1191 2543 si
1241 2473 1712 2565 praebendati
1750 2475 2065 2566 spatium
2102 2495 2141 2545 a
2179 2474 2490 2547 Concilio
2525 2475 2636 2547 vel
2673 2472 3296 2547 constitutionibus

638 2584 1126 2676 peculiaribus
1175 2586 1600 2677 permissum
1655 2604 1801 2658 non
1854 2585 2293 2676 transiliant,
2336 2604 2603 2680 poenas
2654 2584 3081 2659 absentibus
3133 2585 3297 2656 irro-

636 2703 838 2789 gatas
889 2715 1034 2768 non
1088 2698 1491 2787 incurrunt,
1533 2698 1742 2770 modo
1778 2705 2020 2771 tamen
2059 2705 2562 2792 computentur
2598 2698 2969 2770 absentiae
3009 2697 3186 2784 dies,
3227 2700 3293 2766 at

630 2808 1054 2898 neutiquam
1089 2808 1354 2897 borae3
1412 2812 1508 2880 ita
1547 2829 1769 2900 penes
1806 2808 2137 2883 eumdem
2175 2808 2444 2884 Bened.
2485 2807 2677 2881 XIV.
2721 2812 2853 2882 loc.
2896 2809 3019 2881 cit.
3061 2829 3135 2879 n.
3173 2806 3288 2880 33.

634 2919 710 2991 S.
748 2916 1005 3012 Congr.
1039 2917 1251 2991 Conc.
1296 2919 1683 2993 declaravit
1720 2921 1838 2994 die
1880 2923 1995 2994 17.
2039 2918 2204 2994 Iun.
2253 2923 2467 2995 1594.
2510 2923 2583 2993 in
2619 2922 2983 3014 Aquilaria
3017 2915 3182 3016 (lib.
3216 2917 3284 2990 8.

631 3031 888 3104 decret.
921 3050 1094 3124 paq.
1136 3031 1254 3105 92.
1297 3053 1344 3104 a
1395 3026 1657 3128 terqo):
1718 3054 1758 3101 ‹
1791 3036 1863 3105 S.
1905 3032 1979 3105 C.
2039 3035 2343 3124 censuit,
2387 3034 2476 3107 ad
2514 3033 3096 3107 constituendum
3149 3048 3293 3102 ser-

634 3165 674 3210 »
714 3144 965 3214 vitium
1018 3160 1270 3214 novem
1323 3145 1674 3215 mensium
1711 3163 1857 3215 non
1895 3162 2051 3217 esse
2088 3146 2527 3238 colligendas
2551 3152 3052 3239 punctaturaS,
3094 3141 3292 3234 quasi

633 3276 673 3321 ν
713 3254 804 3342 ii,
862 3256 987 3344 qui
1039 3274 1296 3328 novem
1364 3264 1606 3349 partes
1682 3264 2280 3347 punctaturarum
2353 3279 2440 3331 ex
2493 3258 2917 3345 duodecim,
2976 3276 3157 3349 quae
3209 3271 3292 3325 ex

633 3388 673 3433 ν
713 3366 1001 3439 servitio
1053 3368 1274 3439 totius
1344 3369 1516 3440 anni
1586 3370 2033 3457 conflantur,
2091 3370 2562 3443 deserviendo
2615 3369 2959 3458 tulerint,
3018 3365 3293 3440 servitio

633 3500 673 3545 ν
714 3497 971 3551 novem
1026 3481 1378 3551 mensium
1430 3480 1672 3553 debito
1724 3479 2231 3569 satisfecerint,
2289 3483 2417 3554 sed
2454 3484 2645 3573 ipsos
2680 3480 2835 3551 dies
2870 3477 3291 3551 residentiae

633 3615 674 3657 ι»
711 3598 781 3664 et
833 3591 1132 3680 servitii,
1190 3593 1337 3664 sive
1385 3593 1713 3664 continui
1766 3592 2059 3680 fuerint,
2118 3593 2267 3664 sive
2322 3593 2762 3684 interpolati,
2821 3587 3293 3663 numerandos

632 3725 673 3769 ι
713 3721 906 3790 esse,
964 3708 1046 3774 ut
1097 3721 1475 3775 numerum
1528 3703 1937 3795 compleant
1988 3703 2339 3777 dictorum
2392 3722 2647 3776 novem
2701 3704 3081 3775 mensium.
3117 3728 3151 3769 ν
3204 3694 3290 3770 Ut

625 3832 794 3886 -vero
847 3813 1059 3887 liceat
1111 3821 1522 3905 computare
1574 3814 1817 3903 horaS,
1857 3834 2003 3887 non
2057 3812 2238 3904 dies,
2280 3816 2574 3888 accedat
2630 3833 2923 3888 necesse
2975 3820 3082 3886 est
3121 3809 3290 3901 Apo-

625 3925 876 3998 stolica
930 3926 1169 4014 venia,
1227 3926 1837 4016 quemadmodum
1874 3928 1952 3999 fit
1988 3927 2078 3998 de
2115 3926 2439 4019 Capitulo
2472 3926 3140 4011 Centumcellarum,
3178 3919 3289 3993 cui

626 4056 759 4130 per
808 4038 898 4110 cl.
942 4055 1155 4109 mem.
1197 4036 1405 4110 Card.
1447 4037 1879 4133 Episcopum
1932 4037 2375 4131 Falzacappa
2429 4058 2488 4111 s.
2533 4058 2628 4110 m.
2671 4035 3052 4129 Gregorius
3102 4027 3282 4106 XVI.

627 4148 764 4221 boc
814 4150 1123 4241 speciale
1179 4152 1524 4222 concessit
1577 4151 1942 4224 indultum
1995 4150 2137 4223 diei
2190 4153 2262 4222 9.
2306 4147 2445 4223 Iul.
2493 4150 2741 4237 1840„
2784 4154 2863 4221 ut
2900 4153 3165 4222 constat
3197 4160 3289 4213 ex

617 4260 949 4333 eiusdem
1001 4260 1307 4353 Capituli
1361 4262 1995 4336 constitutionibus
2037 4283 2207 4356 pag.
2251 4264 2369 4335 88.
2415 4268 2486 4334 et
2540 4263 2658 4333 89.
2701 4261 2917 4333 editis
2949 4258 3205 4333 Romae
3244 4273 3289 4324 a

630 4369 1004 4444 Contadini
1057 4373 1308 4445 eodem
1362 4393 1578 4446 ann0.

779 4484 891 4552 11.
945 4479 1033 4556 In
1068 4482 1523 4557 vacationum
1560 4487 2026 4558 trimestrium
2066 4506 2201 4559 usu
2239 4485 2330 4557 ad
2367 4487 2688 4559 ordinem
2725 4504 2810 4558 ac
2846 4484 3289 4578 disciplinam

628 4590 820 4664 chori
872 4593 1217 4666 tuendam
1271 4597 1618 4687 quasdam
1676 4598 1869 4690 leges
1921 4595 1994 4669 S.
2028 4596 2102 4670 C.
2146 4595 2358 4670 Cone.
2403 4596 2799 4687 constituit,
2844 4617 3023 4689 quas
3056 4614 3131 4668 ex
3164 4591 3291 4662 his

626 4703 961 4792 decretis,
1016 4724 1205 4794 quae
1256 4706 1528 4780 Bened.
1570 4706 1763 4782 XIV.
1806 4712 1941 4783 loc.
1979 4711 2103 4783 cit.
2144 4731 2220 4781 n.
2261 4708 2384 4783 34.
2424 4716 2491 4783 et
2524 4730 2663 4801 seq.
2720 4709 3119 4783 authentice
3153 4721 3289 4775 ex-
