3497 5235
1014 404 2058 483 anowommmglz.
2755 408 2875 473 485

211 562 255 613 v,
288 543 505 627 atque
560 536 755 626 inde,
810 538 986 628 quid
1020 540 1348 612 ordinato
1384 539 1476 612 ad
1515 540 1732 612 vitam
1781 539 2326 613 sustentandam
2364 540 2587 617 libere
2622 560 2875 635 supet·

210 674 248 718 »
286 650 407 737 sit,
447 656 643 724 certo
693 650 1060 742 probetur.
1105 675 1142 719 »

349 761 521 833 413.
578 759 835 835 Contra
888 761 1307 834 ordinantes
1358 767 1429 835 et
1478 761 1845 834 ordinatos
1894 780 2056 834 cum
2109 764 2554 853 patrimoniis
2605 765 2874 843 fictitiis

204 871 303 945 ab
347 869 664 946 Ecclesia
715 878 955 946 certae
1005 879 1320 945 statutae
1389 878 1560 945 sunt
1629 889 1929 964 poenae.
1989 875 2059 945 Si
2113 873 2425 964 aliquem
2479 873 2873 969 Episcopus

202 986 435 1057 sciens
487 1004 649 1059 cum
702 986 1127 1077 patrimonio
1181 985 1429 1057 fictitio
1499 983 1608 1056 vel
1683 982 2145 1056 insufficienti
2198 984 2289 1056 ad
2344 980 2650 1058 Ordines
2713 1007 2875 1078 pro-

204 1098 533 1184 moverit,
575 1097 907 1171 eumdem
959 1103 1243 1169 tenetur
1295 1099 1445 1168 suis
1495 1093 1905 1186 sumptibus
1976 1096 2193 1183 alere,
2249 1096 2478 1171 donec
2536 1096 2626 1169 de
2675 1098 2874 1177 suffi-

201 1207 414 1280 cienti
472 1208 681 1280 titulo
732 1206 1117 1299 providerit
1155 1200 1511 1301 (Fagnan.
1555 1206 1652 1278 ad
1690 1206 1860 1297 Gap.
1903 1203 2077 1277 Cum
2112 1209 2506 1279 secundum
2554 1228 2748 1281 num.
2795 1209 2867 1287 6.

201 1324 265 1391 et
315 1338 456 1410 seq..
514 1319 599 1392 de
654 1317 973 1413 Praeb.).
1040 1320 1372 1391 Attamen
1426 1318 1965 1409 suspensionem
2027 1336 2171 1391 non
2224 1319 2522 1392 incurrit
2588 1338 2674 1392 ex
2742 1318 2875 1395 Be-

200 1430 365 1502 ned.
426 1427 617 1502 XIV.
677 1434 727 1503 l.
786 1434 907 1504 cit.
966 1451 1164 1503 num.
1208 1430 1325 1505 16.
1366 1427 1767 1517 Promotus,
1809 1431 1931 1527 qui
1968 1426 2396 1522 Episcopum
2436 1432 2511 1504 in
2548 1429 2872 1519 fraudem

205 1547 526 1634 adducit,
582 1547 658 1619 iu
709 1548 1253 1638 suspensionem
1309 1546 1461 1634 ipso
1513 1541 1700 1613 iacto
1754 1541 2008 1615 incidit
2055 1561 2142 1614 ex
2178 1542 2658 1617 declaratione
2693 1543 2867 1619 S.C.

196 1656 407 1730 Conc.
450 1658 567 1731 die
607 1659 723 1729 17.
767 1654 1147 1730 Novembr.
1198 1657 1443 1743 1610„
1503 1672 1719 1743 quam
1776 1654 1962 1726 idem
2010 1660 2254 1727 auctor
2301 1655 2573 1746 integre
2603 1656 2871 1730 ibidem

195 1768 559 1843 exscribit.
620 1765 906 1843 Accedit
959 1769 1329 1859 dispositio
1393 1764 1691 1841 Constit.
1748 1762 2019 1837 Urban.
2060 1762 2261 1836 VIII.
2305 1767 2524 1856 incip.
2579 1769 2870 1841 Secretis

206 1880 322 1950 11.
362 1877 646 1952 Decem.
695 1880 943 1967 1624„
987 1897 1173 1969 quae
1224 1877 1641 1957 confirmata
1703 1876 1841 1948 fuit
1892 1895 1934 1948 a
1979 1872 2319 1955 Pontifice
2371 1873 2624 1950 Innoc.
2659 1875 2865 1953 XIII.

196 1991 270 2062 in
324 1989 624 2066 Constit.
670 1993 1182 2082 Speculatores,
1235 2007 1453 2079 quam
1506 1988 1841 2061 dabimus
1892 1988 2252 2061 volumine
2305 1984 2444 2061 111.
2500 2011 2699 2062 num.
2748 1992 2864 2064 15.

200 2126 239 2169 ι
280 2098 588 2194 Insuper
641 2110 998 2194 promotos
1049 2100 1487 2188 huiusmodi,
1540 2118 1624 2171 ac
1676 2100 1890 2172 etiam
1946 2117 2093 2188 eoS‚
2145 2101 2272 2189 qui
2315 2121 2475 2176 cum
2526 2100 2726 2175 falsis
2758 2103 2870 2175 vel

197 2239 238 2283 ιι
278 2214 549 2291 fictitiis
592 2222 718 2287 aut
772 2213 1161 2287 fiduciariis
1213 2213 1621 2304 patrimonii
1675 2211 1906 2285 titulis
1950 2211 2258 2284 scienter
2299 2231 2376 2286 se
2429 2214 2523 2287 ad
2566 2210 2870 2289 Ordines

200 2349 241 2393 ι
280 2325 692 2397 huiusmodi
729 2325 1122 2416 promoveri
1161 2324 1482 2412 fecerint,
1508 2341 1654 2395 non
1682 2323 1910 2395 solum
1940 2321 2352 2414 praedictis,
2378 2343 2623 2398 verum
2650 2327 2870 2400 etiam

196 2459 236 2503 ›
277 2436 671 2508 maioribus
722 2436 1016 2508 arbitrio
1076 2431 1369 2523 Nostr0,
1426 2443 1498 2507 et
1551 2454 1678 2526 pro
1740 2441 2059 2527 tempore
2129 2436 2500 2509 existentis
2559 2435 2869 2515 Romani

194 2572 233 2615 ›
275 2544 641 2623 Pontificis
695 2547 1147 2641 assignandis
1202 2547 1476 2640 poenis.
1524 2601 1541 2620 .
1589 2602 1606 2620 .
1649 2546 2008 2622 subiectos
2046 2564 2199 2620 esse
2236 2548 2587 2622 volumuS.
2634 2575 2671 2620 »
2717 2546 2872 2623 Hac

184 2677 408 2751 super
444 2678 518 2732 re
556 2662 829 2732 consuli
869 2659 1130 2752 poterit
1164 2656 1433 2732 Girald.
1477 2661 1593 2731 Ius
1628 2660 1839 2730 Pont.
1881 2660 1968 2736 P.
2006 2661 2099 2732 Π.
2137 2667 2300 2732 sect.
2334 2660 2454 2734 55.
2488 2681 2658 2754 past.
2690 2661 2862 2736 875.

342 2770 511 2841 414.
571 2767 669 2860 Is,
728 2773 851 2862 qui
906 2772 1414 2862 patrimonium
1466 2770 1710 2843 fictum
1766 2771 2160 2856 constituit,
2200 2771 2261 2842 si
2312 2773 2504 2863 apud
2558 2774 2865 2846 iudicem

182 2889 714 2974 competentem
743 2890 1034 2956 vocatus
1069 2880 1308 2970 fuerit,
1350 2890 1419 2955 et
1457 2882 1551 2954 ad
1574 2881 1867 2954 -fructus
1903 2883 2309 2974 patrimonii
2346 2883 2668 2955 eiusdem
2704 2902 2863 2974 per-

179 2994 571 3067 solvendos
621 2995 1028 3083 damnetur,
1087 3012 1229 3065 non
1284 2998 1519 3085 potest
1574 2993 1717 3064 ulla
1771 3012 1848 3065 se
1885 2994 2212 3084 pactione
2252 2995 2607 3066 contraria
2646 2994 2854 3083 tueri„

182 3124 335 3196 qua
401 3106 778 3179 ordinatus
846 3106 1384 3197 adpromiserit,
1442 3105 1622 3176 nihil
1675 3104 1772 3174 ab
1807 3123 1889 3177 eo
1925 3122 2002 3177 se
2039 3111 2525 3194 recepturum,
2583 3106 2864 3180 etiamsi

177 3216 563 3308 promissio
614 3218 753 3288 ista
810 3216 1267 3289 iureiurando
1305 3216 1571 3290 vallata
1611 3215 1850 3287 luerit.
1909 3212 2091 3287 Nam
2146 3217 2218 3286 S.
2259 3211 2604 3308 congreg.
2645 3214 2857 3288 Conc.

176 3329 303 3402 die
364 3328 480 3397 11.
537 3325 704 3399 Maii
762 3328 977 3400 1599.
1035 3323 1209 3425 (lib.
1268 3328 1338 3401 9.
1397 3329 1657 3400 decret.
1716 3326 1909 3420 apud
1962 3324 2234 3400 Bened.
2293 3323 2484 3399 xlv.
2544 3329 2674 3401 loc.
2733 3329 2857 3404 cit.

172 3458 385 3514 num.
432 3434 595 3535 18.)
669 3463 706 3505 ι
747 3458 822 3522 re
874 3440 1253 3532 diligenter
1306 3457 1649 3534 expensa,
1707 3438 2135 3528 declaravit,
2197 3440 2656 3512 donationem
2708 3441 2861 3518 eius

178 3575 220 3618 ›
266 3550 713 3641 patrimonii,
757 3550 849 3622 ad
885 3553 1086 3623 cuius
1123 3550 1410 3624 titulum
1449 3551 1611 3640 quis
1648 3548 1862 3622 fuerit
1897 3550 2297 3639 ordinatus,
2330 3558 2578 3641 utpote
2625 3551 2864 3642 probi-

173 3687 216 3730 >
260 3662 493 3732 bitam
548 3661 832 3736 decreto
884 3660 1149 3734 Concil.
1202 3658 1394 3734 Trid.
1449 3664 1631 3736 Sess.
1686 3660 1810 3733 21.
1870 3679 2028 3751 cap.
2066 3661 2140 3732 2.
2199 3662 2282 3734 de
2319 3661 2626 3746 Reform.
2671 3663 2862 3738 iura-

172 3797 214 3843 »
265 3780 510 3844 mento
547 3774 885 3846 donantis
923 3792 1380 3864 nequaqnam
1421 3773 1852 3846 confirmari.
1892 3797 1928 3838 »
1970 3769 2057 3844 Et
2087 3772 2253 3844 item
2289 3773 2405 3843 14.
2433 3770 2597 3856 Maii
2638 3773 2854 3846 1671.

160 3879 212 3980 (
211 3884 345 3955 lib.
387 3882 511 3956 27.
572 3883 825 3957 decret.
875 3904 1045 3976 paq.
1081 3881 1247 3981 43.)
1283 3903 1443 3956 cum
1483 3891 1813 3977 ageretur
1848 3883 1939 3958 de
1973 3885 2473 3976 supplemento
2518 3885 2865 3977 patrimo·

162 3994 309 4081 nii,
371 3994 567 4084 quod
621 3996 915 4085 quidam
968 4014 1054 4070 ex
1109 3996 1495 4072 donatione
1551 3997 1803 4069 clerico
1842 3996 2297 4081 adiunxerat,
2338 4014 2713 4086 nunquam
2748 4003 2860 4068 ta-

160 4123 350 4178 men
402 4123 531 4197 per
580 4107 818 4197 plures
872 4126 1102 4184 annos
1154 4116 1569 4200 perceptum
1623 4107 1886 4195 fuerat,
1946 4105 2017 4179 S.
2061 4105 2169 4195 C.,
2227 4107 2507 4179 etiamsi
2561 4107 2860 4188 clericus

156 4237 263 4296 ex
321 4217 680 4291 industria
715 4218 1140 4294 scholastica
1175 4221 1443 4293 victum
1486 4220 1623 4292 sibi
1674 4236 2090 4311 comparare
2128 4226 2394 4309 posset,
2437 4219 2854 4307 declaravit,

154 4327 512 4404 eumdem
568 4330 955 4402 donantem
1029 4333 1256 4404 teneri
1324 4333 1905 4424 supplementum
1979 4330 2378 4422 persolvere
2450 4349 2577 4421 pro
2648 4331 2860 4414 annis

155 4441 478 4531 elapsiS,
520 4459 756 4530 neque
802 4443 1124 4515 excusari
1178 4445 1642 4534 imposterum
1694 4442 1785 4515 ob
1823 4442 2107 4515 scholae
2143 4442 2597 4533 industriam,
2640 4462 2862 4536 quam

148 4552 560 4637 ordinatus
612 4569 940 4630 exercere
993 4560 1300 4645 poterat.

328 4662 502 4734 415.
543 4661 735 4737 Nihil
788 4672 1026 4754 vetat,
1084 4666 1469 4757 quominus
1520 4665 1709 4738 bona
1764 4665 1839 4737 in
1891 4665 2399 4759 patrimonium
2463 4666 2859 4740 constituta

147 4779 245 4851 in
309 4775 550 4848 aliena
602 4775 906 4852 dioecesi
961 4779 1191 4868 posita
1242 4778 1411 4851 sint.
1454 4773 1563 4874 (S.
1603 4776 1677 4850 C.
1719 4775 1935 4862 Conc.
1994 4779 2069 4849 in
2121 4779 2537 4851 Lauretana
2590 4780 2659 4851 6.
2722 4776 2862 4852 De·-
