3497 5235
634 358 751 420 432
1376 364 1741 425 tanti-unioni·
1782 365 1835 425 8.
1867 364 2048 442 congr.
2078 365 2226 426 Cone.
2267 366 2537 443 expetitio.

781 497 948 568 319.
1005 496 1318 570 Parocbo
1370 518 1496 590 per
1546 502 1861 593 scipsum
1899 505 2346 575 concionanti
2383 504 2674 576 minime
2709 503 2870 577 licet
2906 509 3287 594 praetextu

632 614 1143 704 cuiuscumque
1195 618 1638 707 paupertatis
1690 621 2184 708 praetendere,
2226 627 2307 691 ut
2345 619 2482 691 sibi
2535 625 2933 710 praestetur
2983 603 3291 691 eleemo-

630 742 839 815 syna,
896 745 1082 816 quae
1132 726 1289 797 dari
1341 729 1520 800 solet
1570 730 2182 819 praedicatoribus
2233 731 2411 803 alias
2462 731 2552 802 ab
2616 732 3078 803 universitate
3134 751 3291 802 mu-

625 837 916 929 nicipali
969 838 1238 927 elec-tm,
1295 847 1375 912 ut
1425 843 1703 913 censuit
1738 839 1811 913 S.
1844 840 1916 914 C.
1951 842 2159 916 Conc.
2203 844 2275 914 in
2324 843 2626 916 Vestana
2663 844 2782 916 20.
2818 840 3022 916 Mart.
3066 844 3283 915 1611.

628 950 822 1040 apud
873 948 1167 1022 Barbos.
1228 952 1357 1024 loc.
1401 953 1521 1027 cit.
1566 973 1637 1024 n.
1683 954 1753 1027 7.
1797 949 1967 1048 (Cfr.
2008 953 2283 1028 Ferrar.
2326 956 2540 1029 verbo
2594 955 2955 1029 Parochus
2990 956 3149 1028 Art.
3184 956 3284 1028 11.

630 1081 824 1134 nunt.
869 1062 959 1134 77
971 1059 1054 1157 .).

778 1178 945 1247 320.
1004 1173 1298 1249 Parochi
1349 1178 1819 1270 prohibentur
1856 1182 2230 1254 admittere
2269 1183 2341 1253 in
2378 1183 2527 1254 suis
2562 1181 2875 1253 ecclesiis
2910 1180 3291 1253 conciona-

628 1294 817 1360 tores
870 1287 961 1358 ab
1015 1284 1387 1360 Ordinatio
1439 1310 1567 1360 suo
1620 1310 1763 1363 non
1804 1292 2261 1384 approbatos,
2305 1295 2583 1366 etiamsi
2625 1294 3034 1386 praedicare
3070 1293 3288 1365 vellet

629 1399 888 1489 aliquis
941 1396 1357 1492 Episcopus.
1399 1400 1488 1473 Et
1528 1403 1622 1475 ita
1662 1405 1801 1473 iam
1840 1404 2050 1475 bodie
2087 1402 2222 1499 (sic
2256 1402 2532 1477 Ferrar.
2567 1406 2699 1477 loc.
2733 1408 2851 1478 cit.
2894 1425 3092 1477 num.
3127 1402 3286 1501 78.)

629 1512 869 1583 nullus
920 1514 1137 1585 etiam
1190 1534 1229 1583 a
1283 1514 1589 1606 parocho
1645 1518 1988 1588 invitatus
2039 1519 2451 1608 praedicare
2506 1526 2741 1609 potest
2789 1519 2943 1591 sine
2998 1519 3287 1590 licentia

625 1618 983 1715 Episcopi,
1015 1634 1224 1716 prout
1258 1626 1657 1698 declarasse
1686 1625 2115 1701 Clementem
2150 1626 2346 1701 VIII.
2380 1629 2699 1703 referunt
2735 1628 3062 1722 ZipaeuS,
3098 1627 3285 1702 Berti

626 1732 1074 1808 ac-Barbosa
1129 1739 1259 1809 loc.
1303 1738 1423 1809 cit.
1469 1759 1541 1809 η.
1583 1740 1656 1812 8.
1715 1741 1907 1830 apud
1963 1742 2289 1813 eumdem
2341 1740 2766 1814 Ferrarium.

772 1851 942 1921 321.
1002 1846 1082 1921 Id
1137 1860 1376 1923 autem
1430 1853 1523 1923 ita
1582 1853 2129 1944 intelligendum
2181 1861 2318 1940 est,
2360 1861 2439 1926 ut
2475 1855 2783 1946 parocho
2820 1854 3281 1926 nihilominus

627 1962 899 2052 copiam
952 1961 1182 2035 facere
1252 1962 1462 2036 liceat
1529 1964 1738 2035 alicui
1794 1965 1982 2053 viro,
2042 1967 2164 2055 qui
2216 1965 2351 2037 sibi
2405 1974 2617 2037 notus
2677 1974 2784 2038 est
2839 1973 2911 2037 et
2960 1965 3275 2038 doctrina

627 2074 874 2164 pollet,
913 2081 994 2146 ut
1044 2075 1155 2147 bis
1207 2076 1315 2147 vel
1369 2084 1476 2148 ter
1526 2077 1941 2167 praedicare
1994 2078 2240 2170 possit,
2300 2079 2430 2150 etsi
2482 2074 2813 2170 Episcopi
2862 2077 3274 2168 approbatio

627 2187 836 2278 desit.
881 2184 1190 2281 (Ferrar.
1234 2190 1363 2262 loc.
1399 2191 1520 2261 cit.
1565 2209 1639 2261 n.
1675 2188 1796 2262 79.
1839 2210 1997 2263 cum
2036 2190 2441 2263 doctoribus
2479 2190 2571 2261 ab
2608 2190 2859 2261 eodem
2895 2187 3267 2283 allegatis).

628 2294 927 2379 Quando
980 2317 1145 2371 vero
1197 2303 1648 2373 concionator
1702 2302 1963 2391 aliquis
1999 2301 2089 2373 ab
2126 2299 2476 2393 Episcopo
2513 2300 2926 2373 facultatem
2958 2299 3276 2372 obtinue-

631 2414 748 2500 rit,
807 2430 950 2483 non
1001 2420 1300 2503 possunt
1351 2413 1640 2504 parochi
1693 2415 1973 2484 veniam
2013 2413 2470 2505 praedicandi
2509 2430 2799 2504 negare,
2841 2420 2918 2485 ut
2975 2432 3015 2482 a
3072 2410 3271 2482 Sacra

629 2519 885 2614 Congr.
950 2521 1162 2596 Conc.
1220 2526 1656 2597 declaratum
1709 2525 1929 2597 fuisse
1982 2532 2289 2598 testatur
2339 2524 2649 2596 Ferraris
2702 2526 2833 2596 loc.
2876 2526 2999 2597 cit.
3043 2545 3116 2595 n.
3155 2521 3266 2595 80.

773 2638 942 2707 322.
1002 2633 1105 2708 Ex
1159 2639 1399 2710 relatis
1451 2635 1640 2710 Trid.
1682 2636 1893 2709 Cone.
1938 2637 2174 2710 verbis
2214 2641 2389 2710 Sess-
2435 2639 2506 2710 5.
2548 2657 2703 2728 cap.
2736 2639 2808 2709 2.
2852 2637 2934 2709 de
2972 2636 3262 2726 Reform.

626 2755 913 2820 cautum
967 2755 1100 2837 est,
1159 2756 1236 2822 ut
1287 2748 1602 2841 parochi,
1650 2773 1685 2814 ‹
1717 2750 1842 2821 ubi
1881 2749 1972 2821 ab
2009 2747 2359 2841 Episcopo
2394 2750 2638 2820 moniti
2679 2751 2890 2822 trium
2931 2748 3265 2819 mensium

626 2885 664 2931 »
706 2862 938 2952 spatio
992 2863 1267 2934 muneri
1322 2880 1449 2933 suo
1500 2862 1899 2948 defuerint,
1956 2881 2083 2955 per
2135 2879 2473 2933 censuras
2538 2861 3094 2947 ecclesiasticas,
3147 2876 3266 2929 seu

628 2997 666 3040 ιι
707 2975 886 3044 alias
939 2973 1030 3044 ad
1091 2975 1315 3067 ipsius
1366 2971 1698 3066 Episcopi
1761 2974 2133 3045 arbitrium
2206 2980 2571 3064 cogantur.
2618 2998 2655 3040 ›
2711 2970 2817 3044 Ex
2869 2969 3264 3045 huiusmodi

621 3086 989 3158 sanctione
1042 3082 1492 3157 Novariensis
1543 3083 1939 3176 Episcopus
1991 3085 2222 3177 legem
2274 3085 2688 3176 synodalem
2726 3103 2801 3156 se
2840 3083 3022 3156 ferre
3072 3097 3263 3174 posse

622 3199 931 3289 putavit,
989 3217 1132 3288 qua
1187 3197 1474 3288 parochi
1529 3195 1847 3270 Trident.
1890 3196 2101 3269 Cone.
2143 3199 2428 3270 decreto
2490 3197 3104 3269 contravenientes
3151 3211 3270 3285 pe-

626 3310 942 3381 cuniaria
1015 3327 1243 3400 poena
1316 3310 1854 3382 mulctarentur.
1934 3309 2018 3382 At
2072 3328 2233 3381 vero
2298 3311 2369 3381 S.
2411 3307 2662 3402 Congr.
2720 3307 2934 3382 Conc.
2993 3309 3102 3379 die
3154 3306 3257 3376 15.

621 3416 809 3493 Iunii
872 3422 1116 3509 1658„
1173 3423 1304 3494 etsi
1357 3422 1446 3494 de
1500 3429 1853 3513 potestate
1910 3419 2239 3512 Episcopi
2292 3439 2431 3493 non
2466 3421 2904 3493 dubitaverit
2942 3422 3117 3492 eirca
3150 3418 3265 3488 de-

622 3533 792 3605 creti
847 3533 1037 3603 illius
1089 3535 1641 3622 emanationem,
1701 3534 1772 3605 id
1826 3542 2066 3607 tamen
2120 3551 2266 3605 non
2319 3534 2640 3605 decuisse
2691 3532 3253 3624 responditcirca

620 3664 894 3738 poenae
934 3647 1386 3738 pecuniariae
1424 3647 1952 3738 irrogationem,
1988 3652 2167 3719 teste
2203 3643 2471 3718 Bened.
2514 3642 2703 3718 XIV.
2737 3646 2820 3719 de
2853 3648 3024 3738 Syn.
3056 3644 3247 3717 dioec.

621 3756 742 3830 lib.
788 3755 903 3832 10.
948 3779 1103 3850 cap.
1146 3757 1218 3832 9.
1261 3777 1335 3830 n.
1370 3757 1442 3831 8.

763 3872 931 3942 323.
992 3868 1165 3942 Cum
1218 3872 1400 3942 inter
1436 3867 1807 3942 Missarum
1864 3870 2206 3942 solemnia
2245 3878 2413 3942 ante
2440 3870 2549 3941 vel
2587 3877 2744 3961 post
2781 3868 3069 3960 parochi
3103 3881 3251 3938 con·

616 3984 891 4057 cionem
945 3984 1234 4055 nomina
1288 4000 1558 4071 eorum,
1599 3982 1722 4072 qui
1778 3977 2304 4055 Matrimonium
2360 3982 2467 4053 vel
2522 4000 2759 4054 sacros
2810 3977 3105 4054 Ordines
3140 3992 3248 4047 su-

614 4102 888 4193 scipere
939 4100 1263 4190 cupiunt,
1322 4116 1600 4171 necnon
1653 4098 1931 4189 vigilias
1984 4105 2056 4170 et
2107 4097 2324 4171 festos
2373 4098 2524 4170 dies
2574 4115 2701 4188 per
2743 4093 3239 4169 hebdomadam

617 4216 1066 4285 occurrentes
1118 4210 1530 4284 denuntiari
1581 4216 1947 4300 oporteat,
2004 4209 2170 4281 hinc
2223 4211 2658 4282 occasionem
2713 4210 3120 4300 arripimuS,
3163 4205 3238 4270 ut

616 4325 894 4415 aliquas
947 4323 1036 4396 de
1089 4330 1408 4414 tempore
1443 4320 1855 4393 huiusmodi
1890 4321 2469 4393 denuntiationes
2502 4320 3005 4414 promulgandi
3039 4313 3245 4388 decla·

617 4437 930 4511 rationes
982 4435 1058 4506 in
1111 4435 1423 4506 medium
1476 4431 1946 4525 proferamus.
2003 4429 2090 4503 In
2145 4432 2389 4523 primis
2441 4449 2647 4503 nemo
2702 4432 2957 4520 nescit,
2992 4433 3056 4501 in
3089 4428 3235 4515 Syn-

619 4543 936 4619 Trident.
1004 4547 1183 4619 SeSS.
1224 4544 1345 4617 24.
1399 4565 1555 4638 cap.
1621 4544 1687 4617 4.
1731 4545 1814 4616 de
1865 4545 2151 4635 reform.
2207 4549 2421 4615 matr.
2482 4543 2913 4634 praescribi,
2983 4549 3055 4614 ut
3095 4541 3244 4609 ante

617 4659 909 4746 nuptias
959 4657 1186 4728 tribus
1242 4656 1598 4728 continuis
1648 4655 1904 4728 diebus
1957 4655 2229 4728 festivis
2281 4657 2467 4727 inter
2502 4651 2877 4726 Missarum
2930 4645 3239 4725 solemnia

619 4786 662 4839 a
713 4766 1039 4857 parochis
1074 4765 1361 4857 publice
1413 4785 1835 4860 sponsorum
1873 4768 2161 4840 nomina
2199 4767 2745 4840 denuntientur.
2804 4763 3236 4840 scitissimum
