3497 5235
476 297 596 362 554
1303 305 1616 379 Commu
1655 308 1810 366 heiu
1849 308 1999 383 prbi
2044 306 2336 367 'dmi-iu.

482 438 521 513 5
568 434 728 499 VIII.
791 436 887 501 An
936 435 1194 521 aliquod
1244 437 1491 515 babeat,
1544 441 1718 524 quod
1767 439 1884 506 sibi
1936 440 2146 506 obstet
2193 442 2356 505 circa
2406 436 2787 503 exercitium
2833 438 2973 522 epi-

833 538 1102 622 scopalis
1152 537 1364 617 officii,
1419 540 1880 609 iurisdictionis
1926 541 2407 617 ecclesiasticae,
2458 559 2577 605 nec
2624 558 2752 605 non
2789 551 2967 605 tuen·

836 638 952 706 dae
1002 639 1307 708 libertatis
1344 653 1407 707 et
1440 644 1858 710 immunitatis
1908 646 2369 711 ecclesiarum.
2472 692 2487 706 .
2592 692 2606 707 .
2713 690 2729 707 .
2818 662 2966 726 paq.
3020 646 3152 708 266

483 748 522 824 5
568 744 674 810 ΙΧ.
787 747 884 809 An
929 744 1189 830 aliquod
1237 748 1415 831 pium
1468 767 1628 835 opus
1674 748 2005 836 peregerit
2049 768 2167 836 pro
2202 734 2503 823 ecclesia,
2550 765 2670 832 pro
2701 748 2963 833 populo,

835 858 944 912 aut
991 867 1111 933 pro
1157 849 1329 914 clero
1382 897 2829 917 .............
2925 874 2962 913 »
3014 851 3149 914 270

1491 1065 1747 1130 CAPUT
1795 1068 2146 1133 TERTIUM

791 1196 873 1242 nr.
921 1197 1151 1245 τκιιτιο
1199 1198 1434 1245 curru
1484 1200 1571 1245 An
1620 1201 1879 1247 cssnuu
1929 1201 2360 1248 sanentur-:n
2410 1197 2837 1247 nnuman.

483 1372 520 1445 5
569 1368 619 1430 1.
796 1369 893 1431 An
942 1365 1252 1443 canonici,
1308 1367 1637 1453 ceterique
1686 1368 1881 1434 choro
1929 1368 2162 1435 addicti
2207 1367 2606 1445 cathedralis,
2642 1378 2972 1454 metropo-

831 1469 1084 1546 litanae,
1135 1481 1243 1534 aut
1291 1470 1719 1554 patriarchalis
1770 1472 2108 1556 ecclesiae,
2160 1491 2412 1538 necnon
2450 1470 2965 1556 collegiatarum,

836 1570 1030 1637 choro
1081 1571 1318 1658 iugiter
1365 1571 1661 1638 intersint
1751 1619 2832 1639 ..........
2935 1596 2972 1637 »
3019 1574 3154 1636 272

656 1679 816 1741 Aur.
854 1678 911 1738 1.
966 1678 1056 1738 De
1097 1672 1462 1751 residentia,
1500 1676 1993 1761 praesentiaque
2027 1677 2091 1742 in
2123 1676 2320 1742 choro
2353 1675 2750 1753 exbibenda3
2787 1676 2974 1740 item-

834 1795 962 1860 que
1010 1774 1092 1841 de
1142 1776 1609 1853 vacationibuS,
1663 1788 1727 1843 et
1774 1778 2203 1845 substituendi
2254 1778 2546 1845 facultate
2580 1826 2595 1841 .
2700 1826 2716 1840 .
2817 1824 2832 1840 .
2933 1804 2968 1843 s
3018 1778 3153 1841 273

655 1880 815 1943 Aur.
853 1883 914 1944 2.
971 1882 1058 1943 De
1106 1879 1663 1946 distributionibus
1752 1929 2833 1946 ..........
2931 1906 2968 1944 »
3019 1882 3157 1944 285

654 1984 817 2047 Aur.
856 1985 921 2047 3.
972 1986 1063 2047 De
1109 1983 1498 2062 absentibus,
1538 1985 1645 2070 qui
1697 1984 2180 2052 distributiones
2229 1987 2557 2052 lucrantur
2587 1985 2691 2052 vel
2725 2003 2879 2051 non.
2936 2010 2973 2049 »
3020 1985 3154 2049 295

657 2086 815 2150 Aur.
857 2089 919 2150 4.
973 2089 1063 2151 De
1110 2085 1245 2150 aliis
1292 2088 1516 2171 poenis
1563 2097 1780 2152 contra
1843 2089 2245 2175 negligentes
2292 2099 2356 2155 et
2402 2090 2694 2155 absentes
2740 2087 2971 2154 consti-

835 2188 989 2256 tutis
1027 2235 2352 2259 ............
2454 2215 2468 2230 ·
2691 2242 2705 2256 .
2809 2237 2826 2255 .
2931 2216 2967 2255 >
3019 2190 3156 2254 319

479 2296 519 2371 5
567 2294 640 2356 Π.
785 2295 881 2359 An
940 2292 1103 2357 ultra
1152 2293 1567 2370 Matutinum,
1621 2293 1863 2360 Laudes
1926 2307 2297 2383 ceterasque
2362 2297 2508 2362 alias
2553 2295 2738 2360 horas
2785 2311 2969 2359 cano-

833 2396 1027 2473 nicas,
1080 2396 1371 2479 quolibet
1415 2395 1521 2462 die
1568 2397 1897 2464 celebrent
1945 2397 2192 2464 Missam
2239 2398 2732 2464 conventualem
2813 2444 2828 2458 .
2929 2395 3151 2457 »324

487 2500 527 2575 5
577 2499 676 2560 111.
798 2499 894 2562 An
943 2497 1233 2582 quolibet
1279 2499 1387 2565 die
1434 2518 1570 2564 eam
1620 2501 1942 2587 applicent
1988 2520 2108 2587 pro
2157 2500 2665 2567 benefactoribus
2698 2548 2713 2561 .
2813 2545 2831 2562 .
2930 2523 2966 2562 »
3016 2498 3149 2561 324

659 2601 818 2666 Aur.
857 2603 914 2664 1.
970 2603 1059 2665 De
1106 2600 1493 2689 obligatione
1541 2602 1844 2672 recitandi
1890 2603 2185 2691 quotidie
2221 2615 2426 2672 totum
2476 2601 2754 2669 officium
2804 2599 2968 2668 divi-

843 2722 998 2769 num
1038 2751 2828 2773 ................
2930 2727 2967 2766 »
3014 2705 3149 2767 325

657 2807 814 2871 Aur.
854 2811 917 2870 2.
972 2810 1060 2871 De
1109 2809 1284 2873 Missa
1334 2811 1738 2876 conventuali
1750 2854 2830 2877 ..........
2929 2832 2966 2871 »
3016 2808 3148 2871 334

478 2913 519 2989 5
568 2911 670 2974 tv.
792 2914 889 2976 An
935 2930 1074 2976 suas
1120 2910 1391 2978 babeant
1440 2914 1951 2992 constitutiones,
2004 2927 2072 2979 et
2119 2934 2219 2979 eas
2265 2912 2699 3001 punctualiter
2753 2909 2968 2974 obser·

837 3024 992 3079 vent
1029 3060 2823 3083 ................
2927 3039 2964 3078 »
3013 3015 3145 3078 342

478 3119 518 3194 5
566 3117 645 3180 V.
787 3117 908 3190 An,
962 3115 1069 3200 qui
1124 3115 1415 3183 obtinent
1462 3118 1895 3202 praebendam
1941 3120 2522 3207 poenitentiariam,
2574 3128 2682 3183 aut
2722 3115 2968 3182 theolo-

835 3216 1037 3302 galem
1062 3265 1079 3294 ,
1116 3216 1529 3304 adimpleant,
1566 3239 1728 3305 quae
1763 3220 2168 3308 adimplenda
2206 3234 2392 3298 sunt,
2431 3230 2497 3287 et
2527 3217 2856 3306 quomodo
2929 3241 2966 3281 ν
3014 3220 3148 3282 361

475 3321 515 3397 5
564 3318 666 3382 Vl.
785 3320 880 3382 An
930 3319 1187 3404 parochi
1226 3320 1289 3384 in
1321 3321 1449 3387 suis
1495 3322 1813 3406 parochiis
1859 3324 2182 3390 resideant
2218 3367 2821 3388 ......
2925 3345 2962 3386 »
3012 3322 3152 3384 381

474 3423 513 3498 5
562 3421 688 3484 vn.
784 3423 880 3485 An
915 3420 1148 3487 librum
1184 3422 1565 3491 matrimonii
1603 3436 1667 3492 et
1701 3427 2196 3512 baptizatorum,
2233 3426 2516 3510 aliosque
2547 3424 2770 3500 libros,
2806 3441 2969 3509 quos

827 3523 906 3591 ad
953 3542 1235 3589 normam
1286 3525 1523 3593 ritualis
1570 3530 1832 3595 Romani
1884 3530 2168 3596 retinere
2216 3528 2481 3607 debent,
2520 3527 2837 3593 retineant
2929 3548 2967 3590 »
3016 3527 3161 3590 395

477 3630 517 3705 5
565 3627 721 3691 Vm.
791 3629 887 3693 An
935 3627 1130 3712 aliqui
1182 3628 1468 3713 ipsorum
1516 3630 1848 3715 indigeant
1894 3632 2163 3698 aliorum
2208 3631 2608 3699 sacerdotum
2643 3648 2862 3717 opera,
2896 3638 2973 3693 ut

831 3742 1215 3797 sacramenta
1263 3734 1507 3818 populo
1554 3733 1997 3801 administrent
2102 3779 2827 3799 .......
2927 3752 2967 3795 ›
3016 3732 3158 3796 403

479 3835 520 3911 5
567 3832 678 3897 ΙΧ.
792 3838 889 3900 An
938 3834 1132 3900 iidem
1183 3852 1303 3920 per
1347 3855 1440 3914 se,
1493 3838 1592 3902 vel
1642 3856 1764 3923 per
1810 3838 1963 3903 alios
2012 3836 2302 3915 idoneos,
2335 3838 2387 3902 si
2426 3836 2714 3922 legitime
2760 3833 2971 3918 impe-

831 3935 948 4002 diti
999 3935 1273 4014 fuerint,
1325 3936 1553 4004 diebus
1598 3942 1819 4008 saltem
1867 3940 2233 4017 Dominicis,
2273 3949 2336 4006 et
2370 3938 2545 4006 festis
2573 3935 2970 4004 solemnibus

830 4037 1052 4124 plebes
1097 4039 1218 4105 sibi
1267 4043 1626 4107 commissas
1681 4061 1803 4127 pro
1848 4063 1997 4120 sua,
2053 4054 2117 4108 et
2175 4062 2390 4107 earum
2457 4040 2801 4126 capacitate
2859 4059 2976 4125 pa-

825 4153 1001 4208 scant
1044 4143 1422 4210 salutaribus
1469 4144 1702 4222 verbiS,
1757 4144 2076 4224 docendo,
2130 4164 2294 4231 quae
2327 4145 2490 4210 scire
2523 4142 2818 4209 omnibus
2857 4159 2972 4207 ne-

827 4243 1166 4311 cessarium
1215 4257 1311 4311 est
1355 4246 1433 4312 ad
1479 4248 1747 4314 salutem
1779 4296 1798 4326 ,
1864 4248 2035 4314 iuxta
2081 4248 2398 4314 monitum
2446 4245 2845 4321 Tridentini,
2898 4254 2968 4310 et

826 4347 1152 4430 praecitati
1206 4349 1468 4415 Concilii
1522 4350 1786 4417 Romani
1858 4396 2813 4414 .........
2924 4372 2963 4413 »
3013 4351 3153 4414 425

472 4451 510 4524 5
561 4448 638 4510 X.
784 4450 879 4516 An
923 4451 1143 4516 saltem
1194 4451 1561 4529 Dominicis,
1613 4463 1679 4518 et
1723 4451 1862 4518 aliis
1911 4451 2084 4519 sestis
2133 4451 2356 4519 diebus
2393 4452 2457 4518 in
2489 4450 2617 4517 suis
2654 4447 2971 4538 parochiis

827 4552 978 4620 fidei
1027 4553 1425 4634 rudimenta,
1479 4567 1543 4622 et
1590 4555 2022 4623 obedientiam
2071 4574 2216 4643 erga
2267 4560 2506 4634 Deum,
2543 4567 2610 4621 et
2643 4563 2966 4641 parenteS,

826 4673 1095 4739 pueros,
1147 4667 1524 4744 ceterosque
1569 4660 1690 4725 hoc
1736 4657 2059 4726 adiutorio
2107 4658 2470 4747 indigentes
2516 4657 2825 4736 doceant,
2894 4667 2963 4723 et
