3497 5235
557 232 634 296 74
1308 235 1680 294 humationi·
1719 236 1773 293 8.
1804 236 1989 310 Oongr.
2016 236 2166 296 Oeno.
2205 237 2477 311 expositio.

701 367 820 437 51.
862 363 1160 439 Interim
1213 375 1482 458 tamen,
1541 369 1766 442 donec
1822 369 2075 442 domus
2135 370 2569 462 parochialis
2621 375 3057 458 exstruatur,
3113 371 3228 443 vel

545 485 943 572 reparetur,
999 477 1372 574 Episcopis
1424 482 1783 573 integrum
1835 488 1944 555 est
1995 486 2431 575 permittere,
2489 487 2570 554 ut
2624 483 2900 572 possint
2933 484 3228 574 parochi

547 589 879 662 habitare
930 591 1005 662 in
1058 592 1385 664 domibus
1439 593 1810 666 conductis
1880 595 1990 668 vel
2052 595 2212 667 aliis
2263 596 2450 668 intra
2521 592 2784 666 limites
2857 597 3230 685 paroeciae

548 695 659 795 (S.
699 699 773 773 C.
815 699 889 772 C.
931 701 1007 772 in
1051 703 1376 776 Catacen.
1420 704 1490 774 3.
1535 701 1696 775 lun.
1745 701 2027 801 1635.).
2092 707 2318 797 Atque
2371 707 2588 779 etiam
2639 708 2701 778 si
2753 707 3008 779 domus
3060 726 3234 780 000-

553 813 719 885 (1001
770 821 1084 903 nequeat
1138 814 1324 885 intra
1379 817 1809 905 paroeciam,
1866 817 2080 890 iidem
2118 815 2449 909 Episcopi
2485 817 2857 909 indulgere
2894 825 3227 910 possunt,

550 931 632 997 ut
683 924 930 996 domos
984 927 1056 996 in
1109 925 1364 997 alienis
1416 928 1765 1015 paroeciis
1814 929 2273 1002 vicinioribus
2308 930 2486 1001 sitas
2523 927 2963 1001 inhabitent.
3005 925 3115 1025 (S.
3147 930 3226 1002 C.

556 1035 763 1109 Cone.
807 1038 1026 1108 Liter.
1067 1037 1334 1128 encycl.
1382 1037 1497 1108 19.
1541 1034 1729 1109 Iunii
1775 1040 2022 1127 1636„
2063 1058 2281 1129 quam
2320 1058 2550 1129 aeque
2603 1057 2688 1111 ac
2729 1040 3059 1114 Cataeen.
3101 1058 3238 1131 per

554 1151 931 1218 extensum
984 1147 1218 1238 legere
1281 1156 1388 1220 est
1454 1150 1526 1220 in
1582 1149 1967 1240 spoletana
2019 1152 2393 1240 praecitati
2462 1152 2633 1222 anni
2693 1151 2905 1223 1847.
2965 1149 3238 1223 Consu-

551 1262 741 1334 latur
793 1264 1009 1334 etiam
1063 1262 1309 1335 solium
1361 1282 1619 1336 causae
1676 1265 2080 1337 Nucerinae
2133 1266 2455 1338 Residen.
2514 1273 2581 1339 et
2632 1266 2897 1338 iuriam
2954 1266 3068 1337 10.
3114 1261 3241 1335 lu-

556 1374 658 1444 nii
717 1373 929 1445 1865.
985 1372 1059 1468 g.
1126 1371 1517 1470 Attamen).

703 1487 822 1556 52.
879 1482 1268 1575 Reliquum
1319 1493 1453 1572 est,
1512 1495 1591 1558 ut
1644 1488 1733 1559 de
1789 1488 2106 1561 eeclesiis
2177 1488 2622 1579 simplicibus
2684 1506 3007 1579 agamus.
3065 1484 3239 1558 Per-

555 1597 921 1670 commode
974 1596 1437 1669 Panimollius
1489 1598 1874 1671 multorum
1925 1597 2305 1673 Doctorum
2359 1605 2429 1677 et
2483 1603 2554 1671 S.
2598 1596 2827 1671 Rotae
2862 1595 3239 1669 Romanae

555 1707 1103 1782 auctoritatibus
1155 1706 1379 1780 fretus
1429 1708 1608 1781 haec
1658 1710 1909 1791 habet.
1934 1706 2183 1806 (decis.
2232 1710 2349 1783 15.
2401 1712 2648 1783 adnot.
2689 1710 2758 1783 1.
2801 1730 2998 1781 num.
3039 1708 3126 1781 17
3138 1761 3156 1778 .
3155 1705 3236 1804 ).·

557 1847 600 1912 ᾳ
638 1819 789 1903 000
840 1838 1006 1892 vero
1042 1819 1132 1891 ad
1171 1820 1350 1891 alias
1385 1821 1738 1894 ecclesias
1777 1823 2171 1910 1010110105,
2213 1822 2593 1894 deficiente
2629 1822 2896 1893 fabrica
2951 1828 3022 1892 et
3074 1819 3245 1892 red-

562 1959 600 2001 »
640 1931 911 2006 ditibus
964 1931 1305 2003 ecelesiae
1359 1933 1452 2004 ad
1504 1933 1658 2005 eius
1709 1935 2237 2024 reparationem
2314 1940 2386 2004 et
2440 1935 3059 2005 manutentionem
3112 1931 3245 2035 (10-

563 2071 601 2113 »
641 2045 953 2131 51103115,
1013 2044 1126 2115 vel
1181 2046 1727 2135 consuetudine,
1786 2044 1899 2116 vel
1952 2045 2213 2137 legate,
2273 2065 2400 2117 seu
2454 2046 2591 2116 alio
2644 2052 2941 2132 statute,
2996 2043 3057 2115 si
3107 2042 3249 2114 be-

564 2181 600 2224 »
640 2156 973 2229 nefieium
1027 2158 1119 2226 sit
1156 2157 1446 2246 pingue,
1487 2163 1558 2228 et
1595 2164 1767 2230 1000
1803 2163 2091 2228 tenetur
2144 2157 2361 2228 etiam
2397 2157 2695 2229 clericus
2730 2155 3238 2243 beneficiatuS,

564 2294 602 2336 ι»
643 2275 713 2340 01
767 2267 889 2338 3111
942 2266 1400 2338 ecclesiarum
1453 2272 1790 2355 rectores,
1848 2268 2014 2338 licet
2067 2267 2212 2338 5101
2263 2266 2659 2352 1010110105,
2742 2284 3104 2355 10031310,
3164 2272 3245 2337 01

493 2407 500 2420 =
563 2405 601 2447 ι»
641 2378 893 2451 3113113
951 2379 1414 2467 paramentis,
1493 2380 1772 2469 mappis
1825 2387 1894 2450 et
1948 2377 2106 2450 aliis
2156 2379 2578 2451 necessariis
2644 2377 2736 2447 ad
2805 2374 3059 2448 Missae
3123 2395 3249 2447 sa·—

564 2515 602 2557 ›
642 2489 986 2562 orificium
1037 2491 1419 2576 instruere,
1478 2491 1645 2579 quia
1700 2492 2059 2580 reparatio
2112 2491 2481 2578 ecclesiae,
2540 2490 2838 2577 eiusque
2874 2486 3247 2559 01131013-

566 2626 602 2669 »
640 2600 939 2674 bricatio
975 2608 1046 2672 et
1083 2602 1534 2691 praeparatio
1570 2607 2153 2673 ornamentorum
2189 2623 2228 2673 a
2269 2601 2422 2691 pari
2466 2600 2892 2691 procedunt,
2935 2606 3011 2671 ut
3047 2599 3246 2672 ultra

566 2738 602 2781 »
644 2710 940 2785 Genuen
952 2764 1201 2782 .....
1251 2740 1286 2778 »
1341 2709 1537 2793 Quae
1589 2713 1931 2785 doctrina·
1967 2713 2466 2785 limitationem
2501 2713 2797 2801 patitur,
2855 2712 2914 2783 si
2967 2710 3248 2783 benefi-

563 2827 752 2899 cium
805 2833 1020 2898 tenue
1100 2826 1218 2911 sit,
1276 2832 1345 2895 et
1398 2823 1826 2896 beneficiato
1877 2823 2353 2896 sustentando
2408 2825 2676 2912 impar,
2736 2821 2941 2892 modo
2993 2820 3245 2893 tamen

560 2938 1035 3010 beneficiatus
1087 2938 1237 3027 1050
1275 2935 1584 3007 resideat
1638 2943 1709 3006 et
1762 2935 2101 3008 ecclesiae
2138 2935 2510 3005 servitium
2545 2950 2979 3024 operamque
3032 2948 3250 3022 prae-

562 3053 734 3125 beat
784 3048 1093 3144 (Panim.
1156 3051 1204 3120 l.
1249 3070 1310 3121 c.
1371 3071 1443 3121 n.
1508 3048 1624 3122 19.
1692 3056 1762 3122 et
1814 3050 2019 3143 seq.).
2081 3046 2616 3120 Limitationem
2668 3046 2938 3135 patitur
2989 3045 3243 3133 etiam,

561 3175 744 3253 tum,
801 3185 964 3238 cum
1016 3165 1312 3237 00010513
1369 3164 1504 3235 1011
1540 3169 1967 3253 patronatus
2018 3162 2325 3234 obnoxia
2363 3168 2497 3233 est.
2538 3156 2725 3231 Nam
2758 3157 2829 3228 S.
2872 3155 2946 3227 C.
2990 3154 3239 3247 Episc.

563 3287 635 3352 et
687 3276 944 3370 Regni.
991 3280 1061 3347 in
1098 3276 1446 3350 Mutinen.
1489 3278 1562 3345 2.
1595 3272 1761 3345 Maii
1804 3275 2017 3348 1601.
2061 3268 2287 3366 (apud
2325 3271 2549 3361 Crisp.
2597 3270 2736 3342 Vis.
2788 3276 2975 3360 past.
3021 3269 3108 3340 P.
3139 3270 3241 3340 ΙΙ.

561 3390 635 3485 ἓ.
675 3390 790 3463 13.
834 3410 908 3460 0.
950 3384 1105 3482 11.)
1142 3392 1542 3478 opportune
1593 3386 1799 3473 haec,
1844 3405 2028 3476 quae
2068 3386 2288 3456 latine
2344 3384 2711 3466 vertimus,
2754 3380 3241 3452 decernebat:

568 3526 607 3567 ι
647 3503 719 3573 Si
771 3501 1114 3574 ecclesiae
1167 3505 1236 3569 et
1291 3498 1542 3570 altaria
1579 3502 1748 3569 sunt
1784 3497 1874 3568 de
1914 3499 2067 3567 iuro
2105 3501 2553 3587 0311003105,
2594 3511 2831 3582 neque
2886 3492 3051 3563 dote
3090 3490 3250 3582 pol-

419 3690 424 3696 ,
566 3640 607 3683 ›
646 3615 870 3701 leant,
911 3619 983 3684 et
1019 3613 1390 3703 indigeant
1429 3611 1877 3702 reparatione
1931 3615 2003 3680 et
2055 3609 2521 3693 ornamentis,
2562 3608 2621 3677 si
2661 3611 2819 3695 post
2856 3604 3250 3677 terminum

570 3750 606 3793 »
648 3726 820 3818 ipsis
871 3724 1189 3814 patronis
1245 3721 1786 3813 praefigendum
1838 3740 1985 3793 non
2062 3728 2512 3810 reparentur,
2570 3717 2729 3788 aliis
2781 3716 3248 3790 concedenda

568 3862 607 3903 ν
646 3844 841 3908 sunt:
884 3835 1100 3924 idque
1132 3833 1449 3925 procedit
1479 3836 1697 3906 etiam
1723 3840 1908 3922 tum,
1942 3852 2105 3905 cum
2135 3833 2389 3903 altaria
2418 3832 2490 3901 in
2519 3826 2983 3920 Regularium
3014 3829 3247 3901 eccle-

568 3976 607 4017 »
645 3951 768 4021 siis
807 3950 1341 4022 inveniantur.»
1375 3945 1548 4018 Vide
1578 3949 1796 4020 etiam
1828 3951 1900 4020 S.
1926 3947 1998 4020 C.
2024 3947 2346 4038 Episcop.
2379 3950 2443 4016 et
2472 3942 2714 4034 Requi.
2755 3942 2827 4011 in
2846 3942 3244 4013 Bononien.

567 4059 822 4134 Rea-ed.
853 4061 1017 4132 Ecc.
1042 4059 1334 4151 paroch.
1364 4058 1481 4131 15.
1510 4061 1670 4131 Iun.
1704 4059 1921 4132 1855.
1956 4055 2283 4149 Idipsum
2319 4058 2585 4148 pluries
2620 4053 3010 4126 declaravit
3047 4054 3120 4125 S.
3154 4051 3234 4125 C.

565 4167 854 4242 Concilii
908 4172 1328 4262 praesertim
1389 4171 1463 4241 in
1515 4171 1842 4242 Briaeien.
1892 4172 2006 4241 18.
2050 4167 2213 4241 100.
2263 4170 2512 4254 1597.;
2552 4165 2687 4236 hoe
2740 4183 2903 4235 vero
2938 4165 2997 4235 si
3054 4165 3249 4237 valet

568 4283 750 4354 circa
804 4283 1058 4353 altaria
1114 4284 1186 4353 10
1239 4281 1537 4355 00010513
1590 4282 1903 4373 regulari
1954 4283 2089 4352 5113
2124 4333 2144 4367 ,
2201 4298 2284 4351 eo
2338 4278 2589 4351 lortius
2649 4276 2835 4347 circa
2889 4275 3251 4365 capellam

570 4400 1005 4466 exstructam
1057 4396 1129 4467 in
1184 4394 1480 4466 ecclesia
1537 4394 1954 4484 parochiali,
1997 4402 2074 4465 ut
2111 4412 2361 4465 recens
2395 4392 2648 4464 eadem
2685 4390 2756 4459 S.
2798 4384 2871 4458 C.
2913 4384 3127 4460 Cone.
3171 4389 3252 4460 10

569 4505 839 4578 Fauen.
885 4506 1053 4577 Red.
1096 4506 1345 4597 capell.
1395 4506 1508 4577 10.
1553 4501 1743 4578 Iunii
1801 4506 2014 4577 1848.
2052 4523 2176 4595 per
2218 4506 2481 4577 Summ.
2517 4522 2839 4594 precum,
2879 4500 3004 4573 ubi
3039 4499 3262 4571 affer-

567 4625 688 4691 tur
736 4618 954 4691 citata
1008 4617 1334 4689 Brixien.
1389 4614 1463 4710 ξ.
1509 4616 1767 4707 Neque.
1812 4613 2116 4706 Insuper
2151 4614 2225 4685 in
2262 4616 2514 4687 eadem
2553 4616 2821 4687 Fauen.
2866 4619 3247 4706 03110005,
