3497 5235
604 348 723 411 540
1747 349 2012 426 App-mlix
2046 352 2117 409 11.

605 488 800 559 lioris
856 487 1045 559 vitae
1111 486 1420 558 transire
1470 488 1819 574 voluerit,·
1870 494 2035 559 tunc
2103 488 2293 559 enim
2361 489 2658 561 liberum
2706 496 2805 561 est
2871 491 3015 572 illi,
3051 493 3264 564 etiam

605 601 943 691 Episcopo
976 599 1526 682 contradicente,
1562 601 2068 672 monasterium
2103 600 2406 693 inqredi.
2448 597 2841 673 Concordat
2893 621 3124 673 canon
3158 621 3263 674 se-

606 714 854 803 quenti
907 713 1058 784 loco
1110 712 1404 817 relatus,
1447 712 1570 801 qui
1623 711 1873 802 incipit
1929 713 2125 785 Duae
2176 718 2394 799 sunt,·
2446 713 2518 784 in
2573 731 2716 802 quo
2769 713 3134 786 distinctio
3186 713 3264 785 fit

605 825 791 895 inter
841 824 1068 914 legem
1123 822 1488 912 publicam
1540 828 1611 894 et
1662 824 2058 914 privatam,
2117 829 2188 894 et
2238 826 2494 915 posite,
2535 824 2728 913 quod
2764 802 3056 914 publica
3108 825 3266 914 qui-

605 934 768 1006 dem
818 932 934 1006 lex
985 940 1179 1007 vetat
1232 934 1564 1007 clericum
1616 934 1707 1006 ab
1763 952 1906 1006 una
1944 935 2033 1005 ad
2088 936 2300 1006 aliam
2336 934 2708 1008 ecclesiam
2761 938 3066 1007 transire
3113 936 3264 1007 sine

607 1065 902 1119 assensu
955 1046 1218 1139 proprii
1272 1043 1648 1138 Episcopi;
1705 1049 1983 1140 privata
2020 1065 2184 1118 vero
2218 1047 2361 1136 lex,
2421 1065 2608 1138 quae
2643 1047 2986 1120 instinctu
3023 1046 3260 1118 Sancti

608 1159 915 1252 Spiritus
966 1162 1041 1232 in
1093 1160 1304 1233 corde
1356 1159 1726 1247 scribitur,
1787 1166 1857 1231 et
1908 1158 2186 1250 dignior
2236 1165 2345 1231 est
2394 1159 2549 1249 lege
2603 1157 2938 1249 publica,
2995 1175 3268 1247 nequa-

609 1291 823 1362 quam
863 1272 933 1344 id
970 1271 1301 1362 prohihet
1334 1292 1354 1362 ;
1411 1290 1496 1344 ex
1531 1269 1938 1343 huiusmodi
1973 1270 2322 1361 principio
2375 1271 2726 1361 arguitur,
2767 1270 2980 1343 licere
3015 1269 3266 1341 clerico

604 1382 1060 1471 beneficiam,
1118 1384 1333 1455 etiam
1386 1383 1917 1455 contradicente
1953 1378 2331 1473 Episcopo,
2371 1381 2803 1455 beneficium
2832 1383 3264 1472 relinquere,

607 1499 680 1565 et
730 1496 802 1565 in
858 1495 1365 1567 monasterium
1400 1512 1558 1566 sese
1593 1494 1951 1584 recipere:
2011 1516 2048 1559 ‹
2082 1492 2152 1564 Si
2207 1495 2369 1583 quis
2402 1495 2661 1566 horum
2694 1495 2770 1565 in
2807 1494 3107 1566 ecclesia
3142 1510 3268 1564 sua

610 1631 648 1671 ›
689 1605 823 1677 sub
877 1602 1227 1697 Episcopo
1278 1606 1624 1697 populum
1673 1607 1959 1694 retinet,
2017 1613 2088 1678 et
2140 1605 2603 1678 saeculariter
2659 1606 2855 1692 vivit,
2888 1605 2948 1676 si
2986 1604 3271 1676 afflatus

611 1742 648 1787 ›
690 1716 955 1808 Spiritu
1008 1725 1282 1807 sanct0,
1340 1718 1415 1789 in
1470 1718 1708 1809 aliquo
1761 1718 2189 1790 monasterio
2225 1717 2336 1789 vel
2388 1718 2698 1810 regulari
2751 1718 3098 1789 canonica
3134 1715 3270 1788 sal·

612 1853 649 1898 »
689 1847 859 1901 vare
911 1847 987 1901 se
1042 1831 1368 1919 voluerit,
1403 1831 1570 1920 quia
1625 1830 1777 1921 lege
1826 1830 2105 1919 privata
2159 1829 2470 1917 ducitur,
2526 1830 2727 1901 nulla
2784 1831 2967 1902 ratio
3021 1829 3264 1918 exigit,

613 1967 651 2007 »
693 1947 773 2013 ut
808 1941 965 2034 lege
993 1941 1281 2033 publica
1320 1941 1847 2033 obstringatur3
1886 1942 2167 2033 dignior
2192 1946 2301 2014 est
2336 1941 2524 2014 enim
2561 1941 2676 2013 lex
2711 1941 3021 2032 privata,
3057 1957 3269 2029 quam

612 2078 650 2118 ›
691 2052 981 2144 publica
1016 2060 1152 2126 etc.
1195 2051 1529 2143 Quisquis
1582 2053 1798 2145 igitur
1848 2053 1981 2125 hoc
2016 2052 2271 2144 spiritu
2315 2052 2626 2141 ducitur,
2667 2054 2882 2125 etiam
2920 2049 3270 2143 Episcopo

614 2191 650 2234 ›
692 2184 821 2237 suo
874 2166 1434 2253 contradicente,
1475 2173 1593 2238 eat
1630 2163 1810 2236 liber
1860 2170 2102 2236 nostra
2155 2166 2604 2237 auctoritate.
2643 2190 2680 2232 ι

753 2274 823 2348 S.
866 2273 1168 2348 Thomas
1201 2277 1277 2349 2.
1314 2277 1390 2349 2.
1430 2297 1548 2369 qu.
1593 2275 1761 2350 189.
1803 2283 1945 2349 ort.
1982 2276 2052 2347 7.
2097 2278 2588 2366 quaestionem
2633 2275 2992 2366 proponit,
3033 2281 3271 2347 utrum

598 2388 988 2477 presbyteri
1038 2390 1273 2460 curati
1316 2389 1593 2478 possint
1644 2388 1834 2460 licite
1886 2387 2314 2480 Reliqionem
2363 2386 2690 2479 inqredi,·
2742 2404 3051 2475 eamque
3086 2384 3275 2457 affir-

608 2498 871 2570 mative
942 2499 1273 2586 resolvit;
1328 2517 1413 2571 ea
1463 2499 1739 2572 ratione
1802 2499 2064 2571 ductus
2115 2498 2307 2588 quod
2369 2499 2567 2570 nulla
2636 2498 2792 2589 lege
2861 2496 3275 2588 obligantur

604 2613 755 2682 toto
791 2608 978 2682 vitae
1014 2616 1329 2700 tompore
1382 2630 1624 2683 curam
1678 2612 2080 2683 animarum
2121 2611 2500 2683 sustinere.
2545 2608 2935 2683 Articulum
2971 2627 3142 2681 vero
3179 2609 3275 2680 ita

606 2720 994 2810 concludit,
1054 2720 1238 2794 facta
1292 2722 1381 2794 de
1434 2723 1952 2795 archidiaconis
1987 2739 2323 2814 expressa
2362 2723 2765 2794 mentione:
2811 2744 2850 2786 «ι
2879 2718 3087 2793 Unde
3125 2740 3280 2792 ma-

615 2856 652 2901 »
694 2831 1036 2904 nitestum
1086 2840 1220 2922 est,
1263 2835 1455 2925 quod
1501 2834 2021 2907 archidiaconis
2073 2839 2144 2906 et
2196 2833 2628 2924 presbyteris
2665 2833 2929 2904 curatis
2978 2831 3151 2905 licet
3185 2832 3278 2904 ad

610 2968 648 3008 ›
693 2940 1131 3037 Religionem
1187 2947 1531 3034 transire3
1568 2971 1605 3013 ι
1661 2953 1732 3018 et
1785 2946 1999 3037 paulo
2051 2946 2281 3017 iufra:
2345 2968 2384 3010 ι
2423 2943 2842 3033 Dicendum,
2883 2944 3078 3033 quod
3118 2962 3278 3034 pre-

610 3077 649 3121 »
688 3054 957 3144 sbyteri
995 3057 1218 3127 curati
1258 3062 1329 3127 et
1365 3057 1844 3129 archidiaconi
1881 3056 2378 3150 obligaverunt
2406 3075 2480 3129 se
2511 3057 2604 3129 ad
2640 3075 2881 3128 curam
2918 3056 3276 3148 agendam

609 3189 648 3232 ›
688 3164 1162 3255 subditorum,
1198 3168 1543 3257 quamdiu
1580 3168 1909 3241 detinent
1944 3168 2628 3256 archidiaconatum,
2669 3166 2780 3238 vel
2815 3166 3272 3257 parochiam3

610 3302 648 3342 ›
687 3294 833 3348 non
888 3285 1122 3349 autem
1178 3277 1676 3370 obligaverunt
1725 3297 1804 3351 se
1856 3279 1948 3351 ad
1993 3280 2154 3368 hoc,
2195 3279 2387 3370 quod
2439 3287 2782 3371 perpetuo
2835 3277 3279 3351 archidiaco-

611 3410 648 3456 ›
690 3394 982 3477 natum,
1038 3389 1149 3461 vel
1211 3389 1621 3479 parochiam
1692 3390 2076 3464 retineant.
2126 3416 2162 3459 ›
2218 3388 2412 3463 Haec
2482 3411 2522 3461 a
2591 3390 2663 3461 S.
2713 3390 3070 3462 Antonino
3145 3408 3276 3461 sua

609 3498 899 3569 Summo
941 3518 1109 3590 par.
1143 3500 1215 3573 3.
1250 3500 1363 3572 tit.
1401 3501 1518 3575 16.
1550 3522 1706 3594 cap.
1746 3504 1821 3574 2.
1854 3500 1928 3597 ἓ.
1960 3503 2068 3589 2.,
2108 3500 2232 3574 ubi
2270 3508 2637 3593 praeterea
2673 3501 2901 3589 addit,
2933 3498 3275 3593 Episcopi

609 3608 1007 3682 dissensum
1063 3613 1355 3686 minime
1408 3613 1736 3686 obstare:
1814 3638 1853 3680 ι
1893 3614 2452 3701 archidiaconiS‚
2511 3613 2947 3704 preshyteris
3007 3615 3276 3685 curatis

609 3745 647 3788 ν
689 3720 852 3795 licet
905 3722 998 3795 ad
1049 3720 1491 3816 Religionem
1548 3726 1896 3813 transire,
1953 3728 2168 3798 etiam
2220 3723 2572 3819 Episcopo
2625 3726 3192 3798 contradicente.
3232 3750 3272 3793 ν

605 3828 801 3914 Quae
835 3832 1052 3905 verba
1081 3834 1405 3907 similiter
1438 3836 1774 3928 leguntur
1807 3837 1999 3930 apud
2027 3837 2342 3928 sylvium
2366 3836 2440 3908 2.
2464 3836 2540 3908 2.
2565 3835 3016 3928 ᾳιιαεετ.189.
3039 3835 3270 3910 art.7.

603 3943 682 4015 in
724 3951 1081 4034 postrema
1114 3947 1258 4017 eius
1295 3947 1597 4020 editione
1631 3949 2060 4041 Antuerpioe
2092 3948 2323 4040 facta,
2360 3955 2525 4020 tom.
2561 3949 2693 4020 111.
2724 3967 2895 4040 paq.
2931 3948 3108 4021 945.

752 4053 843 4128 Et
894 4058 1230 4146 quoniam
1302 4059 1516 4131 alicui
1570 4059 1643 4131 in
1698 4066 2010 4131 mentem
2060 4059 2301 4132 venire
2354 4065 2670 4150 poterat,
2726 4059 3139 4132 huiusmodi
3190 4060 3278 4130 li-

603 4166 953 4240 bertatem
1005 4171 1428 4242 transeundi
1484 4172 1575 4243 ad
1627 4172 1965 4259 claustra,
2007 4189 2191 4261 quae
2229 4170 2720 4243 saecularibus
2758 4170 3196 4262 presbyteris
3233 4190 3276 4241 a

604 4278 1000 4352 canonibus
1054 4280 1493 4370 conceditur,
1550 4282 1785 4353 locum
1838 4280 2104 4354 hahere
2158 4281 2532 4353 dumtaxat
2584 4300 2714 4373 pro
2759 4282 3091 4355 claustris
3127 4299 3279 4354 mo-

603 4392 1025 4480 nachorum,
1067 4392 1156 4463 de
1210 4392 1474 4482 quibus
1526 4393 1663 4484 ipsi
1716 4410 2027 4464 canones
2063 4411 2395 4484 expresse
2430 4394 2850 4483 loquuntur,
2891 4394 3080 4466 idem
3120 4391 3280 4485 Syl-

603 4501 788 4591 vius,
850 4502 994 4574 loco
1045 4502 1295 4586 citato,
1346 4503 1681 4593 affirmat,
1723 4522 1882 4576 eam
1919 4503 2330 4577 facultatem
2389 4522 2617 4594 aeque
2655 4511 3081 4598 competere,
3120 4507 3275 4578 sive

608 4611 696 4683 de
748 4614 1074 4686 instituto
1110 4622 1360 4706 agatur
1414 4616 2008 4706 contemplativae
2060 4617 2252 4687 vitae
2289 4616 2497 4688 unice
2533 4615 2806 4704 dedito,
2846 4617 2995 4687 sive
3030 4615 3123 4689 de
3158 4634 3271 4703 eo,

609 4720 683 4791 in
736 4740 877 4810 quo
947 4725 1133 4796 vitae
1196 4726 1469 4797 activae
1537 4744 1751 4819 opera
1802 4734 2312 4799 exerceantur:
2391 4749 2426 4792 ‹
2465 4723 2773 4798 Possunt
2824 4722 3274 4819 Religionem
