3497 5235
1107 295 1180 356 1).
1218 296 1520 357 viuitstim
1559 295 1824 357 Surorum
1861 297 2121 357 binium
2853 297 2922 362 ss

315 430 478 520 dire,
534 438 633 519 et,
690 431 884 521 quod
938 429 1236 519 ferebat,
1294 449 1480 504 more
1530 434 1968 524 praedonum
2023 433 2326 506 auferre.
2383 430 2635 506 Itidem
2689 433 2816 507 lib.
2861 437 2932 507 7.

313 544 602 634 epistola
657 543 775 615 13.
816 536 1048 639 (apud
1098 545 1312 616 Lobb.
1352 545 1401 616 l.
1442 564 1503 616 c.
1545 545 1676 616 col.
1716 542 1896 639 466)
1950 546 2039 618 36
2075 543 2501 637 Episcopum
2538 543 2940 619 virdunen-

310 673 474 743 sem,
531 651 1007 742 Theodorum,
1057 656 1379 727 similiter
1428 657 1772 746 queritur,
1829 656 2017 749 quod
2068 655 2492 751 Episcopum
2546 655 2939 731 Laodicen-

308 785 447 838 sem
505 764 647 836 AA.
714 762 856 836 LL.
923 765 1301 839 adeuntem
1352 765 1760 857 Arnulphus
1814 786 2045 841 comes
2097 768 2306 841 rebus
2357 768 2505 842 suis
2578 770 2934 859 expoliare

307 895 441 949 non
492 875 892 949 erubuerit.
950 873 1160 949 Libro
1211 879 1283 948 8.
1324 877 1622 970 epistola
1680 880 1745 950 1.
1804 872 2055 972 (Labb.
2099 880 2226 952 loc.
2268 881 2388 952 cit.
2429 880 2562 951 col.
2611 879 2790 975 456)
2845 882 2935 953 36

306 984 704 1060 Hubertum
730 986 1244 1060 subdiaconum
1270 988 1723 1077 lamentatur,
1756 990 1947 1080 quod
1987 988 2272 1082 Angliae
2299 988 2453 1063 Rex
2488 1010 2675 1062 anno
2717 993 2929 1065 1079.

307 1094 690 1191 Episcopos
740 1106 810 1172 et
869 1097 1434 1191 Archiepiscopos
1493 1101 1586 1173 ad
1640 1099 1778 1171 AA.
1820 1097 1963 1171 LL.
2029 1102 2130 1174 ire
2190 1107 2333 1173 tam
2393 1104 2804 1177 irreverenti
2862 1110 2933 1178 et

307 1210 705 1300 impudenti
756 1211 991 1281 animo
1040 1209 1468 1302 prohiberet.

441 1322 567 1392 22.
627 1319 949 1413 Denique
1002 1322 1125 1395 lib.
1187 1324 1252 1393 1.
1310 1320 1441 1414 Ep.
1485 1324 1603 1395 62.
1647 1320 1758 1419 (l.
1799 1343 1862 1397 c.
1903 1322 2152 1397 colum.
2193 1321 2376 1419 281)
2427 1326 2519 1397 ad
2561 1322 2933 1417 Hugonem

306 1431 640 1505 abbatem
692 1431 1249 1525 cluniacensem,
1304 1437 1624 1525 miratur,
1679 1454 1840 1508 eum
1879 1437 1969 1509 ad
2005 1437 2428 1511 visitandam
2471 1436 2931 1529 Apostolicam

307 1542 556 1616 Sedem
613 1562 757 1615 non
809 1547 1212 1633 accessisse,
1252 1563 1557 1636 eumque
1610 1553 1872 1637 monet,
1918 1555 1994 1620 ut
2042 1549 2151 1621 sui
2187 1550 2499 1621 muneris
2532 1556 2770 1639 partes
2806 1550 2936 1620 im-

304 1656 494 1746 plere
549 1673 695 1725 non
748 1658 1284 1745 praetermittat.
1343 1655 1432 1729 Et
1483 1658 1661 1731 libro
1712 1660 1785 1730 2.
1825 1660 2123 1750 epistola
2184 1661 2304 1731 32.
2360 1657 2529 1755 (loc.
2588 1661 2712 1732 cit.
2763 1660 2928 1732 622.

305 1786 384 1838 ac
435 1764 625 1863 323)
677 1767 768 1839 36
820 1763 1218 1839 Μ333553ι3
1267 1765 1740 1842 Rhemensem
1782 1770 2395 1862 Archiepiscopum
2432 1772 2688 1864 accipit
2724 1790 2937 1844 excu-

304 1880 653 1951 sationem
706 1878 1022 1950 eiusdem
1074 1896 1160 1949 ex
1211 1897 1322 1967 e0‚
1379 1881 1567 1971 quod
1620 1879 1761 1952 AA.
1804 1878 1945 1952 LL.
1989 1882 2272 1954 visitare
2308 1883 2728 1973 nequiverit.

444 1991 570 2060 23.
628 1984 714 2060 In
765 1988 1247 2062 Decretalibus
1297 1987 1606 2083 Gregorii
1659 1987 1788 2062 lx.
1813 1993 1909 2066 ad
1942 1993 2193 2086 capa.
2226 1990 2371 2085 Ego
2407 1989 2492 2063 N.
2535 1993 2619 2066 de
2651 1993 2791 2066 ίαν.
2827 1995 2937 2067 in-

304 2102 530 2173 rando
582 2100 846 2173 inserta
899 2108 1007 2174 est
1040 2099 1336 2173 formula
1372 2103 1777 2191 iuramenti,
1818 2123 2032 2195 quam
2085 2106 2385 2195 quisque
2434 2101 2822 2196 Episcopus
2859 2107 2931 2177 in

303 2219 464 2283 actu
515 2230 691 2283 5333
745 2214 1291 2284 consecrationis
1342 2213 1627 2304 emittit,
1681 2214 1805 2286 ubi
1858 2222 2137 2307 praeter
2189 2216 2355 2305 alia,
2413 2234 2595 2306 quae
2648 2211 2931 2286 Summo

303 2319 624 2395 Pontifici
681 2325 976 2413 eiusque
1048 2323 1571 2397 successoribus
1641 2327 1962 2398 novellus
2010 2323 2398 2418 Episcopus
2462 2328 2928 2419 adpromittit,

301 2434 550 2508 ultimo
588 2434 741 2506 loco
780 2436 1073 2527 legitur:
1136 2435 1682 2527 <Apostolorum
1734 2434 2009 2510 Limina
2044 2438 2342 2529 singulis
2394 2439 2601 2510 annis
2652 2446 2775 2510 aut
2807 2456 2935 2529 per

303 2572 339 2616 ›
378 2566 522 2637 me,
580 2556 705 2622 aut
753 2564 882 2639 per
930 2554 1193 2621 certum
1264 2550 1593 2623 nuntium
1662 2568 1893 2623 meum
1945 2548 2273 2640 visitab0,
2334 2551 2463 2623 nisi
2516 2568 2753 2623 eorum
2807 2547 2936 2620 ab·

303 2688 339 2730 »
373 2662 617 2733 solvar
666 2661 1058 2733 licentia.·›
1115 2660 1282 2736 Cum
1322 2668 1556 2736 textus
1606 2664 1738 2735 iste
1789 2660 2117 2756 Gregorio
2160 2663 2235 2734 in
2286 2660 2770 2733 Decretalibus
2806 2661 2935 2732 ad-

299 2775 608 2864 scriptus
658 2773 776 2861 sit,
854 2772 1021 2844 hinc
1094 2774 1417 2845 nonnulli
1470 2773 1765 2847 huiusce
1815 2774 2155 2847 formulae
2231 2777 2583 2845 auctorem
2661 2770 2932 2843 faciunt

301 2881 369 2956 S.
412 2881 829 2973 Gregorium
883 2882 1242 2976 Magnum,
1296 2885 1620 2957 nonnulli
1672 2882 2075 2977 Gregorium
2129 2880 2262 2974 11.,
2298 2877 2622 2956 nonnulii
2674 2879 2932 2975 Grego-

299 2997 485 3068 rium
536 2991 692 3082 1113
746 2993 1134 3069 Molinaeus
1168 3016 1328 3070 vero
1365 3018 1405 3067 a
1439 2994 1771 3088 Gregorio
1806 2993 1933 3068 IX.
1973 2999 2277 3091 primum
2314 2996 2676 3070 inductam
2713 2995 2931 3069 fuisse

299 3107 738 3179 calumniose
787 3106 1129 3180 obtrudit.
1191 3107 1273 3180 At
1321 3126 1736 3200 perperam;
1794 3127 1955 3181 nam
2008 3105 2466 3180 Gonzalezius
2517 3109 2609 3182 ad
2668 3108 2795 3180 lib.
2852 3108 2926 3179 2.

299 3215 653 3290 Decretal.
679 3217 764 3289 de
793 3219 1038 3290 eodem
1066 3220 1461 3292 iuramento
1487 3239 1732 3312 agenS,
1766 3218 2205 3292 solidissimis
2231 3223 2665 3313 argumentis
2693 3228 2935 3292 osten-

300 3330 430 3414 dit,
491 3328 814 3401 eamdem
868 3327 1238 3401 formulam
1288 3350 1328 3403 a
1381 3328 1708 3424 Gregorio
1762 3327 1919 3401 Vll.
1980 3331 2438 3424 repetendam
2490 3349 2670 3421 esse,
2729 3331 2931 3403 cuius

300 3440 703 3512 sententiae
751 3438 1211 3513 subscribunt
1242 3442 1668 3515 cordatiores
1704 3442 2023 3515 canonici
2059 3443 2230 3515 iuris
2265 3443 2713 3534 interpreteS,
2754 3460 2932 3532 quos

302 3551 493 3624 inter
523 3552 790 3624 eminet
824 3549 1246 3626 Benedictus
1280 3548 1468 3624 xlv.
1511 3553 1599 3626 de
1632 3556 1802 3644 Syn.
1838 3554 2053 3627 dioec.
2097 3553 2215 3626 lib.
2254 3553 2370 3628 13.
2413 3573 2568 3646 cap.
2605 3553 2674 3626 6.
2709 3574 2784 3625 n.
2812 3551 2930 3627 12.

445 3663 570 3733 24.
631 3660 994 3736 Paschalis
1045 3659 1175 3754 11.,
1217 3665 1336 3755 qui
1388 3661 1709 3737 Pontifex
1761 3667 2210 3738 renuntiatus
2260 3674 2365 3740 est
2435 3684 2624 3739 anno
2681 3666 2925 3755 1099„

302 3771 847 3866 Archiepiscopo
903 3773 1225 3848 Poloniae
1260 3776 1673 3868 conscripsit
1706 3776 2104 3868 epistolam,
2146 3795 2328 3869 quae
2364 3778 2637 3870 integra
2676 3777 2932 3868 legitur

306 3885 379 3956 in
456 3886 684 3978 prima
751 3887 1248 3978 compilatione
1319 3885 1595 3960 Antonii
1648 3888 2074 3980 Augustini,
2148 3907 2423 3961 necnon
2489 3889 2679 3981 apud
2747 3886 2935 3961 Lab-

301 3994 561 4069 baeum
614 3992 785 4091 (loc.
826 3999 950 4070 cit.
987 3999 1236 4070 colum.
1282 3995 1486 4095 971).
1550 3997 1766 4091 Aegre
1818 3999 2002 4072 idem
2044 3998 2622 4093 Archiepiscopus
2674 3997 2932 4073 a‘dduci

303 4115 658 4200 potuerat,
713 4115 795 4182 ut
842 4116 1361 4184 sacramentum
1414 4116 1804 4202 praestaret
1877 4130 2091 4202 super
2140 4112 2632 4204 impetratione
2703 4111 2931 4203 pallii,

306 4219 603 4311 aliisque
639 4221 729 4293 63
780 4219 1018 4309 rebuS‚
1060 4239 1239 4312 quas
1290 4223 1473 4294 inter
1514 4220 1646 4292 AA.
1689 4219 1833 4294 LL.
1871 4222 2181 4296 visitatio
2217 4221 2743 4297 recensebatur.
2790 4219 2938 4296 Ita-

306 4348 441 4420 que
492 4350 649 4403 eum
705 4333 989 4406 monuit
1027 4330 1374 4421 Pontifex,
1416 4330 1986 4425 Metropolitanos
2020 4323 2265 4406 omnes
2301 4335 2515 4408 totius
2567 4333 2787 4423 orbis,
2828 4352 2942 4407 re-

307 4443 725 4516 motissimos
775 4444 1036 4532 etiam,
1090 4451 1161 4516 et
1212 4444 1394 4516 ultra
1447 4446 1669 4538 ipsius
1720 4444 2050 4518 Poloniae
2103 4446 2282 4517 fines
2332 4445 2542 4538 longe
2617 4447 2934 4536 dissitos,

306 4562 820 4628 sacramentum
874 4555 1051 4628 illud
1123 4556 1358 4644 edere,
1413 4556 1839 4647 eosdemque
1890 4555 2379 4648 Apostolorum
2432 4555 2710 4630 Limina
2792 4576 2934 4630 non

310 4664 604 4739 triennio
656 4673 936 4740 tantum
990 4667 1331 4757 quolibet,
1386 4668 1510 4740 sed
1562 4668 1861 4759 singulis
1914 4670 2120 4741 aunis
2171 4671 2420 4743 saltem
2473 4689 2598 4762 per
2649 4670 2932 4761 delega-
