3497 5235
1037 310 1157 385 ssep.
1184 313 1278 371 111.
1317 311 1391 370 De
1429 311 1565 370 olere
1605 311 1874 369 seeeuleri.
1919 311 1974 385 g.
2001 311 2051 368 ὅ.
2761 300 2870 363 361

366 465 404 508 ‹
440 440 524 513 V.
574 441 706 532 An,
746 445 868 534 qui
920 444 1250 518 obtinent
1292 445 1777 537 praebendam
1828 445 2447 538 poenitentiariam
2503 446 2628 513 aut
2681 439 2881 511 theo-

250 554 625 645 ›logalem,
667 554 1134 647 adimpleant,
1176 575 1360 647 quae
1414 556 1872 647 adimplenda
1924 563 2120 644 suut,
2174 563 2242 629 et
2297 545 2696 644 quomodo?
2736 574 2773 619 »

351 780 774 844 Suuuaumn.
829 779 981 843 177.
1032 780 1122 843 De
1170 776 1450 866 theologi
1501 788 1564 843 et
1610 776 2085 863 poenitentiarii
2146 793 2413 863 persona
2462 793 2531 841 ac
2578 789 2868 839 munere.

242 880 439 943 -178,
494 879 673 944 Nulla
722 897 754 943 a
804 879 941 945 iure
991 881 1293 946 canonico
1343 893 1406 946 et
1457 883 1649 948 Conc.
1688 878 1863 945 Trid.
1918 877 2115 945 forma
2162 877 2547 966 praescripta
2610 887 2703 942 est
2756 893 2876 962 pro

241 979 547 1066 utriusque
595 981 999 1068 praebendae
1048 982 1405 1049 collatione.
1445 986 1526 1049 At
1572 1002 1691 1070 pro
1739 983 1907 1048 ltalia
1956 993 2019 1049 et
2052 981 2268 1048 insulis
2299 980 2729 1046 adiacentibus
2760 983 2876 1045 Be·

238 1081 364 1148 ned.
401 1086 565 1148 xm.
615 1103 991 1151 concursum
1039 1084 1116 1150 ad
1168 1086 1360 1151 instar
1404 1084 1849 1172 parochiarum
1902 1084 2176 1151 induxit.
2208 1084 2437 1149 -179,
2487 1085 2553 1149 In
2600 1082 2873 1148 volumi-

239 1203 305 1250 ne
333 1187 421 1249 lll.
455 1186 576 1252 sub
608 1207 673 1253 n.
699 1191 808 1254 28.
838 1188 1140 1254 afferetur
1165 1187 1432 1255 Constit.
1454 1187 1877 1253 Bened.XlV.
1913 1206 2108 1275 super
2139 1205 2449 1253 concursu
2482 1185 2675 1273 incip.
2715 1187 2878 1251 Cum

237 1285 397 1353 illud.
426 1325 470 1337 -
500 1292 649 1355 180.
703 1292 872 1385 Quae
918 1291 1350 1357 solemnitates
1400 1292 1464 1357 in
1499 1289 1987 1375 parochialibus,
2025 1288 2285 1354 eaedem
2321 1287 2385 1354 in
2420 1287 2876 1375 theologalibus

238 1399 291 1454 et
315 1392 821 1478 poenitentiariis
867 1393 1249 1479 praebendis
1294 1392 1642 1460 servandae
1687 1401 1875 1471 sunt3
1925 1390 2049 1458 nisi
2091 1388 2264 1478 quod
2299 1392 2360 1457 in
2397 1390 2514 1456 illis
2562 1390 2876 1455 examina·

234 1500 377 1559 tores
411 1493 658 1561 debent
707 1514 841 1560 esse
872 1494 1241 1579 synodaleS,
1280 1508 1343 1561 et
1377 1496 1440 1562 in
1474 1495 1572 1561 his
1605 1505 1872 1582 possunt
1907 1495 2094 1561 etiam
2128 1511 2256 1558 non
2288 1491 2645 1576 synodales,
2681 1489 2876 1557 modo

235 1593 515 1663 licentiati
567 1616 637 1662 ac
682 1596 866 1664 valde
914 1598 1133 1686 periti.
1189 1599 1259 1664 Hi
1313 1608 1523 1664 tamen
1572 1596 1813 1663 debent
1846 1615 1979 1662 esse
2021 1608 2297 1682 quatuor
2343 1605 2406 1659 et
2454 1594 2517 1660 in
2564 1591 2877 1679 parochiis

233 1712 473 1782 possunt
522 1719 659 1767 esse
707 1712 864 1766 tres.
897 1738 939 1751 -
980 1705 1127 1767 181.
1183 1702 1277 1768 Ab
1327 1701 1666 1786 utriusque
1713 1701 2118 1788 praebendae
2166 1717 2474 1764 concursu
2532 1696 2722 1763 datur
2765 1714 2876 1783 ap-

228 1802 466 1886 pellatio
515 1802 592 1867 ab
628 1803 1037 1869 irrationabili
1078 1802 1317 1869 iudicio
1353 1803 1679 1891 Episcopi,
1716 1814 1781 1869 et
1813 1803 1971 1868 mala
2005 1800 2311 1868 relatione
2346 1799 2868 1865 examinatorum.

230 1907 433 1970 -182,
488 1905 748 1991 Triplex
800 1905 1267 1992 inspiciendum
1317 1916 1410 1972 est
1461 1919 1734 1992 tempuS,
1786 1925 1913 1992 quo
1964 1904 2105 1991 quis
2153 1902 2563 1969 reiectionem
2606 1900 2866 1987 patitur,

227 2021 443 2092 nempe
492 2017 638 2072 ante
672 2006 1207 2093 descriptionem,
1243 2019 1387 2094 post
1419 2007 1944 2097 descriptionem,
1980 2016 2125 2092 post
2160 2024 2446 2071 examen.
2485 2002 2598 2081 Qui
2636 2023 2713 2068 ex
2743 2002 2870 2068 sin-

225 2107 369 2191 gulis
415 2109 662 2175 casibus
695 2121 1170 2196 consequantur
1202 2110 1489 2188 effectuS,
1527 2112 1906 2197 explicatur.
1938 2146 1981 2157 -
2016 2111 2170 2174 183.
2206 2107 2266 2175 Si
2302 2105 2590 2173 desectus
2624 2105 2688 2170 in
2722 2123 2874 2170 con·

223 2226 393 2276 cursu
426 2210 681 2276 admissi
738 2231 867 2278 non
924 2223 1180 2301 tangant
1235 2213 1648 2281 intrinsecum
1687 2211 1963 2279 iustitiae
1998 2210 2341 2286 meritum,
2399 2207 2510 2273 sed
2557 2206 2720 2273 circa
2772 2225 2870 2271 so-

223 2310 569 2378 lemnitates
616 2313 1001 2379 extrinsecas
1050 2316 1486 2382 tantummodo
1534 2325 1898 2391 versentur,
1935 2322 2150 2400 potest
2197 2316 2260 2379 S.
2302 2313 2371 2376 C.
2413 2307 2725 2375 eiusmodi
2759 2307 2869 2374 de-

218 2410 409 2480 sectus
457 2435 570 2480 sua
602 2416 977 2482 auctoritate
1008 2435 1252 2482 sanare.
1288 2420 1467 2484 Plura
1503 2420 1568 2484 in
1603 2417 1666 2484 id
1699 2416 2054 2484 afferuntur
2087 2415 2401 2499 exempla.
2435 2449 2478 2460 -
2513 2415 2660 2478 184.
2700 2413 2873 2478 lnter

218 2518 592 2602 approbatos
638 2518 714 2583 ab
763 2518 1297 2585 examinatoribus
1346 2521 1453 2586 uni
1505 2520 1823 2607 Episcopo
1870 2519 1966 2584 ius
2017 2528 2111 2584 est
2158 2517 2438 2605 eligere,
2491 2532 2688 2600 quem
2738 2515 2872 2600 ipse

214 2616 568 2706 digniorem
607 2620 1008 2699 iudicaverit,
1048 2623 1285 2689 etiamsi
1322 2625 1568 2690 minora
1600 2624 1719 2689 iste
1750 2624 1826 2689 ab
1861 2622 2393 2689 examinatoribus
2423 2616 2872 2707 suffragiorum

214 2735 438 2805 puncta
492 2724 812 2790 retulerit.
851 2762 894 2773 -
930 2728 1080 2791 185.
1115 2724 1375 2804 Quando
1427 2724 1707 2814 eligendi
1762 2729 1856 2791 ius
1889 2724 1966 2790 ad
2003 2724 2364 2810 Capitulum
2399 2723 2704 2809 pertinet,
2746 2720 2873 2786 ele-

211 2824 328 2888 ctio
375 2824 694 2912 dignioris
742 2825 818 2891 ad
867 2827 1253 2913 Episcopum
1302 2830 1608 2915 pertinet,
1663 2839 1727 2892 et
1778 2827 2069 2913 Capitulo
2119 2825 2283 2892 nuda
2317 2821 2740 2910 praesentatio
2772 2841 2870 2888 re-

211 2923 544 3011 linquitur.
582 2965 625 2976 -
662 2932 809 2994 186.
865 2931 1001 2996 Non
1050 2938 1144 2996 est
1192 2943 1480 3008 certum,
1533 2950 1607 2996 an
1659 2929 1830 2995 idem
1879 2928 2118 3005 valeat,
2172 2946 2315 2993 cum
2366 2925 2727 3012 Capitulum
2777 2925 2871 2989 ius

204 3030 573 3096 nominandi
625 3030 814 3096 habet
862 3050 938 3096 ex
990 3031 1172 3097 titulo
1221 3032 1374 3099 iuris
1422 3044 1806 3120 patronatus.
1849 3068 1891 3081 -
1935 3035 2084 3098 187.
2140 3031 2419 3114 ldipsum
2465 3026 2673 3104 valet,
2726 3043 2871 3091 cum

207 3128 522 3198 institutio
569 3132 647 3198 ad
696 3133 913 3210 alium,
965 3154 1153 3221 quam
1205 3136 1615 3224 Episcopum,
1654 3154 1710 3200 e.
1743 3156 1805 3223 g.
1845 3135 1919 3201 ad
1955 3139 2287 3202 Summum
2321 3128 2690 3197 Pontificem
2723 3143 2869 3217 per-

201 3234 383 3300 tinet.
444 3234 711 3311 Quando
757 3235 1120 3322 praebenda
1167 3248 1366 3316 vacat,
1417 3237 1572 3304 sede
1624 3238 1965 3325 episcopali
2000 3247 2287 3314 vacante,
2323 3235 2426 3301 vel
2460 3253 2679 3300 mense
2711 3237 2871 3299 Pon-

198 3332 417 3414 tificio,
444 3339 512 3402 in
540 3335 680 3401 iure
704 3350 1071 3423 patronatus
1095 3341 1281 3405 etiam
1311 3340 1758 3417 ecclesiastico,
1784 3340 2082 3405 canonica
2108 3338 2420 3405 institutio
2447 3356 2573 3404 non
2601 3341 2666 3405 S.
2690 3334 2865 3413 Sedi,

191 3438 299 3504 sed
349 3439 722 3518 ordinario,
777 3440 940 3508 idest
987 3443 1237 3510 Vicario
1275 3443 1616 3531 Capitulari
1660 3443 1999 3530 competit,
2036 3443 2329 3529 adeoque
2362 3442 2589 3508 electio
2624 3438 2874 3527 dignio-

190 3542 273 3608 ris
321 3554 610 3627 patrono
657 3547 824 3611 salva
874 3560 1181 3615 remanet.
1223 3586 1265 3599 -
1301 3553 1447 3616 188.
1506 3552 1807 3616 Ceterum
1842 3560 2147 3635 patronus
2179 3548 2641 3614 ecclesiasticus
2672 3544 2870 3630 magis

190 3642 472 3732 dignum
525 3656 590 3712 et
638 3646 945 3715 idoneum
996 3649 1166 3716 inter
1209 3651 1586 3738 approbatos
1635 3652 1872 3738 eligere
1923 3662 2203 3718 tenetur.
2254 3651 2605 3737 Episcopus
2657 3659 2870 3713 autem

176 3942 616 4005 Albinqanen.
661 3940 900 3990 Iar-ium
939 3942 991 3994 2.
1032 3943 1179 4007 Aug.
1224 3941 1382 3995 1856.
1411 3972 1446 3983 —-
1473 3944 1822 3998 Consuetudo
1858 3943 2377 3998 constitutionibus
2416 3938 2717 4004 derogandi
2751 3940 2867 3990 vim

174 4026 388 4090 luben
426 4025 599 4077 debet
627 4029 814 4078 temen
840 4042 960 4078 esse
987 4026 1242 4091 legitime
1271 4032 1642 4096 praescripta.
1679 4031 1951 4080 Romana
1982 4030 2219 4079 Iar-ium
2251 4043 2348 4092 per
2382 4028 2533 4080 Sum.
2563 4041 2650 4091 pr.
2682 4024 2862 4089 1747.,

181 4110 531 4160 cathacen.
578 4110 837 4162 Diaerih.
877 4110 965 4162 27.
998 4114 1119 4165 Ian.
1153 4112 1304 4165 1866.
1351 4112 1673 4178 Capitulum
1700 4117 1888 4180 potest
1914 4112 2154 4167 condere
2192 4116 2415 4165 statute
2452 4125 2613 4162 suum
2649 4110 2739 4161 ius
2778 4109 2869 4161 vel

166 4195 475 4246 interesse
517 4194 919 4260 respicientia,
963 4196 1075 4248 etsi
1123 4199 1318 4248 contra.
1369 4197 1831 4251 consuetudinem
1873 4202 2101 4251 eatenus
2150 4198 2464 4248 insolitam.
2512 4194 2864 4246 Nicoraten.

170 4280 369 4328 stalli
417 4292 527 4342 per
564 4279 716 4331 Sum.
747 4295 831 4345 pr.
864 4280 954 4335 23.
995 4281 1131 4333 Feb.
1164 4282 1320 4335 1848.
1367 4281 1738 4334 Macer-acen.
1773 4283 1858 4335 13.
1891 4284 2045 4346 Sept.
2081 4282 2260 4347 1856„
2291 4283 2387 4335 ubi
2416 4297 2511 4347 per
2539 4281 2688 4334 Sum.
2717 4296 2864 4345 pree.

160 4364 240 4416 De
271 4359 713 4417 consuetudine
736 4368 934 4415 contra
961 4370 1262 4432 statutum,
1289 4381 1432 4433 quae
1463 4366 1636 4418 nihili
1663 4367 1861 4418 habita
1890 4373 1997 4431 est,
2025 4366 2423 4430 Fulqinaten.
2446 4367 2675 4420 5.Iunii
2707 4365 2867 4418 1856.

158 4466 262 4516 per
291 4451 476 4504 Sum.
509 4462 678 4513 prec.,
710 4449 836 4514 ubi,
871 4450 1295 4504 contradicente
1334 4450 1635 4503 medietate
1674 4452 1931 4516 Capituli
1960 4449 2230 4516 derogata
2254 4455 2342 4504 est
2370 4453 2561 4516 gratie.
2590 4450 2870 4505 retinendi

156 4534 359 4600 stalli,
401 4548 654 4599 namque
683 4537 905 4587 statute.
929 4537 1397 4589 adversabantur.
1440 4534 1572 4589 vid.
1604 4550 1771 4600 supra
1798 4551 1925 4600 pag.
1961 4536 2085 4588 345.
2118 4537 2479 4602 Perpetuitas
2505 4537 2567 4589 iu
2595 4537 2868 4590 electione

158 4619 527 4673 officialium
556 4617 807 4683 Capituli
834 4636 941 4673 nou
963 4622 1303 4674 sustinetur.
1332 4619 1457 4674 8.(3.
1482 4620 1672 4687 Episc.
1700 4621 1758 4672 et
1787 4621 1989 4684 Begul.
2025 4621 2403 4677 camerinen.
2436 4637 2603 4691 super
2630 4623 2867 4677 official.

153 4707 453 4777 Capituli
504 4704 586 4756 13.
628 4706 767 4758 Maii
808 4706 962 4761 1857.
