3497 5235
1054 280 1173 355 ⁰⁸1³·
1200 283 1295 343 111.
1334 283 1407 342 Do
1446 283 1581 342 olm
1615 284 1886 343 namuri.
1928 287 1984 360 ἓ.
2011 285 2092 344 12.
2782 285 2891 348 471

258 439 290 482 ›
330 414 575 487 eadem
629 412 900 488 Rvmus
951 412 1349 508 Episcopus
1398 415 1482 489 L.
1527 414 1952 513 (adiacentis
1988 419 2365 516 dioecesis)
2403 418 2710 512 gaudeat
2760 420 2917 493 sibi:

256 551 288 594 ›
325 526 602 597 collata.
649 551 686 595 »
1524 596 1527 599 ,
2909 598 2913 604 .

390 635 727 711 Precibus
778 658 937 711 cum
991 641 1730 714 animadversionibus
1783 660 1868 713 ex
1921 641 2148 713 officio
2201 661 2430 713 coram
2503 640 2574 715 S.
2634 640 2889 734 Congr.

251 751 615 839 propositis
664 751 780 823 die
816 752 936 823 29.
976 751 1239 843 Aprilis
1294 755 1506 825 1871.
1549 771 1623 826 re
1660 754 1748 825 de
1801 771 1991 824 more
2028 753 2422 843 disceptata
2474 755 2892 843 rescriptum

248 861 542 951 prodiit:
2913 938 2918 943 ,

274 1004 283 1037 ε
388 994 426 1036 ς
464 968 551 1042 ln
602 991 769 1045 casu
824 975 1191 1064 peculiari,
1240 975 1329 1048 de
1383 995 1524 1065 quo
1578 977 1837 1067 agitur,
1894 975 2445 1067 supplicandum
2498 973 2711 1046 SSmo
2763 995 2891 1066 pro

251 1106 285 1163 »,
322 1084 543 1173 gratia
596 1085 686 1156 ad
739 1084 1192 1157 decennium.
1238 1113 1274 1154 »
1316 1083 1520 1181 (vActa
1574 1087 1645 1159 S.
1690 1088 1892 1159 Sedis
1943 1087 2082 1158 vol.
2128 1083 2285 1157 VII.
2327 1105 2492 1178 pag.
2537 1084 2696 1182 69.)

386 1196 458 1265 3.
500 1191 897 1287 Episcopus
923 1194 1012 1267 R.
1047 1198 1348 1289 supplici
1380 1198 1619 1270 libello
1656 1197 2223 1271 sacratissimum
2250 1195 2647 1288 Principem
2686 1199 2889 1287 adiit,

246 1307 663 1397 exquirens:
708 1332 747 1371 «
787 1315 1022 1380 utrum
1078 1310 1433 1396 sacerdos,
1475 1313 1597 1401 qui
1650 1311 1902 1383 diebus
1938 1309 2321 1382 Dominicis
2373 1317 2443 1382 et
2478 1310 2748 1382 festivis
2783 1329 2897 1382 se·-

246 1442 285 1491 »
320 1418 625 1491 cundam
677 1416 962 1491 Missam
1014 1440 1141 1511 pro
1196 1422 1438 1512 populi
1496 1424 1919 1495 necessitate
1969 1421 2324 1508 celebrat,
2385 1421 2657 1492 nullam
2709 1423 2895 1494 acci-

244 1552 283 1595 »
320 1529 520 1618 piens
570 1531 1123 1622 eleemosynam,
1200 1552 1331 1605 nec
1381 1535 1677 1624 proinde
1730 1535 1955 1605 ullum
2016 1534 2474 1623 aliquatenus
2522 1553 2608 1607 ex
2661 1535 2892 1624 appli-

248 1664 287 1707 »
324 1647 479 1713 cata
519 1642 742 1714 altera
782 1640 989 1716 Missa
1029 1646 1429 1736 percipiens
1465 1645 1772 1736 speciale
1807 1645 2388 1733 emolumentum,
2423 1646 2644 1735 possit
2680 1644 2893 1717 buius

244 1776 283 1819 ι
321 1749 574 1825 Missae
610 1754 918 1827 fructum
955 1757 1316 1846 applicare
1368 1776 1742 1848 personae,
1787 1776 1972 1847 quae
2008 1757 2094 1828 ad
2154 1757 2341 1828 illam
2392 1756 2891 1829 celebrandam

247 1862 633 1939 »fabricae
702 1866 900 1939 dedit
950 1874 1215 1941 certam
1270 1870 1614 1958 pecuniae
1666 1887 2016 1941 summam
2074 1887 2234 1939 cum
2285 1867 2422 1939 hac
2488 1868 2892 1940 conditione

246 1983 672 2070 ›apposita.
740 1982 1471 2055 Animadvertendum
1536 1984 1773 2072 qnod,
1850 1982 1983 2052 nisi
2062 1980 2473 2052 benefactor
2540 1998 2889 2051 summam

243 2094 757 2182 »praedictam
834 2094 1175 2185 elargitus
1244 2093 1507 2182 fuerit,
1565 2112 1746 2165 onus
1816 2092 2162 2166 incumbit
2235 2094 2365 2182 ipsi
2436 2091 2747 2164 fabricae
2804 2111 2892 2163 ex

242 2206 619 2295 »propriis
687 2208 1020 2297 expensis
1093 2206 1415 2278 eamdem
1477 2207 1852 2296 pecuniam
1924 2206 2138 2276 veluti
2209 2205 2471 2276 laboris
2541 2223 2624 2277 ac
2675 2205 2894 2276 mole-

240 2320 495 2389 »stiae
549 2319 1194 2411 compensationem
1264 2318 1585 2390 solvendi
1662 2317 2053 2396 sacerdoti.
2107 2318 2226 2405 qui
2301 2322 2671 2407 propterea
2745 2335 2889 2388 non

241 2454 282 2495 »
320 2429 554 2500 minus
591 2431 890 2521 percipit
928 2432 999 2500 in
1037 2432 1404 2520 posteriori
1443 2450 1640 2517 casu,
1684 2449 1898 2520 quam
1938 2433 2010 2501 in
2063 2431 2302 2521 priori.
2346 2426 2523 2500 Nam
2562 2431 2632 2500 in
2671 2430 2886 2520 priori

239 2564 281 2608 ι.
316 2543 760 2613 commodum
816 2542 1091 2633 proficit
1143 2543 1271 2614 soli
1326 2542 1663 2632 fabricae,
1709 2561 1850 2614 non
1902 2549 2140 2614 autem
2192 2543 2568 2630 sacerdoti,
2612 2542 2734 2632 qui
2781 2547 2891 2613 ta-

237 2676 278 2720 >
316 2671 479 2725 men
532 2652 814 2726 Missam
869 2656 1085 2728 veluti
1141 2674 1266 2745 pro
1322 2657 1632 2745 quadam
1688 2657 1803 2746 pia
1861 2655 2278 2727 fundatione
2331 2653 2671 2726 celebrat.
2718 2681 2753 2724 »

383 2767 458 2837 S.
499 2764 577 2838 C.
617 2766 691 2838 C.
731 2769 867 2840 sub
919 2768 1037 2840 die
1092 2771 1160 2841 1.
1213 2767 1473 2860 Aprilis
1530 2771 1742 2843 1876.
1803 2788 2015 2841 causa
2069 2770 2394 2860 cognita,
2460 2767 2890 2857 respondere

233 2880 556 2953 censuit:
631 2904 667 2945 ‹
705 2877 861 2952 Non
914 2881 1151 2952 licere.
1190 2905 1227 2949 »

244 3039 253 3046 -
380 2991 452 3062 4.
494 2986 886 3081 Episcopus
938 2988 1023 3062 N.
1069 2993 1140 3062 in
1178 2989 1408 3063 Gallia
1446 2994 1796 3083 exposuit,
1840 2992 1931 3062 ab
1985 3009 2176 3063 anno
2234 2991 2447 3062 18t2.
2488 2989 2891 3062 institutam

229 3101 452 3174 fuisse
508 3104 576 3174 in
633 3122 762 3175 sua
842 3104 1149 3176 dioecesi
1203 3105 1649 3176 sacerdotum
1718 3103 2347 3194 Congregationem
2420 3101 2493 3171 S.
2551 3096 2882 3188 Iosephi,

230 3213 680 3304 indulgentia
734 3233 775 3286 a
828 3216 899 3285 S.
941 3210 1122 3287 Sede
1176 3216 1501 3303 ditatam,
1544 3216 1745 3286 cuius
1796 3214 2076 3287 sodales
2128 3213 2346 3285 semel
2391 3230 2517 3302 pro
2570 3229 2895 3299 unoquo·

228 3343 371 3415 que
421 3327 789 3398 sacerdote
842 3326 1196 3399 confratre
1251 3327 1587 3399 defuncto
1640 3322 1925 3398 Missam
1991 3325 2346 3396 celebrare
2416 3322 2708 3394 debent.
2766 3319 2895 3394 Sa·

232 3437 581 3523 cerdoteS,
622 3438 885 3528 quibus
919 3439 1170 3511 binare
1225 3456 1637 3511 concessum
1674 3442 1781 3508 est
1816 3437 2069 3510 diebus
2116 3435 2497 3508 Dominicis
2533 3440 2603 3506 et
2660 3434 2882 3521 festiS,

228 3547 620 3620 secundam
674 3549 967 3621 litarunt
1006 3546 1286 3621 Missam
1325 3568 1450 3640 pro
1487 3548 1842 3623 defunctis
1877 3547 2378 3634 confratribuS,
2422 3546 2881 3633 arbitranteS,

230 3657 301 3728 id
355 3677 431 3729 se
487 3657 717 3734 facere
772 3678 975 3751 posse
1032 3667 1181 3732 tuta
1234 3663 1692 3734 conscientia.
1740 3661 2067 3732 Attamen
2120 3678 2277 3731 cum
2334 3659 2633 3731 dubium
2687 3677 2893 3732 exor-

229 3775 386 3841 tum
440 3769 649 3842 fuerit
699 3773 881 3843 circa
936 3773 1282 3844 eiusmodi
1336 3774 1595 3862 agendi
1647 3773 1959 3860 modum,
2017 3767 2437 3843 Ordinarius
2489 3771 2883 3861 quaesivit:

382 3902 419 3945 «ι
465 3880 567 3951 An
622 3879 833 3953 Missa
886 3882 1280 3955 binationis
1332 3886 1566 3957 offerri
1619 3886 1867 3976 possit,
1926 3884 2129 3955 utin
2182 3901 2396 3970 casu,
2456 3901 2583 3974 pro
2634 3881 2893 3954 defun-

227 4016 269 4062 »
313 3994 449 4064 ctis
501 3991 1026 4067 confratribus?
1068 4020 1104 4061 »

379 4104 452 4175 S.
494 4101 568 4174 C.
610 4103 683 4176 C.
728 4107 896 4177 visis
948 4107 1279 4178 videndis
1330 4106 1463 4179 sub
1518 4108 1632 4179 die
1689 4108 1805 4177 14.
1849 4105 2284 4197 Septembris
2340 4104 2551 4175 1878.
2596 4121 2889 4194 respon-

220 4217 401 4289 dere
455 4219 775 4290 censuit:
838 4240 875 4282 ι
938 4214 1201 4290 Licere.
1265 4244 1301 4285 »
1362 4214 1565 4312 (Acta
1619 4219 1690 4289 S.
1733 4216 1938 4289 Sedis
1990 4217 2128 4287 vol.
2171 4213 2299 4286 XI.
2341 4234 2506 4306 pag.
2550 4213 2759 4309 283.)

228 4507 241 4513 -
382 4462 419 4504 ι
459 4436 626 4510 XII.
676 4438 810 4527 An,
849 4448 921 4513 et
975 4459 1157 4530 quae
1196 4442 1776 4531 praemittantur,
1831 4446 2218 4529 antequam
2266 4439 2426 4527 quis
2463 4438 2553 4509 ad
2589 4438 2891 4528 primam

212 4575 258 4621 ι
303 4559 677 4626 tonsuram
731 4560 801 4625 et
858 4553 1160 4624 minores
1213 4548 1514 4623 Ordines
1565 4552 2014 4638 admittatur,
2071 4558 2141 4623 et
2193 4570 2287 4621 an
2332 4552 2552 4623 sacris
2604 4547 2889 4623 Ordini-

216 4688 264 4734 ν
309 4663 450 4736 bus
501 4664 835 4738 initiandi
872 4671 1040 4737 ante
1075 4664 1590 4754 cuiuscumque
1640 4658 1929 4736 Ordinis
1977 4664 2158 4735 sacri
2210 4663 2714 4755 receptionem,
2754 4664 2892 4756 piis
