3497 5235
556 253 674 319 290
1312 253 1682 312 Instructius·
1725 252 1780 311 8.
1807 251 1992 325 Gongr.
2022 250 2167 311 ῦοιιο.
2197 252 2468 328 expositio.

553 396 1029 482 punctaturae
1084 387 1333 458 maiori
1367 385 1850 474 subiacerent,
1907 386 1981 457 S.
2022 382 2097 457 C.
2139 384 2215 459 C.
2276 405 2423 458 non
2476 385 2783 472 censuit,
2825 384 3229 477 augendam

553 520 710 575 esse
765 517 1080 571 annuam
1135 502 1729 588 punctatum—rum
1766 515 2117 568 summam
2155 514 2283 587 pro
2323 497 2783 584 canonicatu,
2829 514 3046 586 quem
3084 496 3231 586 ipse-

481 667 486 672 .
552 610 994 707 possidebat.
1052 606 1476 680 Huiusmodi
1545 626 1835 680 causam
1906 608 2407 679 tantummodo
2473 626 2588 680 ex.
2645 625 2749 699 gr.
2811 606 3227 696 attulimus;

555 741 870 813 namque
922 740 1048 813 per
1098 721 1170 793 id
1223 725 1509 810 tempus
1562 719 1948 793 admodum
2002 720 2315 792 adaucta
2369 721 2601 812 pretia
2656 720 2996 792 mercium
3050 722 3232 792 circa

555 854 670 908 res
722 836 907 907 vitae
959 832 1402 905 necessarias
1453 833 1528 903 in
1581 851 1797 905 causa
1851 848 2007 903 esse
2053 839 2359 921 queunt,
2402 837 2480 903 ut
2518 850 2703 921 quae
2740 839 2954 903 antea
2992 834 3233 925 magni

559 948 897 1020 momenti
950 952 1182 1033 erant,
1237 944 1520 1017 levioris
1574 943 1875 1016 fortasse
1925 944 2179 1015 effecta
2236 942 2535 1016 fuerint.

706 1061 827 1130 37.
883 1055 1083 1140 Quod
1137 1057 1446 1147 pertinet
1500 1055 1593 1126 ad
1646 1054 2216 1142 distributioneS,
2268 1073 2453 1145 quas
2505 1057 2846 1128 amittunt
2898 1055 3232 1127 absentes

560 1171 677 1269 (ac
728 1171 1028 1263 proinde
1080 1171 1295 1241 etiam
1353 1169 1444 1240 ad
1481 1173 1979 1259 punctaturaS,
2018 1186 2147 1241 seu
2185 1169 2689 1240 mulctatitiam
2726 1170 3109 1262 pecuniam
3144 1168 3230 1240 ab

558 1289 810 1361 iisdem
866 1282 1289 1357 absentibus
1338 1276 1916 1374 persolvendam)
1982 1280 2226 1369 aliqua
2279 1280 2519 1370 specie
2569 1287 2784 1353 tenus
2834 1280 3233 1353 differentia

554 1400 836 1472 videtur
870 1413 1025 1468 esse
1076 1389 1265 1466 inter
1300 1413 1456 1484 cap.
1487 1391 1611 1466 21.
1659 1394 1836 1466 8633.
1879 1390 1952 1464 3.
1994 1392 2078 1464 de
2115 1391 2465 1478 Reform„
2508 1395 2688 1465 8633.
2718 1391 2847 1463 24.
2886 1412 3044 1484 cap.
3080 1392 3233 1475 42„

557 1510 685 1583 ubi
736 1507 1281 1582 distributiones
1334 1506 1635 1576 amissas
1686 1523 1728 1575 a
1782 1502 2284 1594 praesentibus
2321 1503 2625 1593 acquiri,
2666 1504 2815 1576 sive
2869 1504 2956 1575 iis
3005 1522 3235 1576 accre-

559 1639 785 1710 scere,
826 1625 897 1691 et
936 1622 1116 1692 8633.
1157 1617 1280 1690 22.
1339 1637 1496 1709 cap.
1538 1615 1650 1698 3.,
1696 1615 1823 1687 ubi
1876 1614 2189 1686 fabricae
2225 1616 2603 1705 ecclesiae,
2648 1623 3005 1705 quatenus
3060 1616 3235 1688 indi-

562 1717 751 1828 geat,
809 1737 935 1802 aut
985 1730 1192 1801 alteri
1244 1730 1361 1820 pio
1413 1728 1566 1801 loco
1619 1727 1915 1800 arbitrio
1969 1723 2329 1800 Ordinarii
2385 1727 2733 1818 applicari
2788 1727 3050 1801 debere
3096 1735 3235 1800 sta-

560 1847 813 1920 tuitur.
874 1839 1307 1932 «Quidquid
1358 1858 1521 1911 vero
1574 1834 1708 1933 (sic
1763 1840 1836 1910 S.
1877 1835 1952 1909 C.
1993 1836 2068 1909 C.
2132 1840 2206 1909 in
2259 1838 2729 1930 cephaludeu.
2776 1840 3072 1911 Distrib.
3114 1840 3225 1910 31.

568 1983 607 2026 »
648 1953 856 2027 Mart.
904 1955 1117 2025 1770.
1159 1950 1233 2048 ἓ.
1279 1952 1559 2048 Verum)
1611 1951 1925 2023 dixerint
1961 1952 2377 2023 canonistae
2416 1951 2510 2022 ad
2547 1951 3074 2023 conciliandum
3110 1951 3231 2023 boc

567 2094 605 2134 »
645 2087 803 2159 cap.
860 2064 933 2138 3.
1003 2067 1181 2137 sess,
1235 2063 1360 2136 22.
1436 2082 1597 2134 cum
1665 2061 2124 2153 praecedenti
2178 2080 2336 2153 cap.
2396 2064 2467 2133 3.
2527 2059 2719 2134 Sess.
2774 2063 2897 2135 21.
2953 2069 3229 2154 recepta

569 2203 608 2246 »
648 2176 855 2249 modo
894 2176 1385 2267 interpretatio
1423 2193 1506 2246 ac
1540 2175 1941 2247 conciliatio
1976 2180 2110 2262 est,
2152 2174 2517 2246 decretum
2569 2173 2922 2248 Sessionis
2966 2177 3088 2246 22.
3129 2175 3229 2245 in-

568 2290 949 2381 »iungens
1001 2287 1556 2379 applicationem
1609 2287 2034 2357 amissarum
2086 2286 2673 2358 distributionum
2728 2286 2967 2359 favore
3020 2286 3227 2358 fabri-

568 2425 605 2469 »
648 2418 772 2471 cae
824 2399 1164 2472 ecclesiae
1216 2398 1326 2469 vel
1379 2397 1586 2470 alteri
1636 2398 1788 2471 loco
1839 2398 1984 2488 pic,
2044 2397 2239 2487 loqui
2297 2405 2580 2470 tantum
2649 2398 2737 2470 de
2790 2398 3222 2471 distributio-

569 2535 606 2580 »
650 2510 864 2582 nibus
914 2509 1496 2582 extraordinariis
1548 2516 1617 2580 et
1672 2509 2105 2602 impropriiS,
2147 2527 2334 2598 quae
2387 2511 2476 2582 de
2529 2509 2879 2582 reditibus
2933 2510 3228 2601 particu-

568 2646 607 2691 »
652 2622 920 2694 laribus
972 2623 1431 2713 dignitatum,
1471 2629 1985 2713 personatuum
2021 2626 2090 2692 et
2128 2622 2519 2694 officiorum
2557 2623 3038 2714 assignandae
3073 2627 3224 2693 sunt

568 2760 607 2804 ›
649 2752 774 2825 pro
828 2734 1286 2825 implemento
1353 2733 1891 2824 particularium
1969 2751 2313 2823 onerum,
2371 2754 2454 2806 ac
2525 2734 2918 2806 officiorum
2973 2733 3217 2825 eisdem

569 2870 607 2914 ›
649 2844 1120 2937 dignitatibus
1171 2852 1240 2918 et
1295 2845 1801 2937 personatibus
1854 2845 1963 2917 vel
2041 2862 2129 2916 ex
2190 2844 2669 2935 fundatione,
2726 2847 2838 2918 vel
2912 2845 3002 2916 ab
3070 2840 3218 2933 Epi-

570 2982 608 3026 »
649 2976 863 3049 scopo
916 2957 1424 3045 iniunctorum‚
1465 2975 1609 3029 non
1647 2975 1812 3029 vero
1865 2957 1955 3029 de
1991 2957 2436 3045 quotidianis
2476 2957 3099 3030 distributionibus
3143 2971 3218 3025 ex

570 3093 607 3137 ›
652 3086 885 3139 massa
938 3069 1298 3139 communi
1350 3065 1656 3160 Capituli
1694 3068 2173 3156 assumendiS,
2218 3076 2289 3141 et
2324 3088 2453 3160 pro
2507 3077 2662 3142 rata
2699 3070 3216 3143 interessentiae

569 3204 607 3248 ›
648 3180 908 3252 divinis
960 3179 1209 3251 officiis
1262 3179 1692 3270 dividendis,
1733 3182 1822 3253 de
1861 3180 2126 3271 quibus
2179 3181 2332 3253 inre
2387 3182 2710 3254 edixerat
2762 3184 2837 3253 in
2896 3185 3074 3256 8633.
3107 3177 3218 3251 21.

567 3313 604 3358 ι
643 3310 798 3381 cap.
826 3290 898 3362 3.
930 3315 967 3359 ›
1025 3289 1410 3383 Fagnanus
1463 3310 1627 3363 vero
1662 3293 1988 3365 eamdem
2026 3292 2171 3364 iere
2209 3294 2533 3384 regulam
2572 3294 2793 3366 tradit
2842 3312 3004 3385 cap.
3045 3291 3113 3365 3.
3152 3290 3224 3362 de

563 3401 950 3474 cleric.non
982 3403 1195 3475 resid.
1235 3422 1430 3474 num.
1460 3403 1618 3485 17„
1655 3404 2009 3476 videlicet:
2056 3426 2094 3469 ι
2119 3400 2255 3476 Ubi
2293 3412 2465 3477 suut
2497 3406 2768 3477 reditus
2797 3420 3219 3487 communeS,

569 3539 608 3583 ›
650 3514 836 3585 inter
868 3514 1381 3607 participantes
1418 3533 1504 3586 ex
1540 3515 1679 3586 illis
1732 3517 1843 3587 ius
1880 3515 2100 3588 habet
2136 3517 2370 3590 locum
2410 3515 2889 3603 accrescendi,
2928 3533 3054 3587 seu
3090 3530 3221 3584 non

571 3647 608 3686 »
648 3624 1132 3713 decrescendi;
1166 3626 1293 3698 ubi
1320 3632 1560 3699 autem
1594 3634 1766 3700 sunt
1793 3630 2101 3719 separati
2132 3627 2433 3716 redituS,
2471 3630 2590 3719 qui
2629 3630 3082 3715 amittuntur,
3114 3642 3225 3698 ne-

569 3761 606 3805 »
651 3736 821 3806 mini
877 3744 1317 3826 accrescunt,
1358 3738 1485 3810 sed
1537 3739 1878 3812 ecclesiae
1932 3740 2411 3833 applicantur.
2453 3766 2490 3809 »
2547 3739 2930 3813 Consonat.
2964 3737 3218 3812 Bened.

567 3844 759 3919 xlv,
822 3851 998 3920 Inst.
1078 3852 1316 3922 eccles.
1405 3849 1572 3924 107.
1663 3871 1857 3924 num.
1911 3851 2033 3924 41.
2092 3848 2349 3943 Itaque
2403 3854 2477 3924 in
2530 3854 2893 3926 Asculana
2944 3855 3017 3924 5.
3073 3848 3219 3921 Iun.

573 3960 789 4032 1706.
847 3954 1012 4055 (lib.
1055 3961 1175 4035 56.
1235 3962 1489 4035 decret.
1539 3983 1709 4057 paq.
1757 3960 1969 4062 170.)
2021 3967 2406 4056 propositis
2460 3965 2742 4037 dubiis:
2824 3967 2964 4037 «4.
3025 3964 3123 4035 An
3172 3959 3226 4030 si

573 4097 612 4141 ›
652 4070 875 4160 aliqui
929 4092 1015 4145 ex
1070 4075 1430 4146 canonicis
1481 4075 1558 4145 in
1609 4095 1737 4147 sua
1802 4075 2258 4149 hebdomada
2315 4096 2460 4148 non
2513 4078 2957 4165 inserviant,
3012 4079 3105 4147 ita
3154 4077 3225 4144 ut

572 4205 612 4251 ›
652 4182 839 4254 duae
891 4186 1141 4256 tertiae
1194 4185 1474 4258 illorum
1527 4186 1741 4260 choro
1797 4206 1941 4259 non
1993 4189 2380 4279 intersint,
2441 4190 2563 4261 alii
2637 4191 3099 4263 inservientes
3163 4189 3228 4256 et

573 4294 1161 4368 »interessentes
1239 4298 1604 4371 lucrentur
1678 4297 2279 4372 distributiones?
2361 4303 2431 4373 5.
2525 4301 2633 4374 An
2706 4303 3225 4375 distributiones

572 4428 611 4472 ›
654 4423 797 4475 non
849 4406 1424 4482 interessentium
1477 4411 1755 4502 possint
1790 4412 2036 4502 reponi
2092 4413 2165 4483 in
2221 4430 2457 4485 massa
2489 4417 2847 4486 communi
2901 4422 2972 4487 et
3020 4407 3223 4485 dividi

576 4538 615 4584 >
656 4520 1086 4609 aequaliter,
1143 4539 1269 4593 seu
1323 4523 1560 4613 potius
1614 4523 1704 4594 ad
1767 4524 2115 4595 rationem
2197 4520 2512 4596 servitii?
2551 4551 2588 4594 ›
2646 4523 2717 4597 S.
2777 4519 3217 4617 congregatio

533 4628 970 4731 'rescripsitt
1030 4653 1069 4700 ‹
1107 4631 1205 4705 Ad
1259 4634 1329 4705 4.
1389 4631 1854 4708 Affirmative.
1910 4634 2016 4708 Ad
2069 4637 2142 4708 5.
2183 4632 2531 4729 Negative
2583 4637 2676 4710 ad
2725 4639 3024 4729 primam
3070 4649 3227 4728 par-
