3497 5235
588 337 705 403 436
1342 336 1724 399 nunctiant-¹
1751 333 1804 395 8.
1834 333 2015 409 Congr-
2040 334 2186 394 Ocno.
2226 338 2495 413 emutio.

736 475 906 547 330.
964 469 1057 547 Ut
1106 471 1513 547 Dominicus
1565 492 1735 566 ager
1787 481 2016 547 certas
2071 472 2469 564 uberesque
2504 474 2818 547 iustitiae
2850 472 3100 566 fruges
3134 474 3265 546 eli-

588 587 771 676 ciat,
830 593 1106 660 mature
1167 587 1242 658 in
1305 604 1684 677 puerorum
1757 586 2015 659 animis
2084 584 2517 658 christianae
2578 587 2944 660 doctrinae
3010 604 3266 660 semen

586 699 1049 773 inserendum
1100 704 1234 772 est.
1290 695 1476 773 Hinc
1527 696 1600 772 S.
1642 696 1717 770 C.
1758 696 1967 771 Conc.
2027 699 2103 770 in
2155 699 2304 772 suis
2355 698 2447 771 ad
2511 696 2905 792 Episcopos
2964 719 3271 792 respon-

587 812 910 885 sionibus
962 812 1181 885 etiam
1233 818 1451 902 atque
1506 812 1722 884 etiam
1776 812 1950 902 ipsis
2001 811 2343 900 inculcat,
2400 818 2481 885 ut
2533 812 2624 885 ad
2660 813 2796 885 hoc
2833 832 3105 887 munus
3139 812 3272 885 ab-

587 926 1004 997 solvendum
1056 924 1407 1018 parochos
1459 914 1841 1016 diligenter
1891 924 2203 997 excitent
2255 929 2323 996 et
2377 927 2664 999 assidue
2702 927 2777 998 in
2814 926 3103 999 eosdem
3160 926 3271 999 iu·

587 1037 907 1129 vigilent.
949 1034 1161 1110 Porro
1197 1035 1409 1108 Conc.
1450 1032 1641 1108 Trid.
1687 1040 1870 1110 Sess.
1908 1036 2031 1108 24.
2073 1055 2229 1127 cap.
2262 1036 2334 1108 4.
2376 1038 2461 1111 de
2495 1038 2803 1131 Reform.
2847 1039 3266 1130 gravissime

591 1151 994 1242 praecepit,
1052 1156 1134 1221 ut
1175 1172 1211 1216 «
1248 1150 1503 1222 saltem
1555 1147 1944 1227 Dominicis
2005 1157 2076 1223 et
2130 1149 2290 1222 aliis
2349 1149 2621 1223 festivis
2691 1149 2950 1227 diebus
3000 1166 3270 1244 pueros

593 1288 631 1331 ι»
670 1264 743 1335 in
798 1263 1099 1355 singulis
1150 1263 1506 1355 parochiis
1556 1262 1722 1334 fidei
1760 1263 2167 1336 rudimenta
2205 1270 2274 1335 et
2310 1261 2792 1335 obedientiam
2830 1280 2996 1356 erga
3038 1261 3267 1335 Deum

593 1401 630 1447 ›
672 1382 743 1449 et
795 1383 1130 1467 parentes
1183 1376 1561 1468 diligenter
1597 1374 1688 1446 ab
1727 1375 1841 1462 iis,
1883 1373 1974 1445 ad
2014 1392 2195 1465 quos
2228 1373 2611 1468 spectabit,
2652 1377 2890 1449 doceri
2930 1400 2968 1443 ι»
3010 1382 3267 1449 curent

588 1483 920 1582 Episcopi
973 1490 1186 1561 etiam
1241 1506 1368 1579 per
1419 1504 1760 1559 censuras
1811 1487 2353 1561 ecclesiasticas.
2414 1484 2732 1560 Subinde
2771 1486 3045 1560 Summi
3082 1484 3269 1559 Pon·

587 1600 841 1695 mices,
882 1600 1304 1674 nominatim
1341 1598 1413 1671 S.
1452 1597 1622 1671 Pius
1646 1594 1767 1688 V.‚
1797 1594 2085 1692 Gregor.
2120 1594 2358 1686 xlll„
2390 1596 2610 1672 Clem.
2642 1596 2842 1671 VIII.
2884 1619 3264 1692 nunquam

589 1712 1021 1786 destiterunt
1074 1732 1277 1785 suam
1348 1731 1590 1784 curam
1646 1710 1738 1782 ad
1793 1711 2315 1783 institutionem
2386 1712 2755 1785 doctrinae
2824 1711 3265 1787 christianae

588 1826 1145 1917 promovendam
1196 1832 1635 1899 convertere.
1692 1820 2147 1899 Potissimum
2200 1842 2365 1897 vero
2418 1824 2851 1915 pastoralem
2901 1843 3121 1903 suum
3157 1842 3266 1896 ze-

586 1938 738 2010 lum
787 1938 924 2011 hac
977 1940 1050 2009 in
1102 1958 1178 2012 re
1230 1939 1542 2011 exseruit
1593 1935 1864 2010 Bened.
1907 1933 2146 2026 XIV„
2205 1944 2284 2011 ut
2337 1945 2537 2030 patet
2598 1958 2684 2012 ex
2747 1937 3051 2013 Constit.
3114 1937 3263 2012 Etsi

589 2051 879 2123 minime
930 2050 1022 2123 ab
1076 2051 1324 2124 eodem
1380 2050 1572 2123 edita
1626 2049 1742 2122 die
1798 2050 1867 2120 7.
1907 2046 2118 2120 Febr.
2167 2050 2380 2122 1742.

735 2159 937 2236 Idem
989 2161 1259 2236 Bened.
1317 2158 1508 2234 XIV.
1568 2163 1827 2234 iterum
1878 2162 1955 2233 in
2005 2159 2300 2235 Constit.
2365 2163 2536 2238 Cum
2604 2163 2917 2257 reliqiosi
2987 2163 3139 2235 diei
3189 2162 3251 2233 7.

591 2269 756 2346 Iun.
806 2274 1018 2347 1754.
1068 2273 1578 2368 Episcoporum
1617 2272 2061 2366 diligentiam
2100 2276 2463 2364 excitavit,
2502 2284 2583 2349 ut
2621 2292 2806 2366 quae
2844 2276 2921 2346 in
2956 2272 3253 2348 Constit.

591 2386 748 2458 Etsi
800 2388 1091 2460 minime
1141 2392 1590 2475 statuuntur,
1650 2393 1722 2459 et
1774 2387 1905 2479 ipsi
1975 2385 2450 2478 perficerent,
2506 2394 2578 2459 et
2630 2406 2671 2458 a
2722 2387 2985 2458 ceteris
3056 2385 3260 2478 perfi-

591 2499 844 2573 cienda
893 2508 1253 2574 curarent.
1325 2498 1777 2573 Consulenda
1840 2500 2056 2571 etiam
2123 2506 2232 2571 est
2292 2499 2612 2572 eiusdem
2661 2496 3032 2601 Pontificis
3086 2499 3252 2571 Inst.

588 2611 755 2686 eccl.
799 2633 995 2686 num.
1039 2613 1148 2697 9.,
1183 2613 1308 2686 ubi
1347 2612 1575 2687 fusius
1612 2632 1694 2685 ea
1731 2614 1996 2700 omnia,
2030 2620 2110 2685 ut
2144 2613 2559 2705 plurimum,
2600 2610 3037 2702 referuntur,
3082 2630 3255 2704 quae

591 2726 666 2797 in
717 2725 911 2799 hisce
962 2725 1603 2799 Constitutionibus
1654 2723 2066 2798 Pontificiae
2119 2726 2562 2798 auctoritatis
2614 2725 2884 2798 calculo
2922 2725 3255 2817 deinceps

591 2839 1009 2912 confirmata
1063 2839 1379 2913 fuerunt.
1430 2835 1666 2912 Etiam
1702 2858 1764 2911 s.
1807 2857 1902 2909 m.
1942 2835 2111 2910 Pius
2144 2835 2281 2909 ΡΡ.
2323 2834 2453 2908 IX.
2496 2857 2653 2910 cum
2690 2836 3025 2931 pluribus
3062 2838 3249 2922 lociS,

593 2957 743 3023 tum
796 2954 1212 3043 praesertim
1268 2954 1340 3024 in
1395 2948 1656 3024 Literis
1705 2950 1979 3041 encycl.
2038 2951 2176 3023 diei
2234 2952 2305 3021 8.
2347 2948 2554 3023 Mart.
2593 2948 2805 3022 1849.
2848 2949 3074 3041 incip.
3125 2949 3254 3020 No-

592 3065 718 3137 stis
756 3064 1067 3157 quidem,
1122 3060 1240 3160 (g.
1284 3065 1393 3136 Εα
1427 3082 1621 3146 vero,
1672 3069 1737 3136 et
1788 3061 1862 3158 ἓ.
1905 3063 2005 3135 Eo
2041 3059 2336 3157 autem),
2378 3081 2594 3152 quam
2633 3060 2970 3133 dabimus
3022 3061 3099 3132 in
3149 3078 3260 3132 vo-

590 3176 860 3249 lumine
913 3173 1052 3249 III.
1109 3176 1243 3250 sub
1297 3196 1497 3251 num.
1541 3177 1693 3265 35„
1746 3176 2110 3249 doctrinae
2163 3175 2596 3250 christianae
2647 3194 2828 3268 opus
2880 3174 3260 3248 vehemen-

601 3289 868 3363 tissime
923 3290 1331 3364 inculcavit.

742 3402 912 3473 331.
969 3398 1308 3484 Quocirca
1361 3398 1434 3472 S.
1476 3398 1551 3472 C.
1610 3402 1927 3474 solemne
1980 3400 2225 3490 habet‚
2282 3397 2673 3492 Episcopos
2722 3400 2995 3472 hortari
3048 3400 3255 3472 etiam

592 3507 808 3603 atque
863 3514 1104 3602 etiam,
1165 3520 1244 3586 ut
1282 3512 1717 3586 adamussim
1757 3532 1842 3586 ea
1878 3513 2281 3605 perficiant,
2324 3530 2509 3603 quae
2553 3511 3025 3585 saluberrime
3060 3530 3254 3604 prae-

589 3623 915 3697 scribunt
966 3625 1072 3698 illi
1124 3623 1393 3698 Summi
1441 3620 1851 3715 PontificeS‚
1893 3634 1963 3700 et
2000 3625 2424 3697 nominatim
2459 3621 2729 3698 Bened.
2770 3620 2965 3696 XIV.
3006 3626 3084 3697 in
3118 3642 3253 3696 me-

589 3743 862 3809 morata
914 3734 1210 3810 Constit.
1272 3737 1431 3811 Etsi
1482 3737 1800 3810 minime.
1842 3734 1953 3809 Ibi
1991 3739 2182 3810 enim
2220 3737 2887 3830 providentissimus
2925 3738 3046 3810 ille
3081 3733 3253 3808 Pon·

592 3847 764 3920 tifex
818 3850 1042 3922 multa
1096 3851 1243 3942 agit
1293 3850 1382 3922 de
1435 3849 1691 3938 officie,
1751 3850 1941 3941 quod
1995 3849 2179 3923 circa
2229 3849 2420 3923 hanc
2452 3869 2604 3922 rem
2638 3850 2823 3922 inest
2855 3846 3240 3941 Episcopis,

591 3960 826 4050 deque
877 3961 1288 4034 eorumdem
1340 3961 1774 4054 obligatione
1828 3962 2274 4054 invigilandi,
2336 3969 2414 4034 ut
2449 3962 2742 4054 parochi
2779 3963 2852 4033 in
2887 3960 3244 4033 doctrinae

591 4090 779 4164 pane
828 4074 1071 4167 pueris
1122 4072 1517 4165 frangendo
1556 4092 1824 4167 gnaros
1860 4078 1929 4145 et
1965 4075 2354 4148 industrios
2388 4092 2545 4147 sese
2583 4073 3018 4161 exhibeant;
3059 4075 3250 4147 item-

477 4227 480 4230 ·
594 4202 733 4273 que
771 4191 849 4257 ut
887 4184 1007 4258 alii
1045 4185 1477 4275 sacerdoteS,
1520 4186 1964 4274 sodalitateS,
2015 4187 2279 4278 piaque
2332 4187 2662 4260 instituta
2716 4187 3079 4259 doctrinae
3109 4191 3249 4255 tra-

593 4296 874 4369 dendae
911 4297 1196 4370 addicta
1226 4298 1731 4371 coadiutricem
1760 4316 2076 4392 operam,
2109 4299 2302 4371 omni
2342 4298 2662 4373 adhibito
2698 4300 2965 4387 studio,
2998 4312 3247 4370 navare

595 4416 921 4501 pergant.
983 4406 1067 4480 In
1120 4410 1316 4482 exitu
1352 4411 1667 4484 eiusdem
1704 4408 2246 4484 Constitutionis
2298 4413 2657 4505 conceptis
2693 4410 2932 4484 verbis
2975 4406 3251 4482 libellus

591 4520 728 4593 hac
778 4522 869 4594 de
919 4539 992 4593 re
1046 4542 1086 4594 a
1140 4517 1320 4595 Ven.
1362 4520 1797 4595 Bellarmino
1850 4523 2293 4614 conscriptus
2345 4530 2415 4596 et
2466 4544 2506 4594 a
2558 4544 2617 4596 s.
2661 4542 2760 4594 m.
2799 4520 3015 4596 Clem.
3046 4510 3239 4588 VIII.

592 4632 1092 4724 comprobatus
1172 4633 1628 4707 adhibendus
1703 4635 2151 4726 proponitur.
2234 4631 2539 4727 Insuper
2611 4631 3247 4728 opportunissimae

596 4743 790 4833 leges
841 4761 1270 4835 normaeque
1324 4745 1731 4835 traduntur,
1791 4764 1972 4837 quas
2025 4747 2183 4820 illos
2234 4743 2622 4840 Episcopus
2673 4747 2880 4838 sequi
2928 4747 3238 4847 oportet,
