3497 5235
889 276 1009 352 0⁸1).
1037 278 1080 334 1.
1120 278 1191 335 Do
1232 276 1386 337 uhtu
1425 276 1687 337 nodedu
1725 276 2004 336 mut-isli.
2046 277 2099 352 ἓ.
2126 276 2249 334 4-7.
2826 271 2908 334 95

243 435 276 478 ι
310 410 532 482 stolici
572 409 871 499 indulti,
913 411 1023 483 vel
1061 410 1638 483 immemorabilis
1667 410 2238 499 consuetudinis,
2273 427 2459 501 quae
2493 406 2904 481 huiusmodi

241 547 276 592 ›
311 521 565 594 indulti
620 524 1279 614 praesumptionem
1325 524 1629 613 inducit,
1687 532 1767 597 ut
1820 525 1963 597 late
1998 522 2400 596 ostenditur
2437 523 2510 595 in
2547 539 2908 594 commen-

241 659 276 704 >
313 635 505 706 tariis
551 634 628 706 b.
669 654 764 705 m.
800 633 1196 708 Cardinalis
1231 633 1439 708 Petra
1476 632 1647 729 (loc.
1682 636 1804 707 cit.
1850 655 1928 708 n.
1957 636 2082 710 29.
2122 643 2190 710 et
2225 655 2364 728 seq.
2366 633 2442 734 ),
2481 633 2904 707 auctoritate

243 771 277 815 ›
313 747 812 839 Apostolica...
866 745 1321 820 concedimus
1372 756 1442 820 et
1491 747 1976 840 indulgemus,
2034 752 2115 819 ut
2164 747 2709 820 sanctissimum
2761 739 2907 816 Eu-

243 883 276 926 »
312 858 695 932 charistiae
765 856 1305 932 Sacramentum
1365 859 1441 931 in
1492 876 1737 931 earum
1792 859 2295 932 conservatorii
2348 856 2690 945 ecclesia,
2748 856 2906 928 sine

244 993 278 1037 ›
311 970 756 1061 praeiudicio
815 977 1059 1043 tamen
1117 971 1458 1044 ecclesiae
1523 970 1953 1061 parochialis
1985 1022 2005 1058 ,
2072 970 2421 1042 asservari
2476 989 2559 1042 ac
2609 970 2903 1043 retineri

247 1105 280 1148 ι
313 1083 538 1171 possit
593 1091 665 1155 et
720 1083 979 1154 valeat.
1013 1107 1051 1152 ›

367 1194 495 1265 93.
555 1189 991 1266 Monendum
1045 1202 1312 1283 tamen,
1353 1195 1546 1285 quod
1582 1193 1931 1267 moniales
1968 1201 2339 1285 nequeunt
2375 1190 2901 1268 Eucharistiam

242 1306 535 1378 retinere
573 1306 764 1378 intra
801 1307 1139 1395 claustra,
1178 1305 1389 1400 conc.
1423 1302 1612 1379 Trid.
1653 1309 1837 1381 Sess.
1861 1306 1985 1380 25.
2017 1326 2178 1399 cap.
2202 1303 2319 1380 40.
2354 1306 2437 1378 de
2468 1306 2709 1399 Requi.
2750 1305 2897 1378 ihi:

248 1438 280 1482 ‹
311 1413 512 1498 Quod
564 1436 732 1490 vero
786 1419 1079 1490 SSmum
1129 1417 1385 1492 Christi
1438 1436 1694 1511 corpus
1745 1420 1935 1491 intra
1988 1419 2309 1506 chorum,
2366 1417 2477 1490 vel
2514 1423 2716 1509 septa
2752 1434 2903 1489 mo-

244 1550 279 1595 >
311 1529 634 1615 nasterii‚
675 1537 746 1601 et
781 1547 927 1601 non
962 1530 1036 1600 in
1075 1527 1358 1620 publica
1396 1529 1695 1602 ecclesia
1748 1540 2236 1618 conservetur,
2293 1528 2628 1622 prohibet
2661 1526 2734 1601 S.
2770 1525 2903 1620 Sy-

246 1663 277 1707 »
313 1641 571 1729 nodus,
633 1658 777 1712 non
827 1639 1162 1713 obstante
1214 1659 1668 1731 quocumque
1720 1641 2033 1729 indulto,
2088 1647 2213 1713 aut
2263 1640 2657 1732 privilegio.
2695 1664 2732 1709 »

373 1752 498 1824 94.
555 1748 762 1833 Quod
811 1753 1122 1843 pertinet
1173 1753 1267 1825 ad
1316 1754 1754 1844 collegiataS‚
1794 1752 2386 1845 distinguendum
2422 1758 2558 1840 est,
2611 1771 2705 1823 an
2740 1769 2903 1825 eae-

244 1864 391 1935 dem
442 1863 740 1935 insimul
791 1865 1235 1954 parochiales
1268 1865 1439 1952 sint,
1481 1864 1676 1954 quod
1728 1864 1875 1937 fere
1921 1864 2046 1951 fit3
2101 1883 2244 1954 quo
2280 1882 2450 1937 casu
2487 1882 2632 1937 non
2668 1862 2901 1936 solum

244 1981 498 2065 potest,
564 1976 692 2048 sed
743 1977 885 2046 imo
936 1974 1151 2049 debet
1200 1994 1402 2048 sacra
1453 1975 1687 2048 hostia
1738 1977 1815 2049 in
1866 1994 2073 2049 usum
2129 1983 2579 2069 aegrotorum
2633 1974 2900 2049 ibidem

246 2087 663 2159 conservari.
723 2087 795 2158 Si
849 2105 1013 2161 vero
1065 2088 1209 2161 sint
1261 2088 1604 2160 ecclesiae
1674 2088 1786 2160 vel
1857 2088 2275 2180 collegiatae
2345 2086 2621 2178 absque
2691 2087 2901 2159 titulo

246 2197 652 2290 parochiali,
711 2208 885 2272 tunc
936 2215 1122 2286 eam,
1177 2200 1456 2272 seclusa
1509 2200 1718 2271 venia
1771 2198 2167 2290 pontificia,
2208 2200 2518 2272 retinere
2553 2216 2700 2270 non
2734 2216 2898 2289 pos-

245 2320 441 2401 sunt3
479 2313 586 2384 sic
619 2314 811 2385 enim
848 2314 1235 2385 resolutum
1272 2312 1407 2384 fuit
1443 2332 1484 2383 a
1521 2311 1595 2385 S.
1621 2311 1696 2384 C.
1729 2309 1942 2385 Conc.
1979 2314 2020 2384 7
2033 2313 2280 2416 ‚Qph
2313 2313 2524 2384 1652.
2568 2307 2742 2406 (lib.
2773 2308 2893 2384 49.

248 2426 380 2497 dec.
417 2424 544 2518 fol.
586 2420 841 2520 207),
896 2431 967 2496 et
1016 2424 1230 2498 refert
1283 2426 1498 2497 etiam
1551 2421 1833 2517 Pignat.
1892 2422 2099 2497 Cons.
2142 2426 2313 2498 339.
2370 2431 2545 2496 tom.
2594 2425 2660 2495 1.
2718 2419 2896 2498 Vide

251 2534 515 2609 Petram
568 2538 624 2608 l.
666 2556 727 2610 c.
772 2557 848 2608 n.
886 2533 1014 2609 24.

187 2732 190 2741 .
376 2651 496 2721 95.
555 2647 778 2722 Multo
832 2650 1066 2721 minus
1120 2649 1333 2741 igitur
1385 2648 1519 2722 hoc
1568 2648 1756 2721 idem
1810 2650 2261 2739 permittetur
2311 2667 2401 2721 ex
2453 2650 2607 2722 iure
2643 2650 2899 2722 ceteris

249 2761 546 2833 ecclesiis
598 2759 1320 2849 confraternitatum3
1378 2761 1621 2851 itaque
1672 2760 1733 2832 si
1785 2757 2183 2852 Episcopus
2235 2760 2424 2832 hanc
2474 2760 2726 2833 iisdem
2772 2777 2902 2851 po-

251 2877 560 2945 testatem
611 2872 871 2960 faciat,
930 2891 1092 2945 cum
1143 2873 1516 2965 permissio
1569 2872 1768 2943 nulla
1820 2874 1949 2960 sit,
2006 2872 2187 2944 nihil
2240 2873 2374 2963 ipsi
2429 2870 2898 2944 deferendum

255 2990 376 3069 ast,
412 2991 489 3055 ut
522 3001 858 3075 expresse
892 2984 1281 3058 declaravit
1332 2981 1407 3056 S.
1436 2982 1507 3055 C.
1542 2980 1757 3056 Conc.
1798 2982 2127 3074 pluribus
2162 2986 2236 3055 in
2273 2983 2534 3071 causiS,
2576 3002 2661 3055 ac
2693 3000 2900 3076 prae-

256 3096 474 3166 sertim
525 3096 600 3166 in
637 3095 1117 3186 Neapolitana
1168 3099 1339 3168 anni
1383 3097 1630 3184 1609„
1689 3113 1908 3186 quam
1961 3113 2049 3167 ex
2101 3097 2375 3187 integro
2428 3092 2644 3166 refert
2689 3090 2897 3166 Petra

257 3206 306 3276 1.
340 3228 393 3279 c.
432 3228 507 3279 n.
550 3206 672 3282 31.
715 3216 782 3283 et
816 3228 960 3315 seq,
1014 3206 1209 3291 Quae
1262 3209 1553 3298 quidem
1607 3225 1720 3279 res
1775 3213 1853 3278 ut
1908 3208 2131 3299 magis
2169 3206 2540 3298 magisque
2575 3222 2903 3296 compro·
3007 3257 3019 3270 .

256 3313 469 3408 betur,
509 3319 933 3392 adducimus
985 3320 1486 3392 resolutionem
1541 3321 1613 3389 S.
1654 3316 1729 3391 C.
1772 3316 1955 3407 Rit.,
2003 3336 2222 3408 quam
2258 3317 2471 3391 refert
2508 3315 2899 3391 Gardellini

259 3446 440 3501 num.
478 3433 650 3504 655.
707 3431 860 3503 ibi:
932 3453 969 3497 «ι
1007 3428 1401 3524 Episcopus
1467 3428 1868 3503 Nucerinus
1935 3428 2380 3523 Paganorum
2433 3429 2900 3520 prohibuerat

261 3562 303 3606 ›
338 3543 630 3616 ecclesiis
683 3543 879 3614 SSmi
931 3541 1369 3615 Sacramenti
1422 3540 1821 3615 Nucerinae
1855 3543 2267 3634 superioris,
2324 3548 2394 3614 et
2444 3541 2703 3616 beatae
2751 3538 2900 3612 Ma-

262 3674 302 3718 >
337 3653 463 3725 riae
494 3651 805 3746 Virginis
836 3654 927 3725 de
960 3650 1281 3726 Carmine
1326 3652 1704 3742 inferioriS,
1745 3651 2143 3728 Nucerinae
2180 3655 2548 3743 dioecesis,
2588 3656 2897 3728 retinere

263 3784 304 3827 ι
339 3764 606 3838 Sanum
655 3764 1220 3854 Sacramentum,
1261 3785 1344 3839 eo
1381 3767 1572 3856 quod
1609 3784 1754 3838 non
1790 3774 1994 3839 erant
2029 3766 2501 3858 parochialeS,
2541 3773 2612 3839 et
2648 3765 2896 3839 habito

265 3894 306 3937 ι
340 3892 606 3950 recursu
661 3879 735 3950 S.
775 3873 850 3949 C.
909 3877 1329 3970 approbavit
1381 3878 1745 3950 decretum
1800 3874 2183 3970 Episcopi:
2259 3881 2382 3969 qui
2432 3883 2677 3950 tamen
2727 3873 2900 3969 Epi-

263 4005 305 4050 »
343 4004 570 4079 scopus
622 3989 833 4061 modo
884 3990 1166 4081 scripsit
1204 3990 1278 4059 in
1313 3988 1625 4060 favorem
1676 3988 2029 4061 dictarum
2066 3989 2552 4077 ecclesiarum,
2596 4006 2898 4061 narrans

268 4117 308 4161 ι
346 4114 408 4167 se
451 4100 603 4172 ideo
653 4099 1149 4191 prohibuisse,
1217 4108 1295 4173 ut
1356 4102 1719 4173 oeconomi
1773 4102 2006 4175 dictae
2058 4103 2401 4176 ecclesiae
2452 4109 2898 4191 recurrerent

266 4228 307 4271 ι
346 4223 449 4294 pro
495 4211 780 4283 licentia
834 4211 930 4283 ad
980 4211 1053 4283 S.
1095 4210 1204 4300 C.,
1260 4220 1470 4305 prout
1521 4221 2004 4287 recurrerunt.
2062 4211 2153 4286 Et
2205 4211 2275 4286 S.
2336 4211 2411 4286 C.
2467 4213 2894 4306 respondit:

263 4337 305 4381 ›
347 4318 523 4409 nihil,
578 4323 747 4413 quia
799 4322 1070 4414 ubique
1122 4325 1561 4415 prohibitum
1613 4331 1750 4414 est,
1812 4327 1927 4397 12.
1970 4323 2167 4417 Sept.
2215 4328 2428 4399 1626.

397 4428 502 4502 96.
557 4434 627 4506 Si
679 4440 925 4506 tamen
976 4437 1269 4509 accedat
1322 4437 1764 4510 consuetudo
1818 4424 2429 4527 immemorabilis,
2494 4456 2622 4530 per
2680 4456 2899 4529 quam

261 4537 588 4618 indultum
641 4545 1123 4639 Apostolicum
1176 4551 1535 4643 praesumi
1576 4550 1830 4644 possit,
1888 4556 2061 4624 tunc
2112 4550 2611 4625 consuetudini
2647 4549 2900 4623 inhae-

258 4666 414 4724 rere
453 4655 626 4751 licet,
681 4679 815 4735 ceu
864 4664 1191 4755 superius
1241 4665 1665 4738 adnotatum
1718 4671 1827 4738 est
1879 4682 1967 4737 ex
2018 4661 2316 4738 Constit.
2380 4661 2651 4739 Bened.
2693 4659 2891 4733 XIV.
