3497 5235
1025 288 1146 364 ⁰⁸1³·
1172 289 1270 348 m.
1314 289 1386 347 Do
1424 289 1558 348 clero
1600 288 1874 348 omnini.
1916 289 1970 364 ἓ.
1995 290 2042 348 1.
2748 283 2869 350 309

365 426 468 496 77.
524 421 744 498 Venio
798 442 991 496 nunc
1057 423 1150 496 ad
1211 424 1433 514 alios,
1492 425 1618 515 qui
1687 425 2324 498 distributionibus
2393 425 2469 497 in
2541 424 2873 498 absentia

246 537 564 625 fruuntur,
623 537 736 609 vel
782 554 928 607 non
979 535 1070 607 ob
1122 554 1378 608 causas
1431 536 1505 607 in
1547 536 1716 627 Cap.
1759 534 2362 610 Consuetudinem
2400 537 2483 609 de
2518 536 2685 608 cler.
2730 555 2873 608 non

247 668 351 721 res.
393 651 465 721 in
510 650 579 721 6.
639 646 989 720 Eumdem
1042 648 1286 739 itaque
1341 649 1661 720 ordinem
1730 656 2019 721 secutus
2087 648 2402 721 secundo
2465 649 2618 721 loco
2681 666 2873 742 pono

245 763 623 833 canonicum
658 758 1068 850 theologum
1104 766 1174 832 et
1211 760 1840 850 poenitentiarium
1875 760 2076 832 iuxta
2104 777 2267 831 eum
2304 759 2620 848 modum,
2655 777 2872 850 quem

245 871 674 945 indicabimus
725 870 1185 962 peculiariter
1234 868 1309 967 ἓ.
1353 873 1424 942 5.
1480 870 1694 943 huius
1747 871 1938 943 tertii
1992 871 2273 961 capitis,
2331 871 2457 943 ubi
2510 872 2710 945 iuxta
2762 872 2874 944 in-

245 985 663 1056 structionem
716 989 1030 1055 nostram
1082 983 1171 1056 de
1226 990 1529 1073 utroque
1578 983 1953 1077 speciatim
2006 990 2281 1074 agetur.

359 1096 466 1167 78.
506 1092 741 1167 Tertio
776 1094 928 1166 loco
964 1099 1393 1184 sequuntur,
1436 1096 1560 1185 qui
1599 1095 1671 1166 in
1709 1094 2106 1166 exercendo
2146 1111 2437 1166 munere
2474 1092 2868 1185 parochiali

245 1207 680 1280 destinentur.
720 1201 899 1276 Nam
948 1203 1160 1277 Conc.
1202 1201 1695 1277 'tridentinum
1728 1208 1909 1278 Sess.
1940 1204 2063 1277 22.
2105 1224 2262 1296 cap.
2293 1202 2365 1276 3.
2404 1204 2487 1276 de
2517 1205 2869 1289 Reform„

239 1319 318 1390 sic
359 1318 655 1390 statuit:
734 1338 771 1383 ‹
809 1313 1012 1398 Quod
1062 1317 1122 1388 si
1175 1316 1388 1389 alicui
1442 1334 1527 1386 ex
1578 1316 1966 1408 praedictis
2026 1315 2500 1408 dignitatibus
2534 1316 2611 1386 in
2648 1315 2873 1387 eccle·

244 1432 404 1503 >siis
450 1428 990 1504 cathedralibus
1057 1435 1129 1501 et
1190 1429 1584 1521 collegiatis
1634 1428 1725 1500 de
1776 1428 1929 1498 iure
1998 1446 2126 1499 seu
2178 1427 2696 1500 consuetudine
2763 1427 2874 1498 iu-

245 1542 625 1628 »risdicti0‚
684 1539 1234 1628 administratiO,
1292 1540 1400 1612 vel
1455 1538 1767 1612 officium
1820 1557 1965 1611 non
2019 1545 2415 1631 competat,
2492 1539 2619 1612 sed
2671 1544 2875 1611 extra

241 1675 270 1719 ›
301 1653 644 1725 civitatem
697 1651 770 1722 in
823 1650 1135 1722 dioecesi
1195 1669 1364 1722 cura
1419 1652 1822 1722 animarum
1885 1652 2281 1740 immineat,
2323 1652 2437 1724 cui
2474 1651 2561 1740 is,
2602 1651 2726 1741 qui
2766 1650 2874 1722 di-

239 1765 629 1854 ›gnitatem
683 1761 998 1850 obtinet,
1057 1762 1467 1835 incumbere
1523 1763 1870 1851 voluerit,
1932 1768 2080 1835 tum
2132 1783 2260 1856 pro
2312 1769 2670 1856 tempore,
2729 1780 2871 1853 quo

240 1897 270 1940 ι»
298 1875 363 1946 iu
407 1879 660 1948 curata
712 1873 1010 1946 ecclesia
1047 1873 1416 1962 resederit,
1459 1892 1544 1945 ac
1587 1874 2220 1964 administraverit,
2262 1881 2631 1966 tamquam
2666 1892 2876 1966 prae-

240 2009 267 2054 »
300 2003 448 2058 sens
498 1986 621 2074 sit,
681 2004 766 2057 ac
815 1985 1078 2058 divinis
1129 1985 1409 2059 intersit
1461 1986 1558 2057 in.
1588 1985 1907 2057 ecclesiis
1952 1986 2489 2060 cathedralibus
2541 1993 2611 2060 et
2663 1986 2876 2058 colle-

236 2118 267 2162 »
298 2097 493 2188 giatis
542 2095 928 2169 habeatur.
967 2120 1005 2163 ν

349 2205 773 2281 Huiusmodi
798 2207 1245 2279 sanctionem
1270 2208 1372 2278 sic
1399 2206 1710 2299 explicat
1736 2204 2006 2281 Bened.
2034 2205 2226 2280 XIV.
2256 2210 2490 2282 Instit.
2509 2210 2676 2283 eccl.
2698 2207 2866 2283 107.

229 2335 297 2387 n.
330 2319 472 2392 56..·
531 2342 572 2383 ι
613 2315 840 2410 Igitur
876 2318 1000 2408 qui
1037 2319 1566 2406 canonicatum,
1619 2318 1902 2408 ipsique
1940 2320 2394 2393 coniunctam
2432 2320 2708 2393 obtinet
2743 2339 2877 2412 pa-

228 2451 259 2495 »
293 2431 627 2519 rochiam,
685 2429 813 2501 sed
865 2435 1065 2501 extra
1101 2430 1490 2518 civitatem,
1549 2429 1793 2501 sedem
1847 2431 1920 2501 in
1971 2431 2308 2523 parochia
2344 2438 2589 2505 tenere
2625 2430 2868 2520 debet,

227 2563 261 2609 ›
293 2549 355 2613 et
378 2562 513 2636 pro
550 2548 886 2634 tempore,
925 2558 1065 2630 quo
1101 2540 1444 2613 resederit
1480 2542 1553 2612 iu
1590 2540 1928 2632 parochia
1980 2560 2062 2614 ac
2115 2543 2650 2632 ministraverit,
2690 2549 2879 2614 tam-

228 2672 505 2743 ›quam
571 2655 648 2725 in
700 2652 911 2724 choro
964 2671 1303 2744 praesens
1370 2654 1706 2742 habetur,
1766 2653 1864 2725 ita
1929 2662 2009 2727 ut
2069 2654 2527 2745 praebendae
2580 2654 2875 2746 quidem

224 2786 254 2831 »
288 2763 587 2851 sructuS‚
645 2783 789 2837 non
842 2781 1009 2835 vero
1045 2764 1584 2837 distributiones
1621 2771 2130 2854 consequatur.
2172 2761 2258 2837 Id
2292 2765 2533 2837 sanxit
2569 2766 2876 2837 Sanctus

219 2900 253 2941 ›
285 2873 447 2948 Pius
477 2873 561 2946 V.
595 2875 889 2949 Constit.
917 2872 1036 2948 65.
1064 2876 1139 2947 in
1160 2876 1351 2948 Ball.
1381 2883 1546 2949 tom.
1569 2876 1682 2961 2.,·
1712 2876 2048 2967 idemque
2069 2874 2455 2968 Fagnanus
2478 2876 2649 2966 Cap.
2677 2873 2877 2948 Licet

216 3010 250 3056 ›
285 3008 479 3060 num.
516 2988 638 3061 67.
673 2987 758 3058 de
788 2986 1071 3073 Praeb.‚
1113 2994 1184 3059 et
1217 2984 1566 3058 Gonzalez
1606 2991 1828 3078 Super
1861 2989 2083 3079 requi.
2118 2986 2189 3060 8.
2241 2987 2547 3060 Cancell.
2589 2987 2763 3078 qlos.
2797 2984 2869 3058 6.

219 3120 251 3165 ›
283 3120 478 3172 num.
519 3098 695 3172 268.
735 3104 799 3171 et
835 3104 1143 3189 sequent.
1201 3100 1564 3189 sapienter
1617 3098 2026 3171 advertunt.
2090 3096 2310 3170 Aliter
2361 3102 2604 3168 tamen
2649 3115 2726 3169 se
2763 3114 2876 3169 res

214 3234 248 3280 ›
281 3212 529 3301 habet,
589 3215 649 3283 si
703 3213 864 3302 quis
916 3211 1455 3300 canonicatum,
1515 3218 1586 3283 et
1638 3210 1994 3282 adnexam
2049 3212 2448 3283 animarum
2501 3228 2743 3281 curam
2797 3210 2877 3282 in

209 3346 247 3392 ι
281 3327 537 3400 eadem
591 3325 889 3398 ecclesia
942 3325 1328 3416 possideat.
1388 3320 1586 3395 Tunc
1637 3325 1831 3395 enim
1894 3322 1967 3395 S.
2018 3320 2093 3394 C.
2146 3322 2357 3397 Conc.
2399 3323 2870 3399 Mediolanen.

211 3463 245 3506 ›
283 3440 399 3512 die
453 3441 528 3511 3.
571 3436 783 3510 Febr.
832 3438 1043 3509 1609.
1103 3434 1143 3533 (
1148 3438 1265 3509 lib.
1311 3436 1427 3511 16.
1471 3433 1771 3534 decret.)
1824 3438 1923 3508 ita
1977 3438 2395 3509 constituit:
2451 3476 2500 3490 -
2536 3435 2608 3508 S.
2652 3433 2871 3528 Cong.

206 3574 241 3618 ι
277 3553 595 3640 censuit,
653 3546 1019 3622 Oratorem
1069 3548 1457 3623 habentem
1511 3567 1694 3621 onus
1748 3567 1962 3621 curae
2016 3551 2417 3621 animarum
2478 3550 2869 3637 adnexum,

203 3685 242 3727 ›
279 3663 341 3733 si
391 3670 745 3752 tempore,
804 3678 944 3750 quo
998 3660 1240 3733 divina
1277 3661 1507 3734 officia
1556 3661 2039 3749 celebrantur,
2080 3661 2330 3734 audiat
2366 3659 2873 3748 confessiones,

200 3795 241 3840 ›
283 3774 396 3846 vel
448 3773 592 3843 alia
648 3770 740 3843 ad
791 3773 1019 3863 ipsam
1071 3791 1318 3845 curam
1369 3774 1813 3863 spectanctia
1867 3779 2242 3861 exerceat,
2298 3770 2560 3845 lucrari
2614 3770 2880 3844 debere

201 3906 238 3950 ›
277 3882 833 3956 distributiones
883 3884 1373 3973 quotidianas,
1428 3884 1706 3956 etiamsi
1761 3881 2037 3956 Divinis
2088 3902 2233 3955 non
2284 3884 2590 3956 intersit.
2627 3908 2666 3951 »
2728 3868 2882 3953 Hoc

195 3995 392 4067 idem
433 3994 744 4067 firmavit
795 3988 958 4087 (lib.
1002 3993 1121 4067 17.
1164 3995 1418 4068 decret.
1453 4015 1624 4087 paq.
1657 3991 1876 4090 230.)
1912 3997 1987 4067 in
2036 3998 2405 4069 Tortonen.
2447 3996 2564 4068 die
2606 3995 2722 4066 19.
2756 3994 2884 4065 Se-

187 4106 555 4198 ptembris
614 4105 830 4176 1643.
889 4106 1368 4179 conditionem
1422 4107 1862 4178 adamussim
1900 4108 2420 4195 determinanS,
2463 4125 2606 4197 qua
2642 4104 2883 4177 distri-

189 4215 546 4290 butiones
598 4216 860 4289 lucrari
913 4224 1157 4307 queat,
1215 4236 1474 4309 nempe
1530 4240 1567 4285 ‹
1608 4221 1665 4290 si
1703 4238 1786 4291 eo
1821 4225 2137 4311 tempore
2172 4222 2267 4294 sit
2303 4223 2374 4292 in
2415 4226 2578 4293 actu
2614 4220 2883 4293 dictam

185 4354 226 4395 ιι
267 4346 534 4401 curam
585 4328 1011 4416 exercendi,
1067 4335 1141 4401 et
1191 4336 1640 4402 sacramenta
1703 4330 2285 4404 administrandi.
2331 4357 2370 4399 »
2442 4329 2684 4422 thue
2749 4331 2887 4403 hoc

187 4439 564 4514 beneficio
603 4459 811 4512 nemo
849 4441 1216 4530 abutatur,
1276 4439 1348 4513 S.
1391 4440 1466 4513 C.
1510 4447 1760 4513 onerat
1796 4441 1932 4517 hac
1967 4443 2041 4514 in
2077 4461 2152 4515 re
2188 4442 2479 4534 parochi
2515 4442 2891 4515 conscien-

181 4553 417 4639 tiam,
472 4560 683 4643 prout
734 4554 1145 4644 nuperrime
1197 4555 1389 4626 cavit
1437 4555 1511 4626 S.
1552 4551 1627 4626 C.
1667 4551 1908 4646 Episc.
1967 4561 2038 4627 et
2088 4551 2349 4647 Regul.
2407 4556 2482 4627 in
2521 4554 2885 4630 Ferentin.

182 4664 516 4737 Distrib.
564 4665 632 4734 1.
675 4662 910 4738 Martii
952 4667 1166 4738 1861.
