3497 5235
918 230 1038 306 csp.
1065 233 1109 290 1.
1150 234 1222 290 De
1263 233 1415 292 statu
1453 233 1714 292 nonnula
1753 234 2032 293 materiali.
2071 237 2124 305 ἓ.
2152 235 2276 291 4-7.
2862 236 2933 298 71

302 370 486 438 natae
518 368 739 439 teneri
779 368 1005 441 edixit
1030 365 1102 441 S.
1128 368 1202 442 C.
1229 368 1438 442 Conc.
1476 370 1548 440 in
1575 369 1887 443 Arimin.
1916 367 2100 443 Med.
2127 376 2381 441 annot.
2419 373 2491 442 7.
2519 366 2682 441 Iulii
2717 371 2932 443 1855.

304 477 648 551 ad1.et2.
708 477 1094 571 Propositis
1146 499 1458 572 namque
1509 481 1751 553 dubiis
1807 504 1845 548 ‹
1889 484 1955 553 1.
1997 482 2097 554 An
2139 482 2490 573 parochus
2526 480 2933 571 Bianchiui‚

300 612 331 658 »
365 585 573 683 (cuius
625 592 1045 683 praebenda
1096 599 1373 666 scutata
1415 594 1578 664 118.
1623 590 2032 687 reddebat),
2094 599 2422 665 teneatur
2475 594 2567 665 ad
2641 594 2938 665 solutio-

299 725 331 769 »
365 720 505 773 nem
553 706 834 777 mediae
884 712 1199 779 annatae
1234 707 1309 776 in
1344 701 1563 776 casu‘i
1600 708 1672 777 2.
1708 704 1814 775 An
1854 704 2205 777 beneficia
2244 704 2707 795 parochialia,
2747 722 2934 794 quae

295 838 327 881 ›
358 817 735 907 attingunt,
792 817 916 888 sed
970 836 1114 889 non
1165 817 1522 889 excedunt
1572 836 1895 888 annuum
1947 817 2254 890 reditum
2292 823 2729 888 scutatorum
2769 834 2936 888 cen-

292 951 323 994 »
356 935 485 999 tum
510 930 665 1000 sint
691 928 1127 1000 declaranda
1148 935 1487 1019 exempta
1518 929 1609 1000 ab
1638 946 1857 1001 onere
1884 928 2154 1000 mediae
2181 934 2499 1000 annatae
2535 930 2607 998 in
2648 921 2848 999 casu?
2891 953 2929 997 >

290 1036 418 1110 Emi
452 1038 705 1112 Patres
739 1043 1284 1131 rescripserunt:
1346 1062 1384 1106 ‹
1431 1039 1531 1111 Ad
1573 1042 1639 1111 1.
1681 1046 1755 1112 et
1789 1042 1860 1110 Ξ.
1907 1038 2367 1111 Affirmative.
2401 1064 2438 1106 »
2497 1035 2934 1112 Monendum

285 1159 396 1235 est,
424 1153 611 1223 circa
652 1153 958 1243 primum
992 1153 1319 1239 dubium,
1361 1151 1734 1248 lectionem
1773 1150 2070 1223 Constit.
2106 1148 2375 1222 Bened.
2405 1146 2611 1221 Xlll.
2650 1152 2724 1221 in
2753 1152 2927 1223 edit.

284 1260 613 1335 llainardi
669 1265 839 1336 anni
883 1266 1094 1337 1736.
1155 1264 1228 1334 in
1280 1282 1390 1351 e0,
1450 1263 1641 1352 quod
1712 1265 2024 1353 pertinet
2095 1264 2188 1334 ad
2259 1263 2452 1335 hunc
2522 1265 2931 1352 articulum,

285 1376 681 1447 mendosam
719 1395 903 1464 esse:
961 1378 1160 1449 addit
1195 1377 1387 1447 enim
1437 1373 1510 1469 ξ.
1562 1376 1844 1447 Provisi
1896 1384 2064 1448 ante
2118 1375 2414 1447 verbum
2451 1376 2938 1451 excedentibus

281 1487 689 1576 particulam
742 1507 916 1569 non,
970 1507 1156 1578 quae
1209 1489 1515 1561 insiticia
1581 1496 1715 1561 est.
1790 1485 2046 1576 Itaque
2114 1488 2452 1559 standum
2522 1493 2633 1559 est
2701 1488 2942 1578 potius

279 1598 546 1670 lectioni
602 1600 680 1668 in
733 1600 1045 1672 editione
1098 1597 1428 1672 Barnabo
1482 1599 1751 1672 Romae
1811 1602 2000 1671 1725
2054 1600 2405 1686 traditae,
2465 1617 2653 1688 quae
2719 1601 2939 1689 parti-

283 1710 492 1781 culam
551 1730 695 1782 non
750 1713 1111 1784 exclusam
1168 1711 1407 1800 refert,
1465 1720 1536 1784 et
1587 1714 1972 1786 concordat
2007 1713 2330 1801 apprime
2366 1730 2523 1782 cum
2565 1730 2678 1798 ea,
2722 1728 2937 1800 quam

280 1822 601 1895 dabimus
640 1825 712 1894 in
751 1825 1109 1896 volumine
1161 1820 1296 1896 ΙΙΙ.
1356 1825 1490 1896 sub
1544 1844 1744 1896 num.
1782 1827 1852 1896 5.
1911 1821 2124 1895 Porro
2177 1820 2670 1909 Blanchinius,
2730 1840 2941 1914 paro-

278 1933 435 2006 chus
492 1936 964 2009 Ariminensis
1015 1938 1446 2025 dioeceseoS,
1505 1936 1871 2008 nitebatur
1921 1936 2206 2008 lectioni
2259 1936 2594 2007 editionis
2631 1931 2941 2004 Mainar-

277 2047 555 2136 dianae,
622 2067 843 2138 quam
895 2055 1136 2120 tamen
1191 2049 1602 2120 mendosam
1655 2048 2099 2120 demonstrat
2160 2047 2403 2118 lolium
2458 2046 2719 2117 allatae
2772 2063 2942 2115 cau-

274 2178 407 2245 sae,
465 2162 611 2230 imo
665 2161 1094 2231 contrariam
1145 2160 1754 2232 declarationibus
1803 2160 2072 2249 pluries
2123 2165 2275 2230 tum
2313 2158 2741 2246 antiquitus,
2785 2164 2936 2228 tum

277 2279 590 2344 recenter
643 2293 685 2342 a
740 2270 813 2342 S.
855 2269 930 2342 C.
973 2271 1182 2344 Conc.
1227 2274 1606 2343 emanatiS.

405 2383 530 2453 44.
575 2379 664 2454 In
699 2381 996 2455 Constit.
1045 2384 1216 2455 Pius
1267 2392 1334 2457 et
1384 2383 1781 2455 misericors
1837 2382 2111 2453 mediae
2147 2388 2461 2453 annatae
2497 2382 2653 2472 lege
2691 2387 2945 2452 tenen-

274 2500 379 2566 tur
430 2496 696 2586 provisi
750 2496 839 2567 de
893 2494 1424 2585 parochialibus
1480 2513 1622 2565 una
1673 2513 1834 2566 cum
1890 2494 2178 2566 incertis
2241 2512 2567 2565 annuum
2629 2492 2940 2565 reditum

275 2614 708 2681 scutatorum
760 2615 1047 2680 centum
1108 2615 1437 2681 monetae
1490 2605 1859 2679 Romanae
1917 2604 2461 2679 excedentibus,
2521 2604 2692 2679 Cum
2748 2607 2937 2679 enim

280 2721 673 2808 quaesitum
713 2718 963 2791 fuisset
998 2720 1070 2790 in
1115 2720 1350 2791 Tibur.
1386 2719 1570 2792 Med.
1614 2738 1790 2790 ann.
1834 2719 1905 2789 4.
1947 2715 2112 2788 Maii
2154 2718 2367 2788 1754:
2407 2740 2442 2784 ‹
2480 2716 2613 2805 An,
2646 2725 2718 2790 et
2753 2734 2941 2809 quae

280 2853 317 2891 t
352 2850 592 2917 onera,
633 2836 706 2902 et
741 2849 927 2920 quae
964 2849 1320 2921 expensae
1348 2830 1816 2903 deducendae
1852 2835 2022 2902 sunt
2054 2848 2141 2901 ex
2179 2829 2532 2902 reditibus
2557 2830 2945 2902 beneficio-

284 2967 319 3010 »
356 2963 504 3014 rum
560 2952 708 3017 tam
761 2951 1196 3021 curatorum.
1254 2962 1471 3034 quam
1524 2963 1669 3015 non
1722 2951 2129 3016 curatorum
2168 2945 2241 3015 in
2277 2941 2498 3015 casu‘i
2531 2969 2568 3011 »
2625 2939 2715 3014 Et
2755 2939 2827 3014 S.
2862 2939 2934 3014 C.

281 3055 387 3126 die
420 3057 611 3128 dicta
667 3057 1051 3147 rescripsit:
1114 3079 1149 3121 ‹
1191 3055 1611 3127 deducenda
1648 3074 1804 3127 esse
1856 3073 2074 3126 onera
2129 3072 2318 3126 mere
2373 3055 2512 3124 fixa
2565 3060 2639 3125 et
2691 3055 2937 3142 realia,

285 3188 324 3232 ›
356 3186 492 3238 non
545 3185 712 3238 vero
757 3168 1158 3258 personalia
1213 3168 1286 3237 in
1338 3166 1709 3238 beneflciis
1745 3167 2036 3254 curatis,
2078 3165 2168 3237 ad
2206 3165 2563 3251 ellectum,
2604 3170 2685 3235 ut
2719 3164 2946 3235 subii-

287 3298 326 3342 »
359 3280 629 3349 ciantur
663 3285 902 3366 taxae,
942 3285 1016 3349 et
1050 3279 1356 3368 amplius
1380 3303 1447 3348 ι».
1483 3274 1574 3349 Ει
1608 3278 1796 3349 hanc
1833 3277 2333 3348 resolutionem
2376 3277 2447 3348 in
2482 3276 2697 3347 simili
2724 3294 2941 3349 causa

286 3385 580 3460 dandam
637 3409 795 3462 esse
849 3390 1209 3483 rescripsit
1248 3390 1319 3460 in
1360 3390 1667 3462 Reatina
1700 3389 1883 3462 Med.
1927 3407 2103 3459 ann.
2152 3388 2267 3458 10.
2312 3383 2479 3458 Maii
2526 3388 2739 3459 1794.

419 3503 530 3573 45.
573 3501 1031 3596 Capellaniae
1087 3503 1374 3575 laicales
1429 3502 1830 3574 adnutum
1886 3500 2329 3588 amovibiles,
2387 3501 2665 3573 etiamsi
2705 3518 2944 3572 sacer-

190 3695 197 3700 ,
296 3609 543 3685 dotales
593 3616 767 3701 sint,
826 3615 1101 3686 mediae
1154 3620 1466 3686 annatae
1522 3613 1995 3704 pensitandae
2066 3630 2528 3701 nequaquam
2596 3612 2938 3684 subsunt.

297 3718 447 3795 Orta
497 3727 686 3796 enim
740 3725 1143 3796 huiusmodi
1198 3726 1703 3811 controversia,
1763 3743 1855 3794 an
1907 3723 2043 3794 sub
2081 3723 2545 3814 dispositione
2584 3723 2945 3795 Constitu-

298 3837 487 3910 tionis
541 3840 713 3910 Pius
748 3846 816 3912 et
849 3840 1245 3910 misericors
1284 3837 2008 3929 comprehenderetur
2042 3837 2443 3928 capellania
2480 3836 2942 3907 sacerdotalis

302 3950 675 4021 amovibilis
725 3949 862 4023 sub
916 3948 999 4021 D.
1048 3950 1329 4023 Antonii
1389 3951 1591 4022 titulo
1645 3951 1719 4021 in
1774 3947 2105 4021 Firmana
2158 3945 2493 4036 dioecesi,
2550 3949 2718 4019 licet
2779 3966 2943 4020 sen-

301 4062 566 4131 tentiam
623 4063 1029 4153 negativam
1087 4069 1455 4134 tuerentur
1503 4063 1832 4134 canonici
1889 4062 2472 4151 metropolitanae
2543 4060 2743 4131 urbis
2794 4059 2946 4134 Fir-

306 4173 409 4258 mi,
444 4172 838 4265 disceptato
873 4172 1120 4245 dubio:
1183 4196 1218 4238 ‹
1268 4171 1369 4243 An
1422 4171 1826 4245 debeantur
1859 4174 2200 4245 ecclesiae
2239 4172 2630 4244 cathedrali
2670 4171 2943 4245 fructus

302 4280 543 4356 dimidii
598 4287 771 4357 anni
830 4288 901 4357 in
954 4304 1126 4358 casu
1165 4279 1253 4354 »2
1309 4284 1425 4357 die
1468 4287 1584 4357 19.
1628 4283 1825 4377 Sept.
1875 4286 2090 4356 1767.
2149 4283 2223 4355 S.
2264 4281 2337 4354 C.
2379 4281 2592 4356 Conc.
2650 4302 2945 4378 respon-

298 4394 412 4468 dit:
465 4422 500 4464 «
541 4395 890 4490 Negative
930 4422 999 4467 ι».

422 4510 535 4582 46.
585 4509 1130 4581 Administratio
1181 4508 1539 4581 redituum
1594 4527 1682 4582 ex
1734 4508 2014 4581 mediae
2066 4515 2380 4581 annatae
2451 4511 2766 4585 collectis
2816 4509 2945 4581 ob-

292 4623 743 4708 venientium,
801 4620 1001 4691 iuxta
1057 4621 1574 4713 praescriptum
1626 4619 2169 4693 constitutionis
2204 4617 2739 4710 Benedictinae,
2777 4617 2948 4711 Epi-
