3497 5235
553 283 673 358 ⁰⁸1²·
697 284 768 342 11.
808 285 882 344 Do
920 285 1184 360 ὴὶιοομ,
1221 285 1631 359 Archiepimpo,
1667 284 1899 344 Prindea
1939 284 1997 342 et
2035 283 2359 343 Pus-rinch&
2403 284 2455 358 ἓ.
2482 283 2532 341 2.
2763 283 2869 346 161

229 426 428 504 tores,
483 419 679 509 ipsos
728 418 1127 491 mortaliter
1174 435 1469 508 peccare
1519 419 1852 507 doceant,
1915 420 2054 490 nisi
2117 420 2434 511 legitima
2496 437 2711 492 causa
2765 440 2892 494 ex-

225 535 555 603 cusentur
602 524 1021 625 (Caietauus
1070 529 1499 620 GenuensiS,
1555 528 1954 618 Gavantu8‚
2010 528 2398 619 PiaseciuS,
2455 529 2893 606 Monacellus

227 642 407 732 apud
458 638 740 713 Ferrar.
804 641 855 712 l.
898 661 961 715 c.
1020 664 1096 715 n.
1137 641 1328 741 92).

348 750 551 835 Quae
603 771 772 826 vero
826 755 1265 828 advertenda
1315 757 1461 827 sint
1499 755 1872 846 speciatim
1910 754 2002 826 ab
2038 751 2390 846 Episcopo
2444 762 2515 827 et
2568 755 2892 829 visitato-

224 864 433 952 ribuS,
489 867 714 938 tradit
748 864 1115 958 Crispinus
1152 869 1418 959 passim
1460 871 1531 938 in
1566 886 1695 939 suo
1730 873 2045 941 tractatu
2083 885 2427 958 persaepe
2464 875 2881 942 memorato,

225 972 517 1067 Insuper
567 979 843 1049 consuli
896 984 967 1051 et
1019 997 1189 1069 prae
1241 980 1465 1051 oculis
1516 979 1767 1052 baberi
1820 986 2157 1069 possunt,
2216 998 2403 1069 quae
2469 980 2886 1071 singulatim

227 1088 514 1161 adnotat
568 1085 844 1161 Monac.
889 1090 1123 1162 Form.
1166 1093 1298 1180 leq.
1348 1089 1525 1181 App.
1586 1091 1660 1161 in
1714 1090 1842 1163 ssn.
1900 1098 1951 1162 t.
2001 1092 2071 1162 4.
2114 1109 2326 1181 supp.
2368 1091 2461 1163 ad
2515 1099 2569 1164 t.
2616 1093 2682 1162 1.
2728 1098 2889 1182 post

225 1219 284 1273 n.
323 1201 498 1272 267.
562 1201 758 1291 apud
808 1198 1084 1274 Ferrar.
1143 1221 1220 1273 n.
1268 1204 1468 1291 121„
1509 1203 1633 1292 qui
1670 1198 2141 1276 Monacellum
2198 1204 2469 1293 integre
2516 1203 2881 1275 exscribit.

226 1309 445 1385 Etiam
499 1308 821 1384 Barbosa
871 1313 956 1385 de
1004 1314 1134 1406 Off.
1177 1322 1244 1387 et
1282 1315 1441 1386 Pot.
1477 1314 1610 1405 Ep.
1669 1330 1744 1403 p.
1787 1310 1924 1385 111.
1969 1313 2196 1406 Alleg.
2242 1315 2361 1386 73.
2420 1334 2459 1385 a
2515 1332 2717 1385 num.
2760 1315 2881 1385 58.

228 1431 284 1496 et
328 1442 488 1514 seq.
551 1442 637 1496 ea
688 1431 1034 1514 recenset,
1091 1443 1278 1515 quae
1332 1424 1423 1496 ab
1476 1423 1830 1516 Episcopo
1880 1424 2242 1497 observari
2296 1423 2600 1513 debent,
2658 1442 2894 1514 quan-

228 1535 619 1626 documque
655 1538 1130 1611 visitationem
1167 1537 1444 1628 aperire
1480 1537 1677 1624 velit,
1721 1555 2001 1610 necnon
2037 1544 2110 1609 et
2144 1555 2256 1624 ea,
2298 1554 2485 1627 quae
2519 1544 2894 1627 praestare

228 1647 425 1720 debet
477 1666 568 1720 eo
620 1655 938 1738 tempore
987 1656 1059 1721 et
1111 1657 1304 1737 actu,
1361 1666 1505 1738 quo
1557 1649 2040 1722 visitationem
2090 1648 2266 1721 obit.
2307 1647 2460 1731 Quo
2496 1650 2571 1720 in
2608 1650 2761 1722 loco
2799 1649 2895 1722 ad

231 1760 339 1832 liu.
381 1779 459 1831 n.
497 1761 622 1831 79.
665 1758 872 1848 baec,
912 1778 1098 1850 quae
1151 1767 1583 1851 sequuntur,
1626 1760 1853 1834 relatu
1899 1762 2117 1853 digna
2169 1762 2546 1834 videntur:
2608 1785 2645 1827 ι
2682 1760 2896 1833 Deui-

232 1895 262 1940 ›
291 1891 435 1963 qne
483 1872 791 1945 visitans
839 1873 899 1944 si
951 1891 1130 1963 quos
1181 1875 1600 1947 criminosos
1652 1874 2027 1963 invenerit,
2068 1875 2354 1965 corrigit
2404 1873 2724 1965 singulos
2762 1890 2891 1963 pro

235 2010 263 2053 ›
296 1984 653 2075 qualitate
703 1985 987 2057 delicti:
1045 1990 1278 2076 potest
1330 1986 1520 2058 enim
1574 1982 1972 2076 Episcopus
2026 1987 2326 2058 visitans
2376 1986 2592 2058 etiam
2646 1993 2893 2075 contra

234 2097 514 2169 »laicos
564 2094 656 2168 de
707 2112 1159 2186 quocumque
1210 2097 1507 2170 crimine
1559 2099 1949 2187 inquirere,
2004 2103 2077 2169 et
2129 2098 2441 2170 notorios
2475 2098 2892 2180 criminosos
2938 2187 2945 2196 ι

237 2229 267 2274 ›
302 2225 426 2297 per
476 2208 797 2298 seipsum
849 2208 1240 2299 corrigere,
1299 2226 1443 2281 non
1496 2217 1740 2282 tamen
1810 2216 1891 2283 ut
1942 2209 2158 2282 iudex
2211 2209 2285 2280 in
2336 2209 2712 2297 omnibus,
2768 2199 2931 2279 sed‘

238 2341 268 2386 ›
303 2326 381 2390 ut
415 2327 709 2411 pastor;
766 2320 934 2409 quia
988 2319 1114 2392 ubi
1166 2320 1258 2392 ad
1295 2339 1601 2411 poenam
1640 2320 2071 2393 ordinariam
2109 2321 2636 2395 deveniendum
2675 2327 2892 2409 essct,

239 2454 269 2499 ›
304 2450 442 2503 non
493 2432 917 2505 indistincte
966 2439 1201 2523 potest
1253 2435 1635 2524 procedere
1688 2430 2126 2525 Episcopus,
2184 2435 2353 2523 quia
2407 2433 2682 2506 fructus
2733 2433 2905 2505 visi-

238 2567 270 2610 »
305 2545 597 2617 tationis
650 2551 762 2617 est
815 2546 1051 2637 potius
1104 2547 1655 2636 commendatiO,
1713 2564 1931 2637 quam
1985 2546 2292 2637 punitio,
2349 2552 2430 2617 ut
2484 2553 2774 2620 notatur
2827 2545 2902 2616 in

239 2681 273 2724 ›
308 2656 472 2749 Cap.
517 2657 1133 2749 Inquisitionibus,
1185 2657 1270 2730 de
1320 2661 1569 2731 Aecus.
1617 2683 1653 2725 ν
1729 2654 1817 2730 In
1868 2659 2193 2731 eamdem
2255 2658 2400 2730 fere
2461 2659 2899 2731 sententiam

238 2768 540 2859 loquitur
592 2770 782 2841 idem
838 2768 1095 2841 Auctor
1148 2768 1281 2840 loc.
1324 2771 1445 2841 cit.
1493 2790 1571 2842 n.
1616 2770 1735 2841 31.

374 2882 491 2954 40.
552 2879 879 2970 Decreta,
919 2899 1106 2971 quae
1144 2882 1217 2954 in
1254 2888 1416 2954 actu
1467 2900 1529 2952 s.
1571 2881 2004 2955 visitationis
2041 2882 2133 2954 ab
2167 2878 2548 2972 Episcopo,
2588 2880 2701 2951 vel
2736 2880 2905 2950 visi-

243 2993 582 3065 tatoribus
630 2994 824 3067 edita
877 2993 1170 3083 luerint,
1227 2993 1631 3065 necessario
1684 2995 2119 3087 promulgari
2180 2994 2491 3081 debent,
2563 3000 2641 3065 ut
2700 3009 2903 3065 exse-

244 3106 489 3177 cutioni
546 3104 874 3176 mandari
926 3111 1224 3195 queant.
1280 3101 1476 3187 Quae
1525 3106 1704 3177 ratio
1758 3107 1830 3177 in
1884 3106 2293 3179 huiusmodi
2330 3103 2899 3195 promulgatione

243 3216 575 3288 servanda
627 3216 750 3304 sit,
804 3215 1141 3307 prudenti
1194 3212 1526 3306 Episcopi
1581 3215 1877 3289 arbitrio
1912 3218 2394 3307 relinquitur3
2452 3223 2623 3289 sunt
2673 3217 2896 3305 enim,

243 3328 356 3416 qui
381 3346 533 3400 eam
562 3326 751 3399 effici
787 3327 1113 3416 iubeant,
1146 3336 1523 3417 postquam
1562 3347 1601 3398 a
1638 3330 1792 3401 loco
1830 3330 2257 3401 visitationis
2287 3328 2791 3416 abscesserint,
2831 3334 2904 3399 et

244 3447 422 3527 suut,
477 3442 603 3530 qui
648 3446 1038 3530 antequam
1076 3440 1370 3529 abeant,
1413 3440 1483 3512 id
1521 3442 1673 3513 fleri
1709 3447 1989 3530 curent,
2032 3447 2241 3536 prout
2277 3441 2607 3514 observat
2642 3438 2910 3530 Crispi-

245 3566 372 3620 nus
411 3552 551 3625 Vis.
595 3551 801 3623 Post.
842 3547 920 3620 P.
955 3547 1093 3621 III.
1134 3549 1208 3646 ἓ.
1250 3552 1397 3638 18.,
1441 3552 1562 3624 ubi
1614 3554 1867 3624 itidem
1919 3553 2253 3643 advertit,
2313 3552 2704 3644 aliquando
2755 3559 2905 3625 toto

249 3661 559 3735 adstante
596 3662 785 3735 clero
819 3663 973 3735 sine
1009 3662 1300 3753 populo,
1333 3664 1723 3753 aliquando
1751 3682 1989 3737 coram
2014 3665 2307 3757 populo,
2341 3665 2734 3755 aliquando
2762 3664 2911 3754 pri-

248 3775 446 3847 vatim
497 3794 738 3847 coram
787 3776 902 3863 iis,
943 3793 1246 3865 quorum
1300 3777 1625 3864 interest,
1665 3776 1950 3849 decreta
1986 3777 2423 3869 promulgari
2456 3778 2681 3849 satius
2717 3794 2901 3848 esse.

379 3886 494 3958 41.
552 3884 753 3958 Circa
805 3887 1353 3978 appellationem
1408 3909 1448 3959 a
1503 3889 1809 3961 decretis
1861 3887 1953 3960 ab
1988 3885 2342 3980 Episcopo
2397 3890 2471 3960 in
2524 3893 2689 3959 actu
2741 3887 2909 3958 visi-

255 3999 522 4071 tationis
575 4001 930 4072 emanatis
964 3999 1303 4073 standum
1341 4006 1449 4071 est
1483 3998 1782 4072 Constit.
1825 3996 2091 4072 Bened.
2137 3996 2328 4071 xlv.
2373 3999 2589 4089 incip.
2632 3998 2740 4071 Ad
2775 3998 2909 4069 mi-

252 4105 507 4183 litantis
546 4111 906 4184 Ecclesiae
954 4112 1025 4182 3.
1067 4108 1233 4182 Kal.
1273 4110 1435 4203 Apr.
1478 4111 1690 4182 1742.
1733 4107 2012 4183 Ibidem
2050 4112 2385 4183 Summus
2424 4111 2540 4182 ille
2577 4107 2907 4182 Pontifex

256 4234 442 4292 casus
475 4240 725 4295 omnes
760 4229 1159 4311 enumerat,
1201 4222 1274 4293 in
1312 4222 1580 4313 quibus
1615 4222 2000 4313 appellatio
2037 4223 2452 4295 conceditur
2503 4223 2575 4293 in
2628 4223 2911 4295 devolu-

254 4328 381 4402 tivo
405 4332 803 4422 dumtaxat,
838 4334 1126 4406 minime
1164 4352 1327 4405 vero
1361 4335 1437 4406 iu
1466 4334 1906 4426 suspensivo,
1934 4339 2014 4406 ut
2048 4334 2253 4406 aiunt
2288 4332 2651 4421 forenseS‚
2691 4334 2910 4423 idque

257 4445 393 4513 tum
440 4447 722 4534 accidit,
781 4445 1072 4536 quando
1123 4446 1527 4518 sententiae
1562 4447 1925 4518 exsecutio
1963 4447 2244 4517 interim
2283 4464 2433 4517 non
2471 4446 2906 4534 retardatur,

256 4552 510 4628 etiamsi
561 4559 818 4630 iterum
853 4557 1238 4649 disceptari
1274 4576 1562 4630 causam
1613 4575 1758 4628 non
1798 4557 2272 4630 interdicitur.
2314 4555 2915 4632 constitutionem

259 4658 432 4739 hanc
477 4668 825 4761 integram
877 4667 1212 4742 dabimus
1264 4669 1336 4740 in
1389 4669 1529 4741 vol.
1570 4665 1708 4741 ΙΙΙ.
1766 4668 1903 4741 sub
1955 4687 2159 4742 num.
2205 4669 2326 4741 14.

466 4812 644 4867 Luam,
677 4811 814 4859 vicie.
841 4810 981 4858 Βοῦν.
1009 4810 1151 4866 Lim„
1179 4809 1299 4857 edit.
1328 4809 1421 4855 111.
1457 4807 1557 4856 Vol.
1588 4810 1626 4855 1.
2641 4814 2690 4856 11
