3497 5235
536 309 656 373 506
1282 305 1651 365 luti-notioni·
1693 305 1746 363 fl.
1780 305 1963 379 congr.
1995 304 2142 363 Οοιιο.
2184 303 2455 378 expositio.

681 468 718 508 »
759 438 848 513 Et
901 441 1281 512 novissime
1335 441 1409 510 in
1466 439 1986 520 Salernitana,
2042 437 2511 518 Edictorum,
2566 435 2740 523 ubi,
2807 453 2969 507 cum
3023 435 3208 506 inter

539 578 576 623 ›
616 560 851 626 cetera
886 551 1290 624 discussum
1342 551 1598 623 fuerit:
1656 553 1729 623 2.
1771 548 1880 621 An
1935 549 2324 640 dignitates
2375 556 2448 620 et
2491 548 2813 622 canonici
2865 545 3212 638 praedicti

545 691 584 735 ν
624 666 775 757 cogi
830 665 1103 756 possint
1158 665 1249 735 ad
1303 664 1780 737 incedendum
1830 664 1905 733 in
1941 661 2193 735 habitu
2248 662 2455 733 talari
2496 678 2721 749 usque
2757 658 2849 729 ad
2884 677 3212 731 occasum

543 802 580 847 ›
619 778 814 866 solis,
871 785 1166 868 excepta
1222 782 1464 848 tamen
1516 775 1888 849 occasione
1940 775 2160 847 eundi
2214 774 2307 846 ad
2358 774 2510 846 loca
2557 764 2871 844 ruralia?
2924 777 2996 842 et
3031 789 3209 860 qua-

544 915 581 957 »
622 895 835 960 tenus
875 887 1323 959 affirmative.
1384 890 1454 958 3.
1496 885 1603 957 An
1658 887 2002 958 adversus
2054 886 2442 976 dignitates
2487 891 2560 957 et
2594 882 2972 957 canonicos
3011 899 3215 972 prae-

546 1026 582 1067 »
624 999 851 1072 dictos
887 998 961 1069 in
997 1016 1167 1070 casu
1225 997 1755 1069 inobedientiae
1806 998 1900 1068 sit
1954 996 2492 1088 procedendum
2545 998 2759 1067 etiam
2817 1013 2941 1085 per
2979 994 3218 1083 inqui-

542 1134 582 1176 ι
619 1104 998 1181 εἰῑίουθῐηῖ
1035 1108 1172 1180 sub
1211 1108 1326 1181 die
1363 1110 1485 1180 27.
1522 1106 1888 1200 Septemb.
1928 1109 2141 1179 1732.
2185 1108 2446 1198 prodiit
2484 1108 2950 1197 rescriptum:
2993 1106 3103 1176 Ad
3140 1106 3209 1175 2.

540 1247 581 1293 >
622 1221 1086 1310 Affirmative,
1146 1220 1249 1292 Ad
1304 1224 1376 1292 3.
1435 1219 1540 1293 Ad
1595 1228 1951 1309 mentem;
2023 1220 2343 1307 scilicet,
2420 1221 2612 1310 quod
2682 1219 3039 1291 scribatur
3099 1216 3222 1287 Ar·

542 1360 582 1402 ›
622 1332 1096 1423 chiepiscopO,
1154 1339 1232 1405 ut
1288 1334 1484 1423 prius
1539 1338 1825 1423 moneat
1863 1332 2081 1404 semel
2130 1339 2347 1421 atque
2402 1333 2704 1417 iterum3
2761 1332 2820 1401 si
2859 1327 3216 1401 autemid

545 1470 582 1512 ›
621 1462 766 1515 non
803 1443 1139 1531 sufficiat,
1180 1444 1609 1533 procedatur
1660 1445 1876 1515 etiam
1932 1462 2017 1514 ex
2071 1443 2300 1515 officio
2353 1449 2423 1515 et
2467 1463 2595 1534 per
2648 1443 3215 1532 inquisitionem,

546 1556 722 1626 »ita
777 1560 1018 1626 tamen
1051 1606 1070 1642 ,
1146 1561 1227 1625 ut
1280 1572 1649 1644 processus
1704 1554 1830 1627 fiat
1885 1555 2038 1626 sine
2091 1556 2591 1628 emolumentis
2643 1557 2882 1627 curiae
2950 1554 3223 1626 archie-
3260 1557 3287 1592 ⁸

546 1690 584 1734 >
625 1664 1029 1758 piscopatis.
1089 1660 1295 1759 (Lib.
1333 1664 1454 1738 82.
1496 1666 1752 1738 decret.
1787 1685 1957 1758 paq.
2000 1660 2291 1762 ⁴539.»
2348 1663 2438 1738 Et
2478 1668 2550 1738 in
2587 1668 2839 1738 eadem
2889 1668 3046 1759 ipsa
3098 1668 3223 1736 Bi-

542 1778 845 1848 saccien.
889 1778 1247 1867 proposito
1289 1778 1404 1847 10.
1447 1777 1694 1848 dubio:
1757 1800 1794 1842 «ι
1831 1764 1933 1847 An
1970 1785 2041 1850 et
2078 1779 2432 1867 quomodo
2468 1780 2561 1850 sit
2597 1778 3030 1850 servandum
3073 1778 3227 1849 edi-

545 1913 584 1957 »
626 1895 817 1961 ctum
858 1888 1379 1979 promulgatum
1435 1888 1525 1959 ab
1578 1885 1929 1981 Episcopo
1967 1907 2183 1979 super
2236 1889 2594 1962 delatione
2642 1887 2935 1960 babitus
2975 1889 3222 1960 talaris

548 2024 587 2068 ›
628 2001 702 2071 in
758 1994 976 2070 casu?
1032 2000 1146 2072 die
1206 2002 1319 2071 15.
1380 1997 1590 2073 Mart.
1637 2002 1854 2072 1738.
1915 1999 1988 2072 S.
2031 1999 2104 2072 C.
2162 1999 2374 2075 Conc.
2435 2002 2838 2091 rescripsit:
2898 2000 3230 2072 Affirma-

549 2137 589 2179 ι
634 2114 775 2184 tive
807 2164 827 2200 ,
896 2113 1258 2184 moderata
1310 2131 1539 2204 poena
1594 2116 1666 2185 in
1722 2132 1864 2184 uno
1918 2114 2176 2203 ducato
2232 2120 2510 2186 tantum
2543 2166 2563 2202 ,
2639 2115 2815 2185 citra
2868 2112 3227 2203 approba-

549 2246 586 2291 »
626 2225 892 2296 tionem
928 2224 1399 2311 limitationiS‚
1441 2232 1513 2297 et
1547 2225 1879 2315 amplius.
1917 2251 1954 2291 »
2012 2223 2223 2297 Porro
2272 2223 2671 2317 Episcopus
2710 2242 3018 2314 poenam
3059 2243 3230 2295 con-

496 2408 515 2423 κ
548 2342 653 2405 tra
708 2336 921 2407 edicti
973 2337 1083 2406 sui
1137 2336 1513 2409 violatores
1563 2337 1984 2409 ducatorum
2038 2337 2360 2426 quinque
2414 2326 2910 2407 constitueratss

697 2566 964 2641 «xlv,
1039 2571 1139 2643 An
1192 2572 1597 2646 habeantur
1665 2573 2146 2646 conterentiae
2215 2572 2612 2664 theologiae
2688 2572 3023 2661 moralis,
3093 2591 3228 2645 seu

554 2707 591 2749 ›
629 2700 923 2754 casuum
978 2687 1482 2774 conscientiae,
1539 2692 1609 2758 et
1662 2687 1879 2758 etiam
1931 2703 2289 2756 sacrorum
2345 2686 2635 2773 rituum,
2693 2691 2764 2756 et
2815 2693 2994 2774 quot
3045 2686 3220 2756 vici-

554 2818 591 2860 ›
631 2792 769 2863 bus
822 2794 1252 2883 habeantur,
1310 2805 1381 2870 et
1435 2798 1557 2886 qui
1612 2798 1753 2870 illis
1806 2797 2182 2883 intersint,
2239 2803 2309 2868 et
2364 2798 2657 2886 quinam
2714 2797 3075 2886 profectus
3130 2817 3220 2870 ex

555 2929 592 2972 ν
635 2905 774 2975 illis
826 2905 1208 2979 habeatur.
1244 2932 1281 2975 ι»

686 3150 1109 3213 8οκκᾼιιιυκ.
1163 3150 1313 3212 457.
1372 3146 1794 3213 Collationum
1853 3146 2335 3211 sacerdotalium
2407 3166 2554 3212 usus
2616 3146 3093 3231 antiquissimus
3157 3157 3224 3212 et

553 3248 1024 3333 receptissimus
1058 3249 1220 3313 ultra
1257 3261 1527 3314 monteS.
1567 3286 1609 3297 -
1641 3252 1790 3314 458.
1829 3251 1965 3313 Non
2004 3248 2083 3311 ita
2119 3247 2197 3313 de
2233 3248 2395 3313 ltalia
2430 3248 2776 3314 accidebat.
2815 3285 2858 3297 -
2893 3251 3048 3313 459.
3090 3249 3221 3311 Pri-

548 3367 691 3414 mus
739 3350 1003 3439 easdem,
1044 3350 1293 3416 induxit
1342 3355 1409 3417 S.
1448 3352 1706 3418 Carolus
1755 3355 2197 3416 Boi-romaeus.
2233 3387 2275 3398 -
2311 3355 2460 3417 460.
2501 3356 2567 3418 S.
2596 3352 2796 3417 Caroli
2849 3353 3216 3437 exemplum

549 3452 751 3517 secuti
798 3465 949 3518 sunt
996 3453 1202 3520 ltaliae
1238 3454 1558 3539 Episcopi.
1591 3489 1633 3501 —
1670 3457 1820 3519 461.
1862 3454 2268 3518 peculiariter
2301 3473 2453 3517 vero
2490 3453 2725 3518 Bened.
2766 3457 2925 3519 xiil.
2968 3473 3216 3518 earum-

552 3551 698 3618 dem
748 3554 1238 3621 celebrationem
1293 3556 1357 3620 in
1409 3557 1691 3621 Concilio
1741 3559 2021 3621 Romano
2074 3556 2506 3641 praescripsit.
2541 3592 2583 3603 —
2617 3560 2772 3621 462.
2813 3556 3210 3641 Apostolicae

552 3655 734 3722 Sedis
782 3676 960 3722 mens
1009 3677 1080 3723 ea
1131 3656 1366 3722 iamdiu
1418 3656 1536 3722 suit
1585 3668 1648 3723 et
1696 3657 1889 3722 hodie
1941 3670 2057 3732 est,
2111 3671 2178 3722 ut
2213 3659 2474 3723 eaedem
2520 3658 2759 3742 ubique
2798 3661 3079 3724 locorum
3117 3678 3217 3723 ce·

555 3756 915 3822 lebrentur.
965 3796 1008 3808 -
1054 3763 1203 3824 463.
1260 3762 1327 3823 ln
1374 3779 1502 3844 quo
1553 3759 1735 3824 etiam
1789 3771 1977 3844 atque
2028 3760 2213 3825 etiam
2269 3759 2453 3824 instat
2504 3766 2565 3828 S.
2618 3765 2857 3849 Congr.
2909 3763 3101 3826 Cone.
3156 3759 3217 3824 in

556 3860 1073 3943 responsionibus
1121 3860 1198 3926 ad
1248 3862 1619 3946 Episcopos!
1659 3899 1701 3910 -
1737 3865 1887 3927 464.
1945 3861 2157 3930 Sicubi
2194 3861 2274 3926 ob
2318 3863 2672 3945 peculiares
2721 3865 3216 3929 circumstantias

554 3960 768 4026 haberi
821 3982 945 4027 non
996 3962 1217 4039 datur,
1270 3966 1610 4049 suppletur
1672 3963 2043 4049 praesertim
2109 3982 2224 4047 rer
2286 3967 2690 4049 quaestiones
2739 3965 2819 4030 de
2873 3986 2945 4030 re
3003 3963 3210 4031 morali

554 4082 623 4128 ac
675 4063 923 4152 liturgia
974 4066 1037 4128 in
1088 4064 1447 4130 calendario
1496 4066 1851 4151 propositas
1885 4087 1914 4129 a
1947 4066 2211 4151 singulis
2258 4066 2647 4143 enodandas,
2702 4079 2767 4131 et
2815 4069 3030 4133 curiae
3079 4067 3213 4130 mit·

555 4164 812 4244 tendas;
868 4188 1043 4252 quam,
1081 4168 1127 4231 si
1166 4187 1325 4252 opus
1356 4167 1459 4243 sit,
1498 4167 1861 4233 emendatas
1894 4188 1971 4232 ex
2006 4186 2073 4231 ea
2113 4168 2420 4252 recipiant
2454 4181 2763 4233 auctores.
2788 4205 2831 4216 -
2867 4173 3023 4234 465.
3057 4171 3211 4245 Quae

550 4288 771 4334 norma
818 4269 1124 4335 servanda
1172 4271 1290 4346 sit,
1359 4269 1545 4335 docet
1593 4271 1933 4336 methodus
1982 4293 2011 4334 a
2064 4271 2299 4336 Bened.
2356 4274 2516 4336 xtlt.
2572 4271 2637 4336 in
2687 4275 2889 4337 Cone.
2943 4276 3206 4337 Romano

548 4373 903 4457 proposita.
939 4410 981 4421 -
1015 4377 1161 4438 466.
1217 4372 1621 4450 Quaestiones
1667 4394 1865 4458 super
1913 4373 2265 4458 disciplinis
2314 4374 2748 4440 ecclesiasticis
2798 4373 3073 4461 proponi
3114 4390 3203 4434 so-

550 4472 689 4537 litas
740 4476 801 4540 in
852 4475 1134 4540 ecclesiis
1197 4476 1358 4539 ultra
1423 4487 1673 4542 montes
1724 4481 1786 4544 S.
1828 4480 2068 4563 Congr.
2120 4476 2354 4552 laudat,
2406 4490 2681 4542 attamen
2733 4478 2959 4564 exigit,
3013 4489 3075 4541 ut
3118 4471 3202 4536 rei

547 4578 803 4640 moralis
850 4597 919 4642 ac
971 4576 1301 4663 liturgicae
1351 4579 1727 4663 disceptatio
1780 4599 1904 4644 non
1954 4580 2144 4643 desit.
2182 4615 2224 4626 —
2260 4585 2408 4645 467.
2451 4585 2540 4644 Ex
2579 4585 2773 4644 Conc.
2817 4586 3002 4646 Rom.
3039 4593 3198 4665 prae-

543 4678 785 4761 scripto
831 4680 1097 4764 singulis
1145 4681 1651 4749 hebdomadibus
1698 4682 1766 4748 hi
1815 4695 2031 4748 coetus
2078 4682 2355 4748 habendi
2401 4693 2587 4761 sunt;
2639 4683 2833 4749 hodie
2884 4696 3086 4748 tamen
3118 4693 3195 4744 to·
