3497 5235
592 273 709 339 264
1344 278 1712 337 Instructienia
1754 277 1807 335 8.
1834 275 2016 351 congr.
2045 278 2191 338 ῦοιιο.
2231 282 2503 357 expetitio.

592 438 631 481 »
673 414 882 484 liceat
932 411 1210 503 aliquid
1277 411 1579 500 recipere
1636 430 1770 502 pro
1821 412 2046 483 literis
2119 412 2711 484 dimissorialibus
2777 431 2897 483 seu
2965 413 3245 486 testiino-

591 550 630 593 »
673 525 978 596 nialibus
1032 524 1309 596 ratione
1360 522 1581 615 siqilli
1634 523 1740 594 vel
1803 523 2097 595 alterius
2150 521 2467 596 causae?
2504 548 2541 589 »
2615 520 2689 593 S.
2731 519 2809 594 C.
2848 524 3241 614 respondit:

590 661 629 705 2>
680 635 1040 710 Vicarium
1094 634 1574 724 capitularem
1627 634 1807 705 nihil
1876 653 2069 724 posse
2111 636 2468 724 percipere
2518 635 2735 708 etiam
2794 654 2927 725 pro
2978 637 3250 729 siqillo,

593 773 633 814 ν
674 765 815 819 ηοη
852 749 1165 820 obstante
1202 748 1738 820 immemorabili
1773 749 2248 820 observantia.
2300 748 2680 820 Notarium
2715 766 2877 821 vero
2928 769 3047 821 seu
3103 769 3252 822 can-

596 885 636 926 »
677 860 1077 940 cellarium,
1129 859 1191 928 si
1228 859 1502 930 nullum
1535 859 1783 931 habeat
1829 860 2182 932 salarium
2233 866 2360 931 aut
2420 860 2846 949 stipendium
2893 879 3023 950 pro
3057 862 3253 953 officio

596 997 635 1038 »
672 971 1083 1052 exercendo,
1103 990 1301 1062 posse
1329 989 1461 1062 pro
1495 971 2085 1043 dimissorialibus
2124 973 2348 1045 literis
2379 972 2724 1043 decimam
2758 979 3033 1063 partem
3059 973 3253 1045 unius

596 1110 635 1153 »
677 1084 876 1156 aurei
925 1085 1259 1173 recipere,
1313 1085 1418 1155 ita
1468 1089 1738 1165 tamen,
1791 1089 1868 1156 ut
1921 1083 2099 1155 nihil
2152 1084 2413 1157 directe
2463 1085 2569 1156 vel
2608 1084 2946 1156 indirecte
2992 1085 3260 1158 Vicario

596 1219 635 1264 ›
667 1196 1064 1286 proveniat.
1103 1219 1140 1263 ›
1197 1191 1543 1285 Idemque
1578 1197 1831 1268 statuit
1867 1197 1940 1267 in
1981 1197 2227 1268 Goana
2279 1196 2637 1286 proposita
2688 1197 2874 1269 inter
2910 1197 3256 1288 supplices

591 1306 869 1379 libellos
922 1309 996 1378 in
1048 1304 1609 1398 Congregatione
1679 1309 1821 1380 diei
1878 1309 1948 1379 6.
2008 1305 2216 1380 Mart.
2283 1308 2494 1380 1847.
2557 1327 2683 1399 per
2751 1309 2928 1381 haec
3000 1308 3251 1381 verba:

597 1442 635 1485 ι
677 1419 1197 1500 Emolumenta,
1248 1438 1456 1511 quae,
1508 1419 1663 1490 sede
1705 1420 1970 1510 plena,
2023 1420 2119 1492 ad
2182 1420 2541 1493 Vicarium
2596 1419 3002 1493 Generalem
3052 1420 3260 1511 perti-

593 1555 633 1596 »
674 1532 1021 1612 nuissent,
1085 1531 1363 1602 Vicario
1422 1532 1847 1622 capitulari,
1891 1533 2044 1603 sede
2094 1539 2426 1614 vacante,
2470 1540 2846 1623 competere
2863 1555 2895 1619 ,·
2944 1554 3028 1605 ea
3082 1552 3258 1614 vero,

595 1670 634 1715 ›
672 1665 850 1736 quae
900 1646 995 1716 ad
1044 1645 1697 1736 Archiepiscopum,
1752 1645 2129 1716 successori
2181 1645 2752 1735 Archiepiscopo,
2812 1645 3078 1716 secluso
3122 1645 3263 1735 pri-

595 1781 634 1826 »
674 1756 924 1847 vileqio
976 1757 1397 1847 Apostolico,
1448 1776 1589 1828 esse
1641 1756 2108 1838 reservanda,
2162 1775 2302 1827 non
2357 1757 2671 1829 obstante
2707 1756 3078 1828 contraria
3115 1775 3261 1828 con-

594 1893 634 1934 »
675 1868 1037 1939 suetudine
1088 1869 1302 1939 etiam
1353 1869 1920 1940 immemorabili.
1958 1893 1995 1934 »
2063 1863 2318 1956 Itaque
2370 1886 2585 1958 super
2643 1869 3055 1940 huiusmodi
3109 1886 3261 1940 con-
3306 1943 3329 1970 .

592 1978 963 2065 troversia,
1004 1973 1162 2048 non‘
1200 1981 1445 2067 paucis
1499 1981 1841 2069 utrinque
1878 1978 2118 2052 allatis
2170 1981 2640 2070 argumentis,
2698 1977 2894 2051 Eritis
2937 1977 3261 2051 Patribus

594 2091 1037 2180 propositum
1087 2097 1197 2162 est
1247 2089 1592 2161 dubium:
1654 2114 1692 2157 ι
1731 2091 1834 2163 An
1888 2097 2166 2163 constet
2219 2092 2306 2163 de
2357 2091 2547 2163 bono
2600 2091 2754 2163 iure
2793 2089 3105 2181 Capituli
3159 2107 3261 2160 ca-

595 2225 634 2269 »
676 2201 1021 2272 thedralis
1060 2197 1437 2272 larinensis
1473 2202 1937 2275 adiudicandi
1991 2204 2127 2275 sibi
2174 2203 2685 2290 emolumenta,
2730 2220 2916 2292 quae
2950 2208 3261 2291 tempore

595 2337 634 2380 »
674 2312 866 2384 sedis
903 2313 1220 2384 vacantis
1273 2331 1360 2385 ex
1415 2315 1900 2388 iurisdictione
1935 2323 2007 2387 et
2040 2315 2271 2407 sigillo
2325 2317 2590 2402 curiae,
2652 2319 2776 2386 aut
2821 2313 2999 2384 alias
3049 2312 3263 2385 unde-

594 2450 633 2491 »
674 2442 980 2513 cumque
1034 2425 1506 2514 proveniunt3
1545 2445 1690 2498 -seu
1729 2429 1968 2517 potins
2019 2428 2269 2499 eadem
2317 2426 2798 2498 emolumenta
2835 2422 3261 2497 reservanda

597 2560 634 2601 »
675 2537 821 2608 sint
862 2535 1399 2628 Archiepiscopo
1451 2539 1836 2610 successori
1879 2540 1949 2610 in
1991 2532 2207 2610 casu?
2238 2563 2275 2604 »
2333 2535 2407 2608 S.
2449 2534 2525 2608 C.
2568 2535 2778 2610 Cone.
2823 2536 2940 2607 die
2976 2536 3098 2606 26.
3141 2532 3262 2605 Fe·

589 2647 835 2720 brnar.
883 2648 1094 2721 1856.
1152 2651 1556 2740 rescripsit:
1619 2672 1656 2715 αι
1688 2649 1952 2739 Dilata,
1994 2658 2063 2723 et
2101 2651 2615 2723 coadiuventur
2652 2648 3112 2740 probationes
3147 2665 3267 2718 sn-

598 2784 637 2828 »
676 2778 803 2850 per
855 2762 1234 2833 existentia
1287 2763 1869 2834 immemorabilis
1921 2762 2489 2834 consuetudinis.
2526 2787 2563 2828 »

742 2872 912 2943 247.
971 2871 1142 2947 Cnm
1195 2875 1439 2963 itaque
1493 2876 1742 2948 eadem
1799 2893 2014 2947 cansa
2069 2876 2324 2948 iterum
2377 2876 2451 2946 in
2505 2873 3106 2945 consultationem
3146 2888 3265 2942 vo-

595 2989 754 3055 cata
791 2982 1041 3056 inisset
1075 2987 1190 3057 die
1224 2988 1344 3057 28.
1388 2983 1595 3058 Mart.
1643 2988 1891 3074 1857„
1935 2983 2290 3058 Ianuense
2326 2982 2734 3075 Capitulum
2772 3002 2934 3055 curn
2974 2984 3047 3054 in
3081 2980 3265 3052 facto

595 3096 1229 3170 immemorabilem
1301 3098 1890 3171 consuetudinem
1963 3100 2034 3169 in
2096 3097 2414 3170 themate
2483 3113 2630 3168 non
2700 3096 2952 3168 deesse
3009 3111 3264 3184 propu-

598 3205 891 3297 gnabat,
949 3214 1104 3279 tum
1157 3210 1231 3280 in
1283 3210 1433 3280 inre
1485 3210 2134 3297 animadvertebat,
2192 3208 2368 3281 illud
2423 3210 2618 3300 apud
2665 3226 2913 3280 omnes
2949 3207 3264 3278 doctores

593 3326 961 3408 receptum
995 3337 1177 3407 esse,
1218 3326 1298 3391 ut
1334 3319 1473 3409 lex,
1514 3339 1699 3411 quae
1740 3321 2131 3412 generatim
2171 3320 2673 3393 consuetudini
2712 3318 3034 3411 derogat,
3073 3313 3264 3386 haud

595 3429 862 3503 afficiat
915 3433 1509 3505 consuetudinem
1563 3431 2224 3519 immemorabilem,
2285 3434 2421 3504 nisi
2476 3449 2809 3523 expresse
2863 3430 2935 3503 id
2980 3434 3263 3502 cautum

596 3540 833 3613 fuerit.
877 3536 1300 3631 (Fermosin.
1343 3545 1427 3616 de
1466 3545 1670 3618 Cons.
1711 3565 1828 3636 qu.
1860 3544 1932 3618 3.
1993 3564 2066 3616 n.
2104 3543 2228 3617 29.
2275 3545 2497 3617 Gloss.
2538 3545 2613 3616 2.
2672 3563 2748 3615 n.
2785 3543 2943 3626 12„
2980 3544 3051 3614 S.
3083 3538 3262 3611 Rota

597 3654 764 3725 Dec.
793 3653 959 3728 614.
1002 3675 1077 3726 n.
1106 3655 1175 3728 1.
1210 3657 1448 3746 p.II.,
1475 3657 1688 3729 decis.
1719 3657 1892 3730 286.
1927 3677 2002 3728 n.
2038 3656 2106 3729 1.
2145 3676 2221 3747 p.
2259 3657 2380 3730 IV.
2422 3664 2588 3731 tom.
2636 3656 2703 3728 1.
2748 3655 3091 3749 Recent.).
3131 3647 3265 3722 Ne-

598 3783 738 3854 que
777 3766 1047 3855 aliquid
1083 3767 1363 3839 officere
1416 3769 1935 3840 declarationes
1986 3769 2059 3839 in
2116 3768 2361 3841 Goana
2407 3775 2475 3841 et
2511 3769 2759 3840 Elven.
2802 3767 3034 3838 editas
3083 3765 3263 3836 idem

595 3874 999 3969 Capitulum
1054 3880 1573 3968 contendebat3
1632 3880 1730 3951 ibi
1771 3876 1960 3951 enini
2000 3897 2112 3951 res
2149 3883 2301 3951 erat
2338 3898 2499 3950 cum
2543 3876 2813 3949 Vicario
2849 3873 3255 3968 Capitulari,

599 3988 903 4079 aliisque
953 3990 1193 4061 curiae
1246 3990 1698 4079 officialibus,
1759 3992 1882 4081 qui
1933 4010 2060 4082 pro
2114 3990 2273 4063 aliis
2325 3989 2813 4080 praescribere
2868 3990 3255 4080 nequeunt,

595 4106 844 4189 utpote
897 4120 1247 4191 personae
1299 4102 1680 4175 distinctae
1712 4155 1731 4190 ,
1805 4121 2039 4193 neque
2091 4120 2309 4173 unam
2371 4101 2843 4190 eamdemque
2895 4115 3257 4191 personam

597 4229 756 4282 cum
809 4213 1334 4285 successoribus
1387 4215 1927 4286 constituentes.
1995 4212 2077 4284 At
2133 4214 2206 4283 in
2257 4232 2431 4286 casu
2483 4211 2571 4284 de
2624 4229 2917 4303 corpore
2972 4206 3252 4291 morali,

597 4340 851 4413 nempe
903 4321 1226 4417 Capitulo
1263 4326 1637 4416 agebatur,
1694 4327 1896 4398 cuius
1936 4341 2236 4416 persona
2277 4342 2649 4414 nunquam
2698 4324 3019 4411 moritur,
3060 4321 3262 4392 adeo-

598 4449 737 4522 que
787 4437 1367 4528 praescriptionis
1420 4455 1753 4527 capacem
1807 4454 2095 4527 prorsus
2147 4453 2331 4523 esse,
2390 4453 2599 4507 nemo
2654 4434 2935 4506 inficias
2986 4431 3198 4504 iverit.

743 4540 1012 4617 lterum
1072 4549 1316 4637 itaque
1377 4549 1736 4639 proposito
1793 4548 2041 4635 dubio,
2115 4548 2374 4619 silente
2432 4547 3008 4639 ArchiepiscopO,
3063 4541 3128 4615 S.
3176 4535 3261 4608 C.

595 4659 997 4748 rescripsit:
1070 4683 1108 4726 ι
1142 4659 1412 4750 Dilata,
1469 4669 1540 4734 et
1592 4663 2133 4734 communicatis
2194 4661 2738 4752 Archiepiscopo
2791 4657 3093 4750 Capituli
3138 4652 3266 4724 de-
