<?xml version="1.0" encoding="UTF-8"?>
<!DOCTYPE html PUBLIC "-//W3C//DTD XHTML 1.0 Transitional//EN"
    "http://www.w3.org/TR/xhtml1/DTD/xhtml1-transitional.dtd">
<html xmlns="http://www.w3.org/1999/xhtml" xml:lang="en" lang="en">
 <head>
  <title>
</title>
<meta http-equiv="Content-Type" content="text/html;charset=utf-8" />
  <meta name='ocr-system' content='tesseract 3.04.00' />
  <meta name='ocr-capabilities' content='ocr_page ocr_carea ocr_par ocr_line ocrx_word'/>
</head>
<body>
  <div class='ocr_page' id='page_1' title='image "./devisitationesa00popegoog_0448.png"; bbox 0 0 3497 5235; ppageno 0'>
   <div class='ocr_carea' id='block_1_1' title="bbox 595 321 2502 403">
    <p class='ocr_par' dir='ltr' id='par_1_1' title="bbox 595 321 2502 403">
     <span class='ocr_line' id='line_1_1' title="bbox 595 321 2502 403; baseline 0 -18"><span class='ocrx_word' id='word_1_1' title='bbox 595 321 714 386; x_wconf 78' lang='lat'>408</span> <span class='ocrx_word' id='word_1_2' title='bbox 1351 326 1723 386; x_wconf 65' lang='lat' dir='ltr'>humationi·</span> <span class='ocrx_word' id='word_1_3' title='bbox 1763 327 1815 385; x_wconf 83' lang='grc'>8.</span> <span class='ocrx_word' id='word_1_4' title='bbox 1845 327 2028 401; x_wconf 69' lang='lat' dir='ltr'>Gom.</span> <span class='ocrx_word' id='word_1_5' title='bbox 2056 327 2204 386; x_wconf 78' lang='lat' dir='ltr'>Ocno.</span> <span class='ocrx_word' id='word_1_6' title='bbox 2231 327 2502 403; x_wconf 68' lang='lat' dir='ltr'>expositio.</span> 
     </span>
    </p>
   </div>
   <div class='ocr_carea' id='block_1_2' title="bbox 591 455 3297 4794">
    <p class='ocr_par' dir='ltr' id='par_1_2' title="bbox 591 455 3274 2337">
     <span class='ocr_line' id='line_1_2' title="bbox 597 455 3256 552; baseline 0.001 -25"><span class='ocrx_word' id='word_1_7' title='bbox 597 456 734 528; x_wconf 87' lang='lat' dir='ltr'>sibi</span> <span class='ocrx_word' id='word_1_8' title='bbox 785 457 1203 529; x_wconf 81' lang='lat' dir='ltr'>nullatenus</span> <span class='ocrx_word' id='word_1_9' title='bbox 1274 455 1497 531; x_wconf 77' lang='lat' dir='ltr'>fuisse</span> <span class='ocrx_word' id='word_1_10' title='bbox 1567 459 1862 532; x_wconf 80' lang='lat' dir='ltr'>factam.</span> <span class='ocrx_word' id='word_1_11' title='bbox 1936 456 2193 551; x_wconf 89' lang='lat' dir='ltr'>Itaque</span> <span class='ocrx_word' id='word_1_12' title='bbox 2265 462 2629 552; x_wconf 89' lang='lat' dir='ltr'>proposito</span> <span class='ocrx_word' id='word_1_13' title='bbox 2680 459 2897 533; x_wconf 90' lang='lat' dir='ltr'>dubio</span> <span class='ocrx_word' id='word_1_14' title='bbox 2967 459 3085 533; x_wconf 89' lang='lat' dir='ltr'>die</span> <span class='ocrx_word' id='word_1_15' title='bbox 3138 459 3256 530; x_wconf 73' lang='lat'>24.</span> 
     </span>
     <span class='ocr_line' id='line_1_3' title="bbox 594 564 3265 661; baseline 0.001 -23"><span class='ocrx_word' id='word_1_16' title='bbox 594 564 753 639; x_wconf 92' lang='lat' dir='ltr'>Ian.</span> <span class='ocrx_word' id='word_1_17' title='bbox 802 568 1064 639; x_wconf 78' lang='grc'><strong>1846.;</strong></span> <span class='ocrx_word' id='word_1_18' title='bbox 1110 594 1149 636; x_wconf 83' lang='lat'><strong>‹</strong></span> <span class='ocrx_word' id='word_1_19' title='bbox 1192 567 1298 642; x_wconf 84' lang='lat' dir='ltr'>An</span> <span class='ocrx_word' id='word_1_20' title='bbox 1334 575 1408 642; x_wconf 88' lang='lat' dir='ltr'>et</span> <span class='ocrx_word' id='word_1_21' title='bbox 1449 571 1806 661; x_wconf 92' lang='lat' dir='ltr'>quomodo</span> <span class='ocrx_word' id='word_1_22' title='bbox 1856 571 1951 644; x_wconf 91' lang='lat' dir='ltr'>sit</span> <span class='ocrx_word' id='word_1_23' title='bbox 1998 572 2197 644; x_wconf 88' lang='lat' dir='ltr'>locus</span> <span class='ocrx_word' id='word_1_24' title='bbox 2248 572 2680 644; x_wconf 81' lang='lat' dir='ltr'>restitutioni</span> <span class='ocrx_word' id='word_1_25' title='bbox 2735 578 2805 644; x_wconf 90' lang='lat' dir='ltr'>et</span> <span class='ocrx_word' id='word_1_26' title='bbox 2854 570 3265 644; x_wconf 90' lang='lat' dir='ltr'>rehabilita-</span> 
     </span>
     <span class='ocr_line' id='line_1_4' title="bbox 596 677 3268 773; baseline 0.002 -25"><span class='ocrx_word' id='word_1_27' title='bbox 596 703 635 748; x_wconf 66' lang='grc' dir='ltr'>ι»</span> <span class='ocrx_word' id='word_1_28' title='bbox 679 680 855 753; x_wconf 88' lang='lat' dir='ltr'>tioni</span> <span class='ocrx_word' id='word_1_29' title='bbox 907 681 999 753; x_wconf 90' lang='lat' dir='ltr'>ad</span> <span class='ocrx_word' id='word_1_30' title='bbox 1054 683 1457 773; x_wconf 88' lang='lat' dir='ltr'>paroeciam</span> <span class='ocrx_word' id='word_1_31' title='bbox 1497 683 1570 754; x_wconf 93' lang='lat' dir='ltr'>in</span> <span class='ocrx_word' id='word_1_32' title='bbox 1608 677 1831 756; x_wconf 65' lang='lat' dir='ltr'>casu?</span> <span class='ocrx_word' id='word_1_33' title='bbox 1871 707 1907 749; x_wconf 57' lang='grc' dir='ltr'><strong>ν</strong></span> <span class='ocrx_word' id='word_1_34' title='bbox 1950 683 2359 773; x_wconf 86' lang='lat' dir='ltr'>respondit:</span> <span class='ocrx_word' id='word_1_35' title='bbox 2407 707 2445 748; x_wconf 64' lang='grc' dir='ltr'><strong><em>ι</em></strong></span> <span class='ocrx_word' id='word_1_36' title='bbox 2485 678 2759 773; x_wconf 87' lang='lat' dir='ltr'><strong>Dilata,</strong></span> <span class='ocrx_word' id='word_1_37' title='bbox 2798 688 2870 756; x_wconf 91' lang='lat' dir='ltr'>et</span> <span class='ocrx_word' id='word_1_38' title='bbox 2905 701 3118 755; x_wconf 89' lang='lat' dir='ltr'>causa</span> <span class='ocrx_word' id='word_1_39' title='bbox 3158 700 3268 754; x_wconf 90' lang='lat' dir='ltr'>re-</span> 
     </span>
     <span class='ocr_line' id='line_1_5' title="bbox 597 784 3266 887; baseline 0.001 -26"><span class='ocrx_word' id='word_1_40' title='bbox 597 816 636 861; x_wconf 78' lang='lat'><strong>»</strong></span> <span class='ocrx_word' id='word_1_41' title='bbox 677 784 1119 884; x_wconf 77' lang='lat' dir='ltr'>proponatur</span> <span class='ocrx_word' id='word_1_42' title='bbox 1169 796 1359 867; x_wconf 88' lang='lat' dir='ltr'>intra</span> <span class='ocrx_word' id='word_1_43' title='bbox 1412 795 1792 882; x_wconf 81' lang='lat' dir='ltr'>trimestre,</span> <span class='ocrx_word' id='word_1_44' title='bbox 1850 795 2196 886; x_wconf 90' lang='lat' dir='ltr'>impresso</span> <span class='ocrx_word' id='word_1_45' title='bbox 2249 813 2585 886; x_wconf 89' lang='lat' dir='ltr'>processu</span> <span class='ocrx_word' id='word_1_46' title='bbox 2638 795 3048 887; x_wconf 86' lang='lat' dir='ltr'>sumptibus</span> <span class='ocrx_word' id='word_1_47' title='bbox 3096 790 3266 884; x_wconf 88' lang='lat' dir='ltr'>Epi-</span> 
     </span>
     <span class='ocr_line' id='line_1_6' title="bbox 597 902 3267 999; baseline 0.001 -25"><span class='ocrx_word' id='word_1_48' title='bbox 597 928 637 973; x_wconf 79' lang='lat'><strong>»</strong></span> <span class='ocrx_word' id='word_1_49' title='bbox 677 905 899 995; x_wconf 87' lang='lat' dir='ltr'>scopi,</span> <span class='ocrx_word' id='word_1_50' title='bbox 956 910 1028 976; x_wconf 91' lang='lat' dir='ltr'>et</span> <span class='ocrx_word' id='word_1_51' title='bbox 1080 905 1173 977; x_wconf 91' lang='lat' dir='ltr'>ad</span> <span class='ocrx_word' id='word_1_52' title='bbox 1225 911 1566 977; x_wconf 89' lang='lat' dir='ltr'>mentem.</span> <span class='ocrx_word' id='word_1_53' title='bbox 1612 930 1650 975; x_wconf 78' lang='lat'><strong>&gt;</strong></span> <span class='ocrx_word' id='word_1_54' title='bbox 1692 902 1891 979; x_wconf 89' lang='lat' dir='ltr'>Haec</span> <span class='ocrx_word' id='word_1_55' title='bbox 1924 924 2127 978; x_wconf 90' lang='lat' dir='ltr'>mens</span> <span class='ocrx_word' id='word_1_56' title='bbox 2165 925 2350 996; x_wconf 89' lang='lat' dir='ltr'>quae</span> <span class='ocrx_word' id='word_1_57' title='bbox 2388 907 2629 997; x_wconf 80' lang='lat' dir='ltr'>fuerit,</span> <span class='ocrx_word' id='word_1_58' title='bbox 2672 908 3085 999; x_wconf 82' lang='lat' dir='ltr'>evulgatum</span> <span class='ocrx_word' id='word_1_59' title='bbox 3122 922 3267 976; x_wconf 91' lang='lat' dir='ltr'>non</span> 
     </span>
     <span class='ocr_line' id='line_1_7' title="bbox 593 1011 3269 1108; baseline -0 -20"><span class='ocrx_word' id='word_1_60' title='bbox 593 1024 728 1088; x_wconf 91' lang='lat' dir='ltr'>est.</span> <span class='ocrx_word' id='word_1_61' title='bbox 769 1011 1064 1105; x_wconf 89' lang='lat' dir='ltr'>Iterum,</span> <span class='ocrx_word' id='word_1_62' title='bbox 1105 1018 1471 1108; x_wconf 90' lang='lat' dir='ltr'>proposita</span> <span class='ocrx_word' id='word_1_63' title='bbox 1510 1035 1726 1088; x_wconf 89' lang='lat' dir='ltr'>causa</span> <span class='ocrx_word' id='word_1_64' title='bbox 1764 1017 1881 1089; x_wconf 89' lang='lat' dir='ltr'>die</span> <span class='ocrx_word' id='word_1_65' title='bbox 1918 1017 1989 1088; x_wconf 86' lang='lat'>5.</span> <span class='ocrx_word' id='word_1_66' title='bbox 2018 1014 2384 1108; x_wconf 86' lang='lat' dir='ltr'>Septemb.</span> <span class='ocrx_word' id='word_1_67' title='bbox 2419 1019 2740 1093; x_wconf 90' lang='lat' dir='ltr'>eiusdem</span> <span class='ocrx_word' id='word_1_68' title='bbox 2777 1019 2978 1107; x_wconf 92' lang='lat' dir='ltr'>anni,</span> <span class='ocrx_word' id='word_1_69' title='bbox 3017 1017 3269 1090; x_wconf 89' lang='lat' dir='ltr'>rescri-</span> 
     </span>
     <span class='ocr_line' id='line_1_8' title="bbox 593 1124 3271 1222; baseline -0 -23"><span class='ocrx_word' id='word_1_70' title='bbox 593 1132 799 1218; x_wconf 90' lang='lat' dir='ltr'>ptum</span> <span class='ocrx_word' id='word_1_71' title='bbox 837 1128 1125 1219; x_wconf 88' lang='lat' dir='ltr'>prodiit:</span> <span class='ocrx_word' id='word_1_72' title='bbox 1161 1153 1200 1195; x_wconf 84' lang='lat'><strong>‹</strong></span> <span class='ocrx_word' id='word_1_73' title='bbox 1225 1127 1487 1218; x_wconf 85' lang='lat' dir='ltr'>Dilata,</span> <span class='ocrx_word' id='word_1_74' title='bbox 1521 1134 1805 1201; x_wconf 88' lang='lat' dir='ltr'>servata</span> <span class='ocrx_word' id='word_1_75' title='bbox 1841 1131 2403 1221; x_wconf 84' lang='lat' dir='ltr'>praescriptione</span> <span class='ocrx_word' id='word_1_76' title='bbox 2434 1129 2507 1203; x_wconf 91' lang='lat' dir='ltr'>S.</span> <span class='ocrx_word' id='word_1_77' title='bbox 2533 1129 2749 1222; x_wconf 84' lang='lat' dir='ltr'>Cong.</span> <span class='ocrx_word' id='word_1_78' title='bbox 2774 1130 2896 1200; x_wconf 78' lang='grc'>24.</span> <span class='ocrx_word' id='word_1_79' title='bbox 2922 1124 3082 1200; x_wconf 90' lang='lat' dir='ltr'>Ian.</span> <span class='ocrx_word' id='word_1_80' title='bbox 3108 1147 3271 1201; x_wconf 89' lang='lat' dir='ltr'>cur-</span> 
     </span>
     <span class='ocr_line' id='line_1_9' title="bbox 598 1240 3270 1332; baseline 0 -22"><span class='ocrx_word' id='word_1_81' title='bbox 598 1265 638 1310; x_wconf 80' lang='lat'><strong>»</strong></span> <span class='ocrx_word' id='word_1_82' title='bbox 678 1240 903 1312; x_wconf 86' lang='lat' dir='ltr'>rentis</span> <span class='ocrx_word' id='word_1_83' title='bbox 956 1241 1129 1313; x_wconf 91' lang='lat' dir='ltr'>anni</span> <span class='ocrx_word' id='word_1_84' title='bbox 1182 1241 1275 1314; x_wconf 92' lang='lat' dir='ltr'>ad</span> <span class='ocrx_word' id='word_1_85' title='bbox 1310 1241 1615 1332; x_wconf 87' lang='lat' dir='ltr'>primam</span> <span class='ocrx_word' id='word_1_86' title='bbox 1667 1240 2082 1313; x_wconf 83' lang='lat' dir='ltr'>infallanter</span> <span class='ocrx_word' id='word_1_87' title='bbox 2118 1245 2190 1313; x_wconf 89' lang='lat' dir='ltr'>et</span> <span class='ocrx_word' id='word_1_88' title='bbox 2226 1241 2319 1312; x_wconf 91' lang='lat' dir='ltr'>ad</span> <span class='ocrx_word' id='word_1_89' title='bbox 2356 1249 2714 1331; x_wconf 89' lang='lat' dir='ltr'>mentem;</span> <span class='ocrx_word' id='word_1_90' title='bbox 2772 1258 2978 1312; x_wconf 89' lang='lat' dir='ltr'>mens</span> <span class='ocrx_word' id='word_1_91' title='bbox 3014 1245 3148 1328; x_wconf 91' lang='lat' dir='ltr'>est,</span> <span class='ocrx_word' id='word_1_92' title='bbox 3186 1244 3270 1311; x_wconf 92' lang='lat' dir='ltr'>ut</span> 
     </span>
     <span class='ocr_line' id='line_1_10' title="bbox 597 1348 3264 1445; baseline 0.001 -25"><span class='ocrx_word' id='word_1_93' title='bbox 597 1375 637 1420; x_wconf 83' lang='lat'><strong>›</strong></span> <span class='ocrx_word' id='word_1_94' title='bbox 678 1351 1033 1425; x_wconf 84' lang='lat' dir='ltr'>scribatur</span> <span class='ocrx_word' id='word_1_95' title='bbox 1056 1348 1436 1445; x_wconf 91' lang='lat' dir='ltr'>Episcop0,</span> <span class='ocrx_word' id='word_1_96' title='bbox 1471 1353 1779 1443; x_wconf 87' lang='lat' dir='ltr'>persolvi</span> <span class='ocrx_word' id='word_1_97' title='bbox 1812 1352 2124 1444; x_wconf 82' lang='lat' dir='ltr'>parocho</span> <span class='ocrx_word' id='word_1_98' title='bbox 2151 1349 2237 1423; x_wconf 91' lang='lat' dir='ltr'>N.</span> <span class='ocrx_word' id='word_1_99' title='bbox 2264 1349 2351 1425; x_wconf 95' lang='lat' dir='ltr'>N.</span> <span class='ocrx_word' id='word_1_100' title='bbox 2389 1353 2743 1443; x_wconf 88' lang='lat' dir='ltr'>quidquid</span> <span class='ocrx_word' id='word_1_101' title='bbox 2771 1371 2856 1425; x_wconf 87' lang='lat' dir='ltr'>ex</span> <span class='ocrx_word' id='word_1_102' title='bbox 2887 1350 3264 1439; x_wconf 81' lang='lat' dir='ltr'>reditibuS,</span> 
     </span>
     <span class='ocr_line' id='line_1_11' title="bbox 596 1462 3270 1556; baseline -0.001 -22"><span class='ocrx_word' id='word_1_103' title='bbox 596 1489 635 1534; x_wconf 80' lang='lat'><strong>›</strong></span> <span class='ocrx_word' id='word_1_104' title='bbox 675 1465 1037 1556; x_wconf 90' lang='lat' dir='ltr'>stipendio</span> <span class='ocrx_word' id='word_1_105' title='bbox 1070 1464 1340 1539; x_wconf 88' lang='lat' dir='ltr'>tributo</span> <span class='ocrx_word' id='word_1_106' title='bbox 1379 1482 1789 1553; x_wconf 88' lang='lat' dir='ltr'>oeconom0,</span> <span class='ocrx_word' id='word_1_107' title='bbox 1832 1469 1903 1537; x_wconf 91' lang='lat' dir='ltr'>et</span> <span class='ocrx_word' id='word_1_108' title='bbox 1937 1465 2377 1555; x_wconf 88' lang='lat' dir='ltr'>supportatis</span> <span class='ocrx_word' id='word_1_109' title='bbox 2413 1463 2779 1553; x_wconf 89' lang='lat' dir='ltr'>oneribus,</span> <span class='ocrx_word' id='word_1_110' title='bbox 2839 1462 3193 1554; x_wconf 88' lang='lat' dir='ltr'>supererit</span> <span class='ocrx_word' id='word_1_111' title='bbox 3227 1481 3270 1532; x_wconf 90' lang='lat' dir='ltr'>a</span> 
     </span>
     <span class='ocr_line' id='line_1_12' title="bbox 595 1572 3270 1667; baseline -0.001 -22"><span class='ocrx_word' id='word_1_112' title='bbox 595 1600 634 1645; x_wconf 80' lang='lat'><strong>›</strong></span> <span class='ocrx_word' id='word_1_113' title='bbox 675 1593 921 1648; x_wconf 88' lang='lat' dir='ltr'>mense</span> <span class='ocrx_word' id='word_1_114' title='bbox 956 1572 1363 1647; x_wconf 78' lang='lat' dir='ltr'>Ianuarii.»</span> <span class='ocrx_word' id='word_1_115' title='bbox 1403 1573 1635 1649; x_wconf 89' lang='lat' dir='ltr'>Tertio</span> <span class='ocrx_word' id='word_1_116' title='bbox 1672 1576 2034 1667; x_wconf 92' lang='lat' dir='ltr'>proposita</span> <span class='ocrx_word' id='word_1_117' title='bbox 2072 1576 2186 1649; x_wconf 91' lang='lat' dir='ltr'>die</span> <span class='ocrx_word' id='word_1_118' title='bbox 2223 1577 2295 1647; x_wconf 86' lang='lat'>5.</span> <span class='ocrx_word' id='word_1_119' title='bbox 2323 1573 2696 1648; x_wconf 85' lang='lat' dir='ltr'>Decembr.</span> <span class='ocrx_word' id='word_1_120' title='bbox 2738 1574 3055 1647; x_wconf 90' lang='lat' dir='ltr'>eiusdem</span> <span class='ocrx_word' id='word_1_121' title='bbox 3093 1573 3270 1644; x_wconf 91' lang='lat' dir='ltr'>anni</span> 
     </span>
     <span class='ocr_line' id='line_1_13' title="bbox 593 1683 3274 1779; baseline 0 -22"><span class='ocrx_word' id='word_1_122' title='bbox 593 1703 1011 1777; x_wconf 88' lang='lat' dir='ltr'>responsum</span> <span class='ocrx_word' id='word_1_123' title='bbox 1050 1694 1199 1760; x_wconf 86' lang='lat' dir='ltr'>est:</span> <span class='ocrx_word' id='word_1_124' title='bbox 1263 1710 1301 1751; x_wconf 68' lang='grc' dir='ltr'><strong><em>ι</em></strong></span> <span class='ocrx_word' id='word_1_125' title='bbox 1335 1683 1466 1759; x_wconf 89' lang='lat' dir='ltr'>Pro</span> <span class='ocrx_word' id='word_1_126' title='bbox 1505 1706 1696 1760; x_wconf 91' lang='lat' dir='ltr'>nunc</span> <span class='ocrx_word' id='word_1_127' title='bbox 1733 1706 1881 1759; x_wconf 90' lang='lat' dir='ltr'>non</span> <span class='ocrx_word' id='word_1_128' title='bbox 1918 1687 2281 1779; x_wconf 83' lang='lat' dir='ltr'>expedire,</span> <span class='ocrx_word' id='word_1_129' title='bbox 2331 1687 2535 1759; x_wconf 85' lang='lat' dir='ltr'>firmo</span> <span class='ocrx_word' id='word_1_130' title='bbox 2572 1691 2815 1759; x_wconf 88' lang='lat' dir='ltr'>tamen</span> <span class='ocrx_word' id='word_1_131' title='bbox 2851 1687 3004 1758; x_wconf 88' lang='lat' dir='ltr'>iure</span> <span class='ocrx_word' id='word_1_132' title='bbox 3040 1685 3274 1777; x_wconf 87' lang='lat' dir='ltr'>perci-</span> 
     </span>
     <span class='ocr_line' id='line_1_14' title="bbox 594 1798 3272 1892; baseline 0.001 -26"><span class='ocrx_word' id='word_1_133' title='bbox 594 1821 633 1866; x_wconf 80' lang='lat'><strong>›</strong></span> <span class='ocrx_word' id='word_1_134' title='bbox 674 1798 923 1889; x_wconf 89' lang='lat' dir='ltr'>piendi</span> <span class='ocrx_word' id='word_1_135' title='bbox 950 1798 1222 1871; x_wconf 88' lang='lat' dir='ltr'>reditus</span> <span class='ocrx_word' id='word_1_136' title='bbox 1249 1800 1650 1890; x_wconf 87' lang='lat' dir='ltr'>paroeciae,</span> <span class='ocrx_word' id='word_1_137' title='bbox 1683 1800 1995 1891; x_wconf 81' lang='lat' dir='ltr'>demptis</span> <span class='ocrx_word' id='word_1_138' title='bbox 2022 1817 2334 1892; x_wconf 86' lang='lat' dir='ltr'>congrua</span> <span class='ocrx_word' id='word_1_139' title='bbox 2363 1818 2492 1891; x_wconf 91' lang='lat' dir='ltr'>pro</span> <span class='ocrx_word' id='word_1_140' title='bbox 2518 1816 2926 1888; x_wconf 88' lang='lat' dir='ltr'>oeconomo,</span> <span class='ocrx_word' id='word_1_141' title='bbox 2962 1798 3272 1887; x_wconf 90' lang='lat' dir='ltr'>aliisque</span> 
     </span>
     <span class='ocr_line' id='line_1_15' title="bbox 595 1908 3271 2003; baseline -0 -25"><span class='ocrx_word' id='word_1_142' title='bbox 595 1933 634 1978; x_wconf 66' lang='grc' dir='ltr'>ιι</span> <span class='ocrx_word' id='word_1_143' title='bbox 674 1911 1035 2003; x_wconf 86' lang='lat' dir='ltr'>expensis,</span> <span class='ocrx_word' id='word_1_144' title='bbox 1077 1917 1149 1981; x_wconf 88' lang='lat' dir='ltr'>et</span> <span class='ocrx_word' id='word_1_145' title='bbox 1183 1909 1275 1980; x_wconf 94' lang='lat' dir='ltr'>ad</span> <span class='ocrx_word' id='word_1_146' title='bbox 1314 1917 1708 1983; x_wconf 76' lang='lat' dir='ltr'>mentem.»</span> <span class='ocrx_word' id='word_1_147' title='bbox 1751 1908 2066 1983; x_wconf 89' lang='lat' dir='ltr'>Tandem</span> <span class='ocrx_word' id='word_1_148' title='bbox 2096 1916 2568 2003; x_wconf 87' lang='lat' dir='ltr'>posteaquam</span> <span class='ocrx_word' id='word_1_149' title='bbox 2596 1916 2852 2000; x_wconf 88' lang='lat' dir='ltr'>quarta</span> <span class='ocrx_word' id='word_1_150' title='bbox 2891 1928 2974 1982; x_wconf 89' lang='lat' dir='ltr'>ac</span> <span class='ocrx_word' id='word_1_151' title='bbox 3012 1908 3271 1998; x_wconf 86' lang='lat' dir='ltr'>quinta</span> 
     </span>
     <span class='ocr_line' id='line_1_16' title="bbox 591 2018 3262 2111; baseline -0.002 -19"><span class='ocrx_word' id='word_1_152' title='bbox 591 2021 745 2093; x_wconf 87' lang='lat' dir='ltr'>vice</span> <span class='ocrx_word' id='word_1_153' title='bbox 782 2022 873 2093; x_wconf 91' lang='lat' dir='ltr'>ad</span> <span class='ocrx_word' id='word_1_154' title='bbox 912 2022 1258 2094; x_wconf 86' lang='lat' dir='ltr'>trutinam</span> <span class='ocrx_word' id='word_1_155' title='bbox 1312 2022 1563 2095; x_wconf 91' lang='lat' dir='ltr'>eadem</span> <span class='ocrx_word' id='word_1_156' title='bbox 1621 2041 1837 2095; x_wconf 88' lang='lat' dir='ltr'>causa</span> <span class='ocrx_word' id='word_1_157' title='bbox 1874 2028 2203 2095; x_wconf 84' lang='lat' dir='ltr'>revocata</span> <span class='ocrx_word' id='word_1_158' title='bbox 2240 2020 2400 2111; x_wconf 82' lang='lat' dir='ltr'>fuit,</span> <span class='ocrx_word' id='word_1_159' title='bbox 2460 2022 2575 2093; x_wconf 90' lang='lat' dir='ltr'>die</span> <span class='ocrx_word' id='word_1_160' title='bbox 2628 2022 2750 2092; x_wconf 94' lang='grc'>26.</span> <span class='ocrx_word' id='word_1_161' title='bbox 2793 2018 3005 2093; x_wconf 90' lang='lat' dir='ltr'>Febr.</span> <span class='ocrx_word' id='word_1_162' title='bbox 3045 2018 3262 2089; x_wconf 71' lang='lat'>1848.</span> 
     </span>
     <span class='ocr_line' id='line_1_17' title="bbox 594 2131 3273 2225; baseline -0.001 -21"><span class='ocrx_word' id='word_1_163' title='bbox 594 2131 813 2204; x_wconf 92' lang='lat' dir='ltr'>dubio</span> <span class='ocrx_word' id='word_1_164' title='bbox 866 2132 1196 2222; x_wconf 89' lang='lat' dir='ltr'>superius</span> <span class='ocrx_word' id='word_1_165' title='bbox 1232 2134 1587 2224; x_wconf 81' lang='lat' dir='ltr'>exscripto</span> <span class='ocrx_word' id='word_1_166' title='bbox 1641 2152 2063 2225; x_wconf 89' lang='lat' dir='ltr'>responsum</span> <span class='ocrx_word' id='word_1_167' title='bbox 2115 2132 2297 2206; x_wconf 82' lang='lat' dir='ltr'>fuit:</span> <span class='ocrx_word' id='word_1_168' title='bbox 2367 2156 2404 2200; x_wconf 87' lang='lat'><strong>‹</strong></span> <span class='ocrx_word' id='word_1_169' title='bbox 2438 2131 2905 2222; x_wconf 80' lang='lat' dir='ltr'>Affirmative,</span> <span class='ocrx_word' id='word_1_170' title='bbox 2961 2131 3273 2222; x_wconf 88' lang='lat' dir='ltr'>peractis</span> 
     </span>
     <span class='ocr_line' id='line_1_18' title="bbox 595 2242 3069 2337; baseline -0 -24"><span class='ocrx_word' id='word_1_171' title='bbox 595 2242 1090 2332; x_wconf 83' lang='lat' dir='ltr'>spiritualibus</span> <span class='ocrx_word' id='word_1_172' title='bbox 1144 2245 1500 2317; x_wconf 81' lang='lat' dir='ltr'>exercitiis</span> <span class='ocrx_word' id='word_1_173' title='bbox 1553 2247 1628 2316; x_wconf 92' lang='grc'>16</span> <span class='ocrx_word' id='word_1_174' title='bbox 1679 2246 1890 2318; x_wconf 91' lang='lat' dir='ltr'>domo</span> <span class='ocrx_word' id='word_1_175' title='bbox 1941 2246 2270 2337; x_wconf 83' lang='lat' dir='ltr'>religiosa</span> <span class='ocrx_word' id='word_1_176' title='bbox 2321 2263 2450 2337; x_wconf 88' lang='lat' dir='ltr'>per</span> <span class='ocrx_word' id='word_1_177' title='bbox 2503 2245 2751 2318; x_wconf 88' lang='lat' dir='ltr'>decem</span> <span class='ocrx_word' id='word_1_178' title='bbox 2803 2244 2985 2316; x_wconf 85' lang='grc'><strong>6135.</strong></span> <span class='ocrx_word' id='word_1_179' title='bbox 3032 2268 3069 2312; x_wconf 81' lang='lat'>›</span> 
     </span>
    </p>

    <p class='ocr_par' dir='ltr' id='par_1_3' title="bbox 592 2350 3282 4218">
     <span class='ocr_line' id='line_1_19' title="bbox 743 2350 3270 2447; baseline 0 -22"><span class='ocrx_word' id='word_1_180' title='bbox 743 2355 916 2425; x_wconf 92' lang='grc'><strong>267.</strong></span> <span class='ocrx_word' id='word_1_181' title='bbox 974 2350 1224 2444; x_wconf 90' lang='lat' dir='ltr'>Neque</span> <span class='ocrx_word' id='word_1_182' title='bbox 1275 2374 1441 2428; x_wconf 84' lang='lat' dir='ltr'>vero</span> <span class='ocrx_word' id='word_1_183' title='bbox 1512 2357 1987 2429; x_wconf 81' lang='lat' dir='ltr'>omittendum</span> <span class='ocrx_word' id='word_1_184' title='bbox 2037 2363 2191 2445; x_wconf 89' lang='lat' dir='ltr'>est,</span> <span class='ocrx_word' id='word_1_185' title='bbox 2260 2356 2457 2429; x_wconf 92' lang='lat' dir='ltr'>hunc</span> <span class='ocrx_word' id='word_1_186' title='bbox 2505 2357 2955 2447; x_wconf 80' lang='lat' dir='ltr'>potissimum</span> <span class='ocrx_word' id='word_1_187' title='bbox 3010 2370 3270 2427; x_wconf 89' lang='lat' dir='ltr'>causae</span> 
     </span>
     <span class='ocr_line' id='line_1_20' title="bbox 599 2462 3271 2560; baseline 0.003 -26"><span class='ocrx_word' id='word_1_188' title='bbox 599 2462 1067 2537; x_wconf 83' lang='lat' dir='ltr'>Placentinae</span> <span class='ocrx_word' id='word_1_189' title='bbox 1117 2466 1512 2542; x_wconf 83' lang='lat' dir='ltr'>inhaesisse</span> <span class='ocrx_word' id='word_1_190' title='bbox 1565 2467 1965 2558; x_wconf 75' lang='lat' dir='ltr'>defectum,</span> <span class='ocrx_word' id='word_1_191' title='bbox 2026 2470 2149 2559; x_wconf 95' lang='lat' dir='ltr'>qui</span> <span class='ocrx_word' id='word_1_192' title='bbox 2204 2471 2493 2560; x_wconf 89' lang='lat' dir='ltr'>quidem</span> <span class='ocrx_word' id='word_1_193' title='bbox 2546 2488 2707 2541; x_wconf 91' lang='lat' dir='ltr'>cum</span> <span class='ocrx_word' id='word_1_194' title='bbox 2761 2487 2977 2540; x_wconf 91' lang='lat' dir='ltr'>causa</span> <span class='ocrx_word' id='word_1_195' title='bbox 3035 2469 3110 2540; x_wconf 92' lang='lat' dir='ltr'>S.</span> <span class='ocrx_word' id='word_1_196' title='bbox 3155 2471 3271 2541; x_wconf 82' lang='lat' dir='ltr'>Se-</span> 
     </span>
     <span class='ocr_line' id='line_1_21' title="bbox 596 2575 3271 2675; baseline 0.001 -26"><span class='ocrx_word' id='word_1_197' title='bbox 596 2575 831 2649; x_wconf 81' lang='lat' dir='ltr'>verini</span> <span class='ocrx_word' id='word_1_198' title='bbox 882 2578 1279 2651; x_wconf 89' lang='lat' dir='ltr'>communis</span> <span class='ocrx_word' id='word_1_199' title='bbox 1331 2584 1511 2668; x_wconf 88' lang='lat' dir='ltr'>erat,</span> <span class='ocrx_word' id='word_1_200' title='bbox 1571 2580 1763 2671; x_wconf 90' lang='lat' dir='ltr'>quod</span> <span class='ocrx_word' id='word_1_201' title='bbox 1818 2580 2147 2654; x_wconf 85' lang='lat' dir='ltr'>videlicet</span> <span class='ocrx_word' id='word_1_202' title='bbox 2199 2583 2574 2675; x_wconf 90' lang='lat' dir='ltr'>suspensio</span> <span class='ocrx_word' id='word_1_203' title='bbox 2611 2602 2651 2653; x_wconf 92' lang='lat' dir='ltr'>a</span> <span class='ocrx_word' id='word_1_204' title='bbox 2687 2579 3077 2672; x_wconf 87' lang='lat' dir='ltr'>parochiali</span> <span class='ocrx_word' id='word_1_205' title='bbox 3117 2599 3271 2652; x_wconf 88' lang='lat' dir='ltr'>mn-</span> 
     </span>
     <span class='ocr_line' id='line_1_22' title="bbox 597 2692 3269 2785; baseline 0.001 -26"><span class='ocrx_word' id='word_1_206' title='bbox 597 2704 767 2759; x_wconf 90' lang='lat' dir='ltr'>nere</span> <span class='ocrx_word' id='word_1_207' title='bbox 806 2705 950 2759; x_wconf 93' lang='lat' dir='ltr'>non</span> <span class='ocrx_word' id='word_1_208' title='bbox 980 2694 1440 2781; x_wconf 85' lang='lat' dir='ltr'>temporanea</span> <span class='ocrx_word' id='word_1_209' title='bbox 1477 2692 1719 2780; x_wconf 81' lang='lat' dir='ltr'>fuerit,</span> <span class='ocrx_word' id='word_1_210' title='bbox 1754 2693 1880 2766; x_wconf 89' lang='lat' dir='ltr'>sed</span> <span class='ocrx_word' id='word_1_211' title='bbox 1918 2693 2320 2782; x_wconf 86' lang='lat' dir='ltr'>indefinita,</span> <span class='ocrx_word' id='word_1_212' title='bbox 2356 2712 2438 2765; x_wconf 88' lang='lat' dir='ltr'>ac</span> <span class='ocrx_word' id='word_1_213' title='bbox 2464 2700 2838 2785; x_wconf 89' lang='lat' dir='ltr'>propterea</span> <span class='ocrx_word' id='word_1_214' title='bbox 2874 2699 3269 2785; x_wconf 87' lang='lat' dir='ltr'>perpetuae</span> 
     </span>
     <span class='ocr_line' id='line_1_23' title="bbox 592 2799 3263 2897; baseline 0.001 -27"><span class='ocrx_word' id='word_1_215' title='bbox 592 2799 977 2892; x_wconf 84' lang='lat' dir='ltr'>privationi</span> <span class='ocrx_word' id='word_1_216' title='bbox 1006 2800 1226 2875; x_wconf 83' lang='lat' dir='ltr'>ferme</span> <span class='ocrx_word' id='word_1_217' title='bbox 1263 2804 1758 2894; x_wconf 85' lang='lat' dir='ltr'>aequivalens.</span> <span class='ocrx_word' id='word_1_218' title='bbox 1800 2801 2150 2894; x_wconf 87' lang='lat' dir='ltr'>Iamvero,</span> <span class='ocrx_word' id='word_1_219' title='bbox 2176 2805 2394 2877; x_wconf 90' lang='lat' dir='ltr'>veluti</span> <span class='ocrx_word' id='word_1_220' title='bbox 2434 2806 2812 2897; x_wconf 90' lang='lat' dir='ltr'>perpendit</span> <span class='ocrx_word' id='word_1_221' title='bbox 2851 2802 3026 2876; x_wconf 91' lang='lat' dir='ltr'>S.C.</span> <span class='ocrx_word' id='word_1_222' title='bbox 3050 2803 3263 2876; x_wconf 90' lang='lat' dir='ltr'>Conc.</span> 
     </span>
     <span class='ocr_line' id='line_1_24' title="bbox 594 2910 3267 3010; baseline 0.002 -29"><span class='ocrx_word' id='word_1_223' title='bbox 594 2910 670 2982; x_wconf 93' lang='lat' dir='ltr'>in</span> <span class='ocrx_word' id='word_1_224' title='bbox 724 2912 1148 2995; x_wconf 87' lang='lat' dir='ltr'>Lucionen.,</span> <span class='ocrx_word' id='word_1_225' title='bbox 1202 2913 1290 2986; x_wconf 90' lang='lat' dir='ltr'>de</span> <span class='ocrx_word' id='word_1_226' title='bbox 1343 2934 1487 3005; x_wconf 91' lang='lat' dir='ltr'>qua</span> <span class='ocrx_word' id='word_1_227' title='bbox 1540 2916 1750 2987; x_wconf 91' lang='lat' dir='ltr'>modo</span> <span class='ocrx_word' id='word_1_228' title='bbox 1802 2916 2146 3005; x_wconf 89' lang='lat' dir='ltr'>dicemus,</span> <span class='ocrx_word' id='word_1_229' title='bbox 2204 2915 2320 2988; x_wconf 87' lang='lat' dir='ltr'>die</span> <span class='ocrx_word' id='word_1_230' title='bbox 2356 2919 2429 2987; x_wconf 88' lang='grc'>8.</span> <span class='ocrx_word' id='word_1_231' title='bbox 2477 2916 2892 3008; x_wconf 77' lang='lat' dir='ltr'>Apr.1848.</span> <span class='ocrx_word' id='word_1_232' title='bbox 2931 2913 3007 3010; x_wconf 61' lang='lat' dir='ltr'>g.</span> <span class='ocrx_word' id='word_1_233' title='bbox 3043 2917 3267 2988; x_wconf 82' lang='lat' dir='ltr'>Sacra</span> 
     </span>
     <span class='ocr_line' id='line_1_25' title="bbox 596 3024 3271 3121; baseline 0 -25"><span class='ocrx_word' id='word_1_234' title='bbox 596 3030 831 3097; x_wconf 85' lang='lat' dir='ltr'>autem</span> <span class='ocrx_word' id='word_1_235' title='bbox 890 3027 1143 3118; x_wconf 80' lang='lat' dir='ltr'>Conqr.</span> <span class='ocrx_word' id='word_1_236' title='bbox 1206 3051 1244 3093; x_wconf 87' lang='lat'><strong>‹</strong></span> <span class='ocrx_word' id='word_1_237' title='bbox 1278 3024 1349 3098; x_wconf 91' lang='lat' dir='ltr'>S.</span> <span class='ocrx_word' id='word_1_238' title='bbox 1393 3027 1465 3101; x_wconf 89' lang='lat' dir='ltr'>C.</span> <span class='ocrx_word' id='word_1_239' title='bbox 1508 3030 1637 3100; x_wconf 90' lang='lat' dir='ltr'>etsi</span> <span class='ocrx_word' id='word_1_240' title='bbox 1690 3029 1858 3100; x_wconf 88' lang='lat' dir='ltr'>olim</span> <span class='ocrx_word' id='word_1_241' title='bbox 1914 3028 2296 3118; x_wconf 88' lang='lat' dir='ltr'>censuerit,</span> <span class='ocrx_word' id='word_1_242' title='bbox 2338 3048 2494 3121; x_wconf 84' lang='lat' dir='ltr'>cap.</span> <span class='ocrx_word' id='word_1_243' title='bbox 2542 3028 2610 3099; x_wconf 74' lang='lat'>1.</span> <span class='ocrx_word' id='word_1_244' title='bbox 2656 3029 2834 3101; x_wconf 89' lang='lat' dir='ltr'>Sess.</span> <span class='ocrx_word' id='word_1_245' title='bbox 2872 3027 2990 3099; x_wconf 70' lang='lat'>14.</span> <span class='ocrx_word' id='word_1_246' title='bbox 3030 3027 3271 3098; x_wconf 70' lang='grc'><strong>63113-</strong></span> 
     </span>
     <span class='ocr_line' id='line_1_26' title="bbox 598 3137 3271 3233; baseline 0.001 -28"><span class='ocrx_word' id='word_1_247' title='bbox 598 3160 636 3205; x_wconf 74' lang='grc'><strong>»</strong></span> <span class='ocrx_word' id='word_1_248' title='bbox 674 3137 888 3228; x_wconf 77' lang='lat' dir='ltr'>form.</span> <span class='ocrx_word' id='word_1_249' title='bbox 944 3138 1194 3211; x_wconf 84' lang='lat' dir='ltr'>habere</span> <span class='ocrx_word' id='word_1_250' title='bbox 1245 3138 1473 3212; x_wconf 88' lang='lat' dir='ltr'>locum</span> <span class='ocrx_word' id='word_1_251' title='bbox 1501 3141 1576 3210; x_wconf 90' lang='lat' dir='ltr'>in</span> <span class='ocrx_word' id='word_1_252' title='bbox 1594 3140 2182 3233; x_wconf 84' lang='lat' dir='ltr'>prohibitionibus</span> <span class='ocrx_word' id='word_1_253' title='bbox 2217 3146 2281 3212; x_wconf 87' lang='lat' dir='ltr'>et</span> <span class='ocrx_word' id='word_1_254' title='bbox 2316 3139 2880 3232; x_wconf 78' lang='lat' dir='ltr'>suspensionibus</span> <span class='ocrx_word' id='word_1_255' title='bbox 2917 3143 3066 3211; x_wconf 81' lang='lat' dir='ltr'>tam</span> <span class='ocrx_word' id='word_1_256' title='bbox 3100 3143 3271 3210; x_wconf 78' lang='lat' dir='ltr'>tem-</span> 
     </span>
     <span class='ocr_line' id='line_1_27' title="bbox 597 3248 3274 3344; baseline 0 -26"><span class='ocrx_word' id='word_1_257' title='bbox 597 3272 636 3317; x_wconf 76' lang='lat'><strong>»</strong></span> <span class='ocrx_word' id='word_1_258' title='bbox 668 3250 1055 3339; x_wconf 83' lang='lat' dir='ltr'>poraneis,</span> <span class='ocrx_word' id='word_1_259' title='bbox 1107 3270 1320 3342; x_wconf 85' lang='lat' dir='ltr'>quam</span> <span class='ocrx_word' id='word_1_260' title='bbox 1367 3252 1776 3344; x_wconf 84' lang='lat' dir='ltr'>perpetuis,</span> <span class='ocrx_word' id='word_1_261' title='bbox 1831 3252 2206 3323; x_wconf 86' lang='lat' dir='ltr'>recentiori</span> <span class='ocrx_word' id='word_1_262' title='bbox 2262 3256 2506 3323; x_wconf 92' lang='lat' dir='ltr'>tamen</span> <span class='ocrx_word' id='word_1_263' title='bbox 2558 3269 2732 3322; x_wconf 86' lang='lat' dir='ltr'>aevo</span> <span class='ocrx_word' id='word_1_264' title='bbox 2786 3249 2880 3321; x_wconf 90' lang='lat' dir='ltr'>ab</span> <span class='ocrx_word' id='word_1_265' title='bbox 2935 3248 3055 3320; x_wconf 87' lang='lat' dir='ltr'>illa</span> <span class='ocrx_word' id='word_1_266' title='bbox 3106 3266 3274 3319; x_wconf 89' lang='lat' dir='ltr'>sen-</span> 
     </span>
     <span class='ocr_line' id='line_1_28' title="bbox 599 3361 3268 3452; baseline 0.001 -25"><span class='ocrx_word' id='word_1_267' title='bbox 599 3361 907 3432; x_wconf 78' lang='lat' dir='ltr'>»tentia</span> <span class='ocrx_word' id='word_1_268' title='bbox 960 3362 1290 3435; x_wconf 88' lang='lat' dir='ltr'>recedere</span> <span class='ocrx_word' id='word_1_269' title='bbox 1344 3363 1740 3452; x_wconf 88' lang='lat' dir='ltr'>consuevit,</span> <span class='ocrx_word' id='word_1_270' title='bbox 1798 3362 2159 3451; x_wconf 90' lang='lat' dir='ltr'>aliamque</span> <span class='ocrx_word' id='word_1_271' title='bbox 2211 3367 2622 3434; x_wconf 87' lang='lat' dir='ltr'>constanter</span> <span class='ocrx_word' id='word_1_272' title='bbox 2672 3367 2920 3433; x_wconf 85' lang='lat' dir='ltr'>secuta</span> <span class='ocrx_word' id='word_1_273' title='bbox 2955 3368 3089 3449; x_wconf 89' lang='lat' dir='ltr'>est,</span> <span class='ocrx_word' id='word_1_274' title='bbox 3122 3378 3268 3449; x_wconf 92' lang='lat' dir='ltr'>qua</span> 
     </span>
     <span class='ocr_line' id='line_1_29' title="bbox 597 3470 3275 3564; baseline 0.002 -26"><span class='ocrx_word' id='word_1_275' title='bbox 597 3493 638 3538; x_wconf 65' lang='lat' dir='ltr'>s</span> <span class='ocrx_word' id='word_1_276' title='bbox 680 3470 752 3542; x_wconf 89' lang='lat' dir='ltr'>id</span> <span class='ocrx_word' id='word_1_277' title='bbox 803 3471 985 3544; x_wconf 86' lang='lat' dir='ltr'>velle</span> <span class='ocrx_word' id='word_1_278' title='bbox 1036 3474 1346 3564; x_wconf 87' lang='lat' dir='ltr'>videtur,</span> <span class='ocrx_word' id='word_1_279' title='bbox 1403 3478 1484 3546; x_wconf 91' lang='lat' dir='ltr'>ut</span> <span class='ocrx_word' id='word_1_280' title='bbox 1535 3473 1945 3545; x_wconf 89' lang='lat' dir='ltr'>huiusmodi</span> <span class='ocrx_word' id='word_1_281' title='bbox 1982 3472 2519 3564; x_wconf 89' lang='lat' dir='ltr'>suspensiones,</span> <span class='ocrx_word' id='word_1_282' title='bbox 2560 3472 2981 3564; x_wconf 89' lang='lat' dir='ltr'>praesertim</span> <span class='ocrx_word' id='word_1_283' title='bbox 3015 3489 3275 3563; x_wconf 84' lang='lat' dir='ltr'>perpe-</span> 
     </span>
     <span class='ocr_line' id='line_1_30' title="bbox 599 3584 3275 3675; baseline 0.002 -27"><span class='ocrx_word' id='word_1_284' title='bbox 599 3605 639 3648; x_wconf 79' lang='lat'><strong>»</strong></span> <span class='ocrx_word' id='word_1_285' title='bbox 678 3588 848 3655; x_wconf 89' lang='lat' dir='ltr'>tuae</span> <span class='ocrx_word' id='word_1_286' title='bbox 901 3590 973 3655; x_wconf 89' lang='lat' dir='ltr'>et</span> <span class='ocrx_word' id='word_1_287' title='bbox 1026 3585 1492 3674; x_wconf 82' lang='lat' dir='ltr'>indefinitae,</span> <span class='ocrx_word' id='word_1_288' title='bbox 1550 3602 1735 3675; x_wconf 91' lang='lat' dir='ltr'>quae</span> <span class='ocrx_word' id='word_1_289' title='bbox 1805 3584 1993 3657; x_wconf 89' lang='lat' dir='ltr'>idem</span> <span class='ocrx_word' id='word_1_290' title='bbox 2049 3584 2291 3656; x_wconf 86' lang='lat' dir='ltr'>valent</span> <span class='ocrx_word' id='word_1_291' title='bbox 2342 3602 2427 3655; x_wconf 93' lang='lat' dir='ltr'>ac</span> <span class='ocrx_word' id='word_1_292' title='bbox 2478 3593 2865 3675; x_wconf 89' lang='lat' dir='ltr'>perpetuae</span> <span class='ocrx_word' id='word_1_293' title='bbox 2896 3635 2919 3672; x_wconf 92' lang='lat'>,</span> <span class='ocrx_word' id='word_1_294' title='bbox 2975 3591 3045 3655; x_wconf 91' lang='lat' dir='ltr'>et</span> <span class='ocrx_word' id='word_1_295' title='bbox 3095 3588 3275 3655; x_wconf 89' lang='lat' dir='ltr'>sunt</span> 
     </span>
     <span class='ocr_line' id='line_1_31' title="bbox 598 3694 3268 3787; baseline 0.001 -23"><span class='ocrx_word' id='word_1_296' title='bbox 598 3718 638 3763; x_wconf 83' lang='lat'><strong>›</strong></span> <span class='ocrx_word' id='word_1_297' title='bbox 678 3713 915 3767; x_wconf 88' lang='lat' dir='ltr'>merae</span> <span class='ocrx_word' id='word_1_298' title='bbox 968 3696 1448 3787; x_wconf 87' lang='lat' dir='ltr'>privationes,</span> <span class='ocrx_word' id='word_1_299' title='bbox 1507 3695 1702 3770; x_wconf 90' lang='lat' dir='ltr'>baud</span> <span class='ocrx_word' id='word_1_300' title='bbox 1774 3715 2098 3787; x_wconf 90' lang='lat' dir='ltr'>unquam</span> <span class='ocrx_word' id='word_1_301' title='bbox 2169 3697 2629 3787; x_wconf 86' lang='lat' dir='ltr'>impostorum</span> <span class='ocrx_word' id='word_1_302' title='bbox 2700 3694 3038 3768; x_wconf 82' lang='lat' dir='ltr'>ferendae</span> <span class='ocrx_word' id='word_1_303' title='bbox 3087 3696 3268 3781; x_wconf 89' lang='lat' dir='ltr'>sint,</span> 
     </span>
     <span class='ocr_line' id='line_1_32' title="bbox 598 3806 3279 3900; baseline 0.001 -26"><span class='ocrx_word' id='word_1_304' title='bbox 598 3831 638 3874; x_wconf 66' lang='grc' dir='ltr'>ιι</span> <span class='ocrx_word' id='word_1_305' title='bbox 680 3808 846 3897; x_wconf 87' lang='grc'><strong>6151,</strong></span> <span class='ocrx_word' id='word_1_306' title='bbox 904 3807 1317 3900; x_wconf 88' lang='lat' dir='ltr'>praemissis</span> <span class='ocrx_word' id='word_1_307' title='bbox 1370 3807 1886 3881; x_wconf 90' lang='lat' dir='ltr'>monitionibus</span> <span class='ocrx_word' id='word_1_308' title='bbox 1939 3808 2240 3897; x_wconf 89' lang='lat' dir='ltr'>aliisque</span> <span class='ocrx_word' id='word_1_309' title='bbox 2291 3806 2873 3879; x_wconf 86' lang='lat' dir='ltr'>solemnitatibus</span> <span class='ocrx_word' id='word_1_310' title='bbox 2926 3807 3017 3879; x_wconf 90' lang='lat' dir='ltr'>ad</span> <span class='ocrx_word' id='word_1_311' title='bbox 3060 3825 3279 3898; x_wconf 86' lang='lat' dir='ltr'>prae-</span> 
     </span>
     <span class='ocr_line' id='line_1_33' title="bbox 599 3917 3275 4012; baseline 0.001 -26"><span class='ocrx_word' id='word_1_312' title='bbox 599 3942 636 3986; x_wconf 79' lang='lat'><strong>»</strong></span> <span class='ocrx_word' id='word_1_313' title='bbox 677 3920 1018 4012; x_wconf 87' lang='lat' dir='ltr'>scriptum</span> <span class='ocrx_word' id='word_1_314' title='bbox 1090 3921 1410 3993; x_wconf 85' lang='lat' dir='ltr'>eiusdem</span> <span class='ocrx_word' id='word_1_315' title='bbox 1481 3921 1746 4011; x_wconf 84' lang='lat' dir='ltr'>Synodi</span> <span class='ocrx_word' id='word_1_316' title='bbox 1817 3917 2006 3992; x_wconf 90' lang='lat' dir='ltr'>Trid.</span> <span class='ocrx_word' id='word_1_317' title='bbox 2071 3924 2250 3995; x_wconf 89' lang='lat' dir='ltr'>Sess.</span> <span class='ocrx_word' id='word_1_318' title='bbox 2289 3920 2413 3994; x_wconf 77' lang='lat'>21.</span> <span class='ocrx_word' id='word_1_319' title='bbox 2455 3920 2728 4012; x_wconf 55' lang='lat' dir='ltr'>capzfl.</span> <span class='ocrx_word' id='word_1_320' title='bbox 2790 3919 2977 3992; x_wconf 88' lang='lat' dir='ltr'>latas</span> <span class='ocrx_word' id='word_1_321' title='bbox 3044 3919 3275 3991; x_wconf 80' lang='lat' dir='ltr'>fuisse</span> 
     </span>
     <span class='ocr_line' id='line_1_34' title="bbox 597 4029 3282 4123; baseline 0.001 -24"><span class='ocrx_word' id='word_1_322' title='bbox 597 4054 636 4099; x_wconf 66' lang='grc' dir='ltr'>ι»</span> <span class='ocrx_word' id='word_1_323' title='bbox 676 4033 1044 4123; x_wconf 86' lang='lat' dir='ltr'>repererit.</span> <span class='ocrx_word' id='word_1_324' title='bbox 1082 4058 1119 4100; x_wconf 84' lang='lat'><strong>»</strong></span> <span class='ocrx_word' id='word_1_325' title='bbox 1173 4029 1265 4104; x_wconf 87' lang='lat' dir='ltr'>Et</span> <span class='ocrx_word' id='word_1_326' title='bbox 1315 4034 1390 4104; x_wconf 93' lang='lat' dir='ltr'>in</span> <span class='ocrx_word' id='word_1_327' title='bbox 1446 4032 2058 4105; x_wconf 83' lang='lat' dir='ltr'>confirmationem</span> <span class='ocrx_word' id='word_1_328' title='bbox 2110 4032 2406 4104; x_wconf 88' lang='lat' dir='ltr'>huiusce</span> <span class='ocrx_word' id='word_1_329' title='bbox 2461 4033 2826 4105; x_wconf 84' lang='lat' dir='ltr'>doctrinae</span> <span class='ocrx_word' id='word_1_330' title='bbox 2874 4033 3282 4104; x_wconf 79' lang='lat' dir='ltr'>afferuntur</span> 
     </span>
     <span class='ocr_line' id='line_1_35' title="bbox 594 4143 2353 4218; baseline 0 -5"><span class='ocrx_word' id='word_1_331' title='bbox 594 4144 932 4217; x_wconf 87' lang='lat' dir='ltr'>nimirum</span> <span class='ocrx_word' id='word_1_332' title='bbox 986 4163 1243 4217; x_wconf 88' lang='lat' dir='ltr'>causae</span> <span class='ocrx_word' id='word_1_333' title='bbox 1284 4146 1356 4217; x_wconf 90' lang='lat' dir='ltr'>S.</span> <span class='ocrx_word' id='word_1_334' title='bbox 1404 4143 1721 4218; x_wconf 86' lang='lat' dir='ltr'>Severini</span> <span class='ocrx_word' id='word_1_335' title='bbox 1774 4150 1846 4216; x_wconf 89' lang='lat' dir='ltr'>et</span> <span class='ocrx_word' id='word_1_336' title='bbox 1900 4144 2353 4216; x_wconf 83' lang='lat' dir='ltr'>Placentina.</span> 
     </span>
    </p>

    <p class='ocr_par' dir='ltr' id='par_1_4' title="bbox 594 4253 3297 4794">
     <span class='ocr_line' id='line_1_36' title="bbox 741 4253 3286 4348; baseline -0.001 -20"><span class='ocrx_word' id='word_1_337' title='bbox 741 4257 911 4328; x_wconf 88' lang='grc'>268.</span> <span class='ocrx_word' id='word_1_338' title='bbox 969 4254 1396 4348; x_wconf 82' lang='lat' dir='ltr'>Exemplum</span> <span class='ocrx_word' id='word_1_339' title='bbox 1449 4255 1970 4347; x_wconf 84' lang='lat' dir='ltr'>suspensionis,</span> <span class='ocrx_word' id='word_1_340' title='bbox 2028 4255 2129 4328; x_wconf 88' lang='lat' dir='ltr'>uti</span> <span class='ocrx_word' id='word_1_341' title='bbox 2185 4272 2487 4346; x_wconf 90' lang='lat' dir='ltr'>poenae,</span> <span class='ocrx_word' id='word_1_342' title='bbox 2544 4255 2902 4345; x_wconf 79' lang='lat' dir='ltr'>irrogatae</span> <span class='ocrx_word' id='word_1_343' title='bbox 2969 4253 3286 4347; x_wconf 86' lang='lat' dir='ltr'>praebet</span> 
     </span>
     <span class='ocr_line' id='line_1_37' title="bbox 596 4364 3295 4461; baseline -0 -22"><span class='ocrx_word' id='word_1_344' title='bbox 596 4365 668 4439; x_wconf 91' lang='lat' dir='ltr'>S.</span> <span class='ocrx_word' id='word_1_345' title='bbox 710 4364 782 4442; x_wconf 89' lang='lat' dir='ltr'>C.</span> <span class='ocrx_word' id='word_1_346' title='bbox 825 4366 1061 4460; x_wconf 90' lang='lat' dir='ltr'>Episc.</span> <span class='ocrx_word' id='word_1_347' title='bbox 1135 4375 1207 4440; x_wconf 90' lang='lat' dir='ltr'>et</span> <span class='ocrx_word' id='word_1_348' title='bbox 1276 4365 1534 4459; x_wconf 83' lang='lat' dir='ltr'>Regni.</span> <span class='ocrx_word' id='word_1_349' title='bbox 1605 4369 1677 4439; x_wconf 93' lang='lat' dir='ltr'>in</span> <span class='ocrx_word' id='word_1_350' title='bbox 1730 4366 2268 4461; x_wconf 78' lang='lat' dir='ltr'>Balneoreqien.</span> <span class='ocrx_word' id='word_1_351' title='bbox 2330 4367 2596 4438; x_wconf 86' lang='lat' dir='ltr'>Remot.</span> <span class='ocrx_word' id='word_1_352' title='bbox 2642 4367 2951 4439; x_wconf 84' lang='lat' dir='ltr'>Parochi</span> <span class='ocrx_word' id='word_1_353' title='bbox 3016 4368 3081 4437; x_wconf 85' lang='lat'>3.</span> <span class='ocrx_word' id='word_1_354' title='bbox 3152 4366 3295 4438; x_wconf 82' lang='lat' dir='ltr'>Se-</span> 
     </span>
     <span class='ocr_line' id='line_1_38' title="bbox 594 4473 3294 4570; baseline -0.001 -19"><span class='ocrx_word' id='word_1_355' title='bbox 594 4479 905 4569; x_wconf 88' lang='lat' dir='ltr'>ptembr.</span> <span class='ocrx_word' id='word_1_356' title='bbox 969 4480 1217 4568; x_wconf 65' lang='lat'>1847„</span> <span class='ocrx_word' id='word_1_357' title='bbox 1276 4498 1464 4570; x_wconf 91' lang='lat' dir='ltr'>quae</span> <span class='ocrx_word' id='word_1_358' title='bbox 1534 4479 1940 4552; x_wconf 90' lang='lat' dir='ltr'>huiusmodi</span> <span class='ocrx_word' id='word_1_359' title='bbox 2015 4479 2279 4551; x_wconf 87' lang='lat' dir='ltr'>tenoris</span> <span class='ocrx_word' id='word_1_360' title='bbox 2332 4485 2489 4549; x_wconf 85' lang='lat' dir='ltr'>est:</span> <span class='ocrx_word' id='word_1_361' title='bbox 2566 4473 2824 4549; x_wconf 89' lang='lat' dir='ltr'>Contra</span> <span class='ocrx_word' id='word_1_362' title='bbox 2877 4477 3294 4568; x_wconf 86' lang='lat' dir='ltr'>parochum</span> 
     </span>
     <span class='ocr_line' id='line_1_39' title="bbox 594 4588 3291 4682; baseline 0.001 -22"><span class='ocrx_word' id='word_1_363' title='bbox 594 4590 730 4661; x_wconf 90' lang='lat' dir='ltr'>loci</span> <span class='ocrx_word' id='word_1_364' title='bbox 784 4588 870 4661; x_wconf 90' lang='lat' dir='ltr'>N.</span> <span class='ocrx_word' id='word_1_365' title='bbox 912 4588 998 4662; x_wconf 92' lang='lat' dir='ltr'>N.</span> <span class='ocrx_word' id='word_1_366' title='bbox 1057 4591 1404 4664; x_wconf 89' lang='lat' dir='ltr'>dioecesis</span> <span class='ocrx_word' id='word_1_367' title='bbox 1455 4590 1646 4663; x_wconf 90' lang='lat' dir='ltr'>illius</span> <span class='ocrx_word' id='word_1_368' title='bbox 1710 4590 2064 4664; x_wconf 85' lang='lat' dir='ltr'>tumultus</span> <span class='ocrx_word' id='word_1_369' title='bbox 2118 4591 2190 4661; x_wconf 90' lang='lat' dir='ltr'>in</span> <span class='ocrx_word' id='word_1_370' title='bbox 2243 4588 2505 4682; x_wconf 91' lang='lat' dir='ltr'>populo</span> <span class='ocrx_word' id='word_1_371' title='bbox 2558 4589 2915 4662; x_wconf 83' lang='lat' dir='ltr'>excitatus</span> <span class='ocrx_word' id='word_1_372' title='bbox 2979 4589 3291 4679; x_wconf 83' lang='lat' dir='ltr'>fuerat,</span> 
     </span>
     <span class='ocr_line' id='line_1_40' title="bbox 597 4699 3297 4794; baseline -0.001 -20"><span class='ocrx_word' id='word_1_373' title='bbox 597 4704 766 4794; x_wconf 92' lang='lat' dir='ltr'>quia</span> <span class='ocrx_word' id='word_1_374' title='bbox 822 4704 1238 4775; x_wconf 89' lang='lat' dir='ltr'>muliercula</span> <span class='ocrx_word' id='word_1_375' title='bbox 1292 4702 1675 4792; x_wconf 87' lang='lat' dir='ltr'>quaedam,</span> <span class='ocrx_word' id='word_1_376' title='bbox 1717 4720 2026 4792; x_wconf 88' lang='lat' dir='ltr'>quacum</span> <span class='ocrx_word' id='word_1_377' title='bbox 2061 4718 2355 4792; x_wconf 86' lang='lat' dir='ltr'>pravam</span> <span class='ocrx_word' id='word_1_378' title='bbox 2393 4701 2984 4773; x_wconf 88' lang='lat' dir='ltr'>consuetudinem</span> <span class='ocrx_word' id='word_1_379' title='bbox 3016 4699 3297 4773; x_wconf 74' lang='lat' dir='ltr'>fovere</span> 
     </span>
    </p>
   </div>
  </div>
 </body>
</html>
