3497 5235
1037 228 1109 287 De
1149 228 1451 288 vicit-etiem
1493 230 1760 287 Sacrorum
1798 229 2058 289 himinum.
2794 230 2867 291 33

237 369 483 435 sterum
559 360 655 432 ad
721 348 1046 433 eiusdem
1100 363 1420 435 tramites
1469 361 1842 435 Antistites
1891 381 2137 435 omnes
2201 364 2613 436 relationem
2666 384 2868 436 suam

239 478 624 547 exararent.
652 469 866 568 (Vide
888 471 1160 546 Bened.
1200 471 1390 545 XIV.
1433 476 1516 547 de
1570 476 1739 565 Syn.
1783 475 1998 547 dioec.
2034 474 2154 547 lib.
2202 474 2316 548 13.
2359 496 2513 569 cap.
2560 476 2627 550 6.
2665 476 2868 549 nAO.

372 586 487 657 73.
548 581 887 666 Quamvis
937 594 1174 659 autem
1226 583 1753 657 Lambertinius
1806 586 1896 657 ad
1949 586 2356 658 cathedram
2404 587 2877 677 Apostolicam

241 704 601 790 provectus
658 697 734 769 in
793 694 973 789 App.
1033 697 1119 769 ad
1173 696 1464 769 Constit.
1527 698 1724 783 Quod
1774 703 2028 770 sancta
2079 696 2219 771 diei
2271 699 2391 769 23.
2433 694 2607 769 Nov.
2656 698 2868 771 1740.

238 808 552 882 eamdem
602 807 985 881 formulam
1035 808 1457 899 adiecisset..
1492 809 1957 880 nihilominus
1991 810 2329 899 quoniam
2366 807 2662 880 solemni
2718 826 2880 898 pro-

242 919 667 1011 mulgatione
701 918 998 992 fortasse
1049 920 1299 993 eadem
1335 917 1713 993 Instructio
1748 918 1938 991 edita
1972 938 2113 991 non
2149 918 2362 991 fuerit
2413 938 2498 992 ex
2535 938 2644 1007 eo,
2687 919 2876 1009 quod

241 1031 617 1101 Concilium
668 1027 1073 1103 Romanum
1108 1032 1506 1103 universale
1545 1050 1682 1102 non
1734 1037 1913 1119 erat,
1968 1031 2315 1122 principio
2352 1036 2421 1103 et
2457 1029 2580 1102 diu
2632 1039 2879 1124 postea

240 1143 700 1218 communiter
734 1142 826 1215 ab
862 1140 1231 1235 Episcopis
1266 1142 1592 1215 catholici
1626 1142 1820 1215 orbis
1869 1142 1944 1213 in
1997 1141 2182 1215 iacto
2217 1148 2495 1213 servata
2534 1159 2678 1212 non
2714 1140 2875 1231 fuit,

242 1256 389 1328 licet
440 1256 518 1327 in
577 1256 730 1327 iure
780 1254 986 1327 aliter
1038 1254 1421 1328 dicendum
1470 1256 1824 1342 videatur.

327 1367 446 1437 74.
505 1361 602 1438 Et
636 1383 861 1455 saner
887 1363 1274 1439 Concilium
1309 1363 1712 1437 Romanum
1747 1366 1911 1438 licet
1953 1364 2381 1457 particulare
2416 1368 2696 1437 tantum
2732 1362 2885 1434 iue-

242 1478 349 1565 rit,
403 1477 881 1550 nihilominus
927 1475 1196 1550 Bened.
1268 1474 1473 1549 XIII.
1530 1495 1613 1550 ea
1666 1478 2031 1549 occasione
2085 1495 2255 1549 usus
2304 1481 2455 1564 est,
2511 1484 2591 1549 ut
2644 1475 2883 1564 aliqua

244 1589 518 1663 decreta
554 1590 647 1662 ad
685 1590 1087 1662 universam
1121 1589 1540 1663 catholicam
1568 1586 1956 1661 Ecclesiam
1985 1590 2421 1661 extenderet.
2463 1585 2884 1677 Exemplum

245 1702 557 1793 suppetit
609 1700 948 1792 obligatio
997 1702 1329 1794 capitulis
1380 1701 1704 1792 imposita
1743 1702 1833 1772 de
1868 1700 2330 1773 conficiendis
2365 1698 2887 1800 constitutioni-

243 1811 371 1883 bus
399 1812 925 1904 capitularibus
974 1808 1126 1906 (tit.
1172 1813 1267 1884 ΙΙ.
1307 1831 1464 1905 cap.
1512 1812 1632 1885 IV.
1675 1819 1737 1885 et
1785 1813 1859 1884 V.
1864 1807 1940 1908 ),
1977 1812 2065 1884 de
2094 1811 2357 1903 quibus
2391 1830 2518 1885 suo
2553 1810 2703 1883 loco
2737 1808 2888 1901 ple-

246 1924 396 1995 nius
446 1928 728 2015 agetur.
788 1916 986 1995 Idem
1036 1922 1415 1996 dicendum
1468 1924 1745 1995 videtur
1796 1922 1883 1996 de
1937 1920 2411 1997 Instructione
2489 1941 2614 2013 pro
2667 1920 2888 1994 confi-

246 2035 509 2107 ciendis
557 2034 1050 2108 relationibus:
1106 2035 1163 2105 si
1216 2036 1405 2107 enim
1457 2035 2029 2126 sapientissimus
2081 2034 2199 2107 ille
2249 2032 2571 2107 Pontifex
2623 2034 2712 2104 ad
2768 2051 2888 2105 eos

245 2152 550 2231 tautum,
606 2145 725 2235 qui
780 2141 1067 2217 Concilii
1119 2142 1424 2219 Romani
1460 2147 1951 2219 sanctionibus
1977 2145 2262 2217 obnoxii
2314 2154 2507 2233 sunt,
2564 2144 2886 2216 eamdem

251 2256 621 2329 formulam
672 2274 991 2329 coercere
1044 2258 1403 2346 voluisset,
1443 2276 1902 2348 nequaquam
1950 2256 2209 2328 ibidem
2249 2257 2598 2329 ediceret:
2641 2261 2889 2328 curent

247 2368 599 2459 Episcopi,
634 2368 1176 2460 Archiepiscopi,
1215 2371 1563 2442 Pri-mutes
1613 2375 1678 2440 et
1721 2370 2189 2450 Potriarchae
2239 2369 2374 2460 ipsi
2425 2388 2564 2440 sese
2614 2368 2892 2457 confor-

245 2499 467 2561 mare,
516 2486 585 2551 et
635 2500 798 2551 suas
852 2470 1219 2551 relationes
1271 2482 1365 2552 ad
1415 2481 1754 2553 distincta
1806 2482 2043 2573 capita
2096 2481 2441 2552 reducere.
2497 2476 2690 2560 Quae
2733 2479 2892 2568 qui-

248 2592 403 2664 dem
454 2591 702 2680 verba,
757 2592 813 2664 si
869 2610 1112 2663 verum
1148 2598 1603 2684 praeceptum
1640 2592 2073 2683 ubicumque
2111 2610 2254 2663 non
2293 2592 2705 2682 important,
2743 2591 2888 2663 tale

254 2711 482 2776 tamen
533 2703 907 2774 consilium
943 2721 1110 2794 prae
1146 2722 1220 2776 se
1259 2703 1521 2794 ierunt,
1562 2705 1673 2776 cui
1710 2722 1958 2775 omnes
1993 2703 2288 2794 obsequi
2340 2703 2680 2776 debeant.

387 2816 511 2886 75.
572 2813 676 2885 Ad
728 2815 907 2888 haec
962 2833 1120 2887 vero
1170 2820 1488 2907 tempora
1542 2816 1817 2888 nullum
1871 2815 2298 2904 relinquitur
2349 2813 2675 2902 dubium,
2711 2813 2885 2903 quin

254 2923 319 2998 S.
358 2924 614 3017 Congr.
656 2943 812 2998 eam
862 2926 1313 3018 disciplinam
1367 2927 1736 3014 invexerit,
1793 2932 1873 2998 ut
1928 2927 2314 3017 generatim
2365 2925 2697 2997 omnibus
2732 2943 2889 2996 eam

254 3037 687 3129 sequendam
737 3037 1006 3129 ubique
1055 3038 1594 3130 praescriberet.
1628 3033 1968 3118 Quocirca
2023 3056 2183 3111 cum
2239 3036 2520 3109 assidue
2557 3043 2881 3109 constan·

254 3155 523 3241 terque,
579 3148 748 3221 data
798 3150 1165 3222 occasione
1217 3149 1293 3220 in
1343 3149 1590 3237 literis,
1647 3147 1910 3238 quibus
1947 3148 2036 3219 ad
2092 3148 2469 3220 relationes
2501 3150 2891 3240 responde-

256 3261 400 3348 bat,
453 3262 881 3351 inculcaret,
937 3269 1019 3335 ut
1067 3281 1235 3334 suas
1282 3261 1418 3335 hac
1468 3261 1556 3334 de
1607 3279 1684 3333 re
1733 3262 1977 3333 literas
2028 3258 2533 3354 Episcoporum
2586 3262 2888 3352 quisque

261 3376 445 3447 iuxta
497 3374 823 3447 eamdem
876 3374 1417 3447 instructionem
1469 3373 1832 3462 conderet,
1889 3371 2063 3446 illud
2116 3380 2440 3445 assecuta
2494 3379 2627 3461 est,
2683 3380 2763 3445 ut
2815 3374 2890 3444 in

261 3489 811 3577 praesentiarum
859 3486 1128 3576 ubique
1180 3485 1352 3577 iere,
1408 3486 1607 3559 nulla
1660 3486 1849 3558 iacta
1902 3485 2314 3573 monitione,
2370 3491 2714 3558 servetur.
2757 3482 2893 3557 Ve-

266 3608 683 3690 rumtameu‚
738 3600 800 3671 si
861 3598 1151 3688 quando
1227 3616 1406 3690 opus
1455 3599 1574 3687 sit,
1629 3615 1879 3690 urgere
1946 3616 2088 3669 non
2140 3597 2430 3685 desinit,
2495 3605 2575 3670 ut
2626 3597 2889 3688 singuli

265 3710 573 3784 catholici
611 3709 807 3783 orbis
840 3709 1211 3783 Antistites
1245 3728 1448 3786 suam
1484 3709 1901 3782 relationem
1939 3708 2168 3781 eidem
2207 3709 2688 3800 undequaque
2725 3725 2893 3780 con-

270 3820 581 3896 forment.
638 3819 731 3895 Iu
780 3841 866 3896 ea
915 3839 992 3896 re
1042 3823 1330 3914 speciali
1382 3822 1623 3913 laude,
1677 3830 1760 3895 ut
1810 3823 2220 3915 plurimum,
2292 3823 2490 3915 digni
2558 3822 2892 3894 videntur

269 3929 621 4008 Praesules
668 3930 1084 4024 Galliarum,
1165 3937 1473 4025 quorum
1542 3935 1921 4008 relationes
1971 3952 2055 4006 ex
2108 3934 2418 4006 maxima
2482 3939 2681 4025 parte
2732 3933 2894 4006 dili-

276 4055 524 4137 genter,
578 4054 1049 4140 accurateque
1098 4048 1187 4120 ad
1240 4067 1561 4122 normam
1611 4045 2119 4124 Benedictinae
2170 4045 2666 4121 Instructionis
2726 4065 2895 4119 exa-

274 4164 454 4231 ratae
502 4161 1059 4252 comperiuntur.

405 4270 517 4342 76.
574 4270 846 4363 Accidit
896 4269 1312 4363 aliquando,
1360 4278 1440 4344 ut
1490 4289 1576 4345 ex
1610 4268 1980 4364 Episcopis
2027 4271 2288 4362 aliquis
2325 4270 2476 4343 loco
2526 4269 2896 4345 relationis

277 4385 484 4454 status
531 4384 868 4457 ecclesiae
917 4382 1198 4457 decreta
1250 4390 1323 4456 et
1377 4391 1534 4458 acta
1587 4384 2099 4456 transmitteret
2149 4399 2393 4455 sacrae
2467 4381 2893 4457 visitationis

281 4489 362 4562 ab
406 4493 548 4586 ipso
594 4503 980 4588 peractae:
1014 4492 1164 4577 Qua
1201 4515 1413 4589 super
1464 4514 1539 4569 re
1591 4496 1732 4568 duo
1769 4495 2237 4587 expendenda
2290 4502 2502 4584 sunt;
2548 4498 2769 4587 primo
2806 4514 2893 4568 ex

284 4619 393 4675 suo
438 4607 752 4682 instituto
806 4624 952 4680 non
1002 4606 1181 4680 solet
1232 4605 1305 4679 S.
1361 4605 1436 4679 C.
1495 4626 1648 4680 sese
1701 4608 2022 4701 ingerere
2073 4608 2146 4679 in
2200 4627 2313 4699 ea,
2371 4626 2556 4700 quae
2606 4606 2893 4698 Episco-

467 4750 637 4806 ιυωυι,
671 4748 811 4796 risa.
839 4718 979 4795 sa'er.
1011 4746 1147 4805 Lim„
1179 4748 1297 4796 edet.
1328 4747 1416 4801 ιιι,
1454 4748 1552 4794 rot.
1582 4748 1622 4794 1.
2654 4753 2680 4795 a
