3497 5235
1009 311 1129 389 0⁸1».
1155 310 1250 372 111.
1287 315 1361 372 Do
1401 314 1535 373 cler·
1574 312 1846 372 meultri.
1887 315 1940 388 ἓ.
1966 313 2016 369 5.
2722 307 2838 370 367

249 442 387 514 mini
422 444 486 514 in
519 438 730 517 casu?
770 469 809 513 s
867 443 948 517 S.
990 444 1065 517 C.
1121 447 1487 538 respondit
1543 447 1658 520 die
1715 447 1834 520 10.
1873 442 2042 518 Maii
2076 445 2267 517 illius
2317 444 2525 515 anni:
2570 466 2608 509 ‹
2653 442 2853 516 Affir-

255 575 286 618 ›
316 554 540 626 mative
573 555 663 627 ad
714 557 1012 647 primam
1049 564 1353 649 partem,
1396 560 1724 649 negative
1761 557 1854 629 ad
1888 555 2274 630 secundam
2326 562 2397 627 et
2434 556 2768 646 ampliuS.
2804 580 2842 625 ›

250 658 513 737 Tandem
559 666 633 737 in
685 668 1107 740 Forolivien.
1155 670 1544 742 Concursus
1597 670 1713 743 die
1766 670 1837 741 5.
1878 664 2241 759 Septemb.
2305 667 2516 739 1846.
2558 663 2850 758 Episco-

246 792 355 865 pus
400 777 464 847 in
507 777 910 870 theologum
964 781 1402 854 renuntiavit
1435 777 1837 873 Eugenium
1889 777 2188 867 Zavatti,
2229 784 2301 850 et
2351 780 2846 870 competitores

245 888 552 977 repulsam
601 892 793 981 passi
847 908 1069 982 penes
1129 889 1202 963 S.
1261 890 1336 964 C.
1394 891 1605 965 Conc.
1665 892 2068 964 nullitatem
2137 908 2520 962 concursus
2589 891 2847 962 acriter

248 996 584 1071 tuebantur
632 1020 720 1073 ex
772 1019 880 1091 eo,
941 1002 1133 1092 quod
1182 1007 1254 1076 et
1306 1008 1464 1075 acta
1535 1020 1922 1076 concursus
1973 1019 2118 1074 non
2186 999 2278 1071 ab
2329 999 2663 1072 omnibus
2712 1018 2845 1072 sua

243 1107 714 1202 subscriptione
766 1116 1040 1189 munita
1092 1114 1423 1205 fuissent,
1465 1118 1588 1204 qui
1625 1135 1710 1189 ea
1745 1117 1945 1186 iuxta
1997 1110 2293 1185 Constit.
2332 1108 2603 1184 Bened.
2644 1107 2838 1183 XIV.

245 1220 382 1293 Cum
427 1225 600 1297 illud
668 1226 1113 1300 subscribere
1165 1226 1456 1315 debent,
1522 1234 1594 1300 et
1645 1226 2168 1299 examinatores
2219 1241 2362 1295 non
2414 1239 2670 1294 omnes,
2719 1221 2850 1294 do-

239 1334 439 1405 ctorali
487 1336 729 1410 laurea
782 1339 1172 1411 fulsissent.
1221 1336 1587 1429 Proposito
1639 1339 1853 1430 igitur
1905 1336 2169 1410 dubio:
2231 1357 2271 1401 ι
2304 1332 2409 1406 An
2446 1340 2720 1406 constet
2756 1332 2847 1406 de

236 1465 267 1508 ›
297 1444 598 1521 nullitate
651 1467 1064 1540 concursuS,
1106 1452 1204 1523 ita
1240 1458 1321 1524 ut
1370 1451 1464 1523 sit
1514 1451 1709 1523 locus
1762 1468 1944 1523 novo
1997 1449 2370 1522 concursui
2420 1449 2496 1520 in
2550 1442 2842 1523 casui.»

236 1548 293 1621 S.
324 1552 387 1625 C.
425 1561 834 1651 respondit:
899 1583 937 1628 ‹
992 1559 1333 1655 Negative
1386 1570 1456 1636 et
1527 1563 1860 1654 ampliuS.
1906 1587 1944 1628 ν
1982 1557 2399 1634 Et'iterum
2467 1578 2681 1632 causa
2753 1559 2847 1633 ad

230 1679 486 1739 examen
541 1677 868 1745 revocata
921 1673 1036 1746 die
1072 1677 1191 1747 24.
1235 1674 1402 1768 Apr.
1448 1676 1662 1748 1847.
1705 1673 1778 1747 S.
1822 1673 1898 1746 C.
1938 1676 2133 1747 stetit
2180 1675 2258 1746 in
2293 1673 2542 1746 decisis
2593 1679 2663 1745 et
2695 1693 2850 1745 am-

218 1775 398 1864 plius.
454 1777 780 1855 Ceterum
832 1785 892 1857 si
945 1788 1057 1858 cui
1110 1787 1391 1878 placeat
1460 1788 1746 1881 penitus
1810 1804 2235 1880 cognoscere
2287 1787 2647 1858 rationum
2698 1804 2850 1860 mo-

221 1895 450 1983 menta,
495 1915 686 1985 quae
736 1898 1052 1971 militant
1102 1917 1228 1991 pro
1279 1898 1414 1970 hac
1465 1900 1820 1987 doctrina,
1860 1899 2052 1989 quod
2103 1899 2387 1970 omissio
2439 1897 2847 1971 huiusmodi

217 2000 720 2080 solemnitatum
771 2010 848 2081 in
901 2027 1252 2082 concursu
1302 2012 1900 2103 praescriptarum
1936 2010 2337 2082 nullitatem
2390 2009 2680 2081 minime
2716 2011 2849 2081 im-

217 2119 463 2199 portare
497 2121 857 2211 videatur,
889 2120 1102 2192 adeat
1138 2120 1383 2194 folium
1420 2123 1739 2196 eiusdem
1777 2140 2036 2195 causae
2070 2120 2494 2193 Forolivien.
2529 2118 2622 2190 ad
2655 2120 2844 2193 diem

214 2220 271 2290 5.
306 2221 490 2318 Sept.
538 2231 794 2322 1846„
835 2231 960 2304 ubi
1011 2235 1490 2307 controversia
1537 2234 1718 2307 haec
1767 2236 1972 2308 docte
2024 2234 2238 2307 simul
2291 2242 2361 2308 et
2412 2233 2635 2306 solide
2682 2252 2846 2326 per-

213 2335 525 2411 tractatur
581 2338 724 2437 (1).
1816 2398 1821 2405 .

327 2450 488 2522 184.
514 2450 607 2527 In
638 2453 1115 2527 celebratione
1139 2474 1525 2530 concursus
1553 2459 1739 2531 inter
1768 2458 2264 2549 competitores
2291 2464 2461 2530 sunt
2487 2458 2841 2547 nonnulli,

202 2560 305 2646 qui
336 2562 427 2635 ab
463 2566 1084 2640 examinatoribus
1117 2570 1407 2641 omnino
1442 2571 1885 2661 reiiciuntur,
1927 2576 1997 2642 et
2032 2569 2388 2660 nonnulli,
2430 2571 2555 2661 qui
2589 2589 2850 2665 appro-

200 2666 487 2767 bantur;
542 2680 860 2769 itemque
895 2681 1083 2752 inter
1115 2680 1544 2773 approbatos
1580 2689 1778 2772 sunt,
1821 2684 1943 2771 qui
1980 2682 2143 2773 plus
2177 2683 2287 2754 vel
2324 2683 2560 2754 minus
2594 2683 2848 2754 suffra-

199 2783 446 2872 giorum
487 2790 587 2863 ab
629 2792 1235 2865 examinatoribus
1271 2802 1835 2884 consequuntur,
1890 2796 2037 2866 sive
2090 2812 2177 2866 ex
2225 2794 2433 2867 titulo
2470 2795 2839 2882 scientiae,

193 2894 321 2968 sive
352 2917 438 2971 ex
476 2902 788 2975 aliorum
839 2904 1249 2976 meritorum
1286 2907 1586 2978 ratione.
1629 2904 1950 2978 Iamvero
1984 2903 2404 2997 EpiscopuS,
2462 2902 2844 2976 dummodo

193 3024 398 3083 unum
434 3014 669 3108 eligat
705 3033 792 3087 ex
830 3014 1381 3108 approbatorum
1436 3035 1760 3107 numero,
1800 3017 1965 3090 licet
2000 3013 2427 3109 posthabeat
2477 3015 2679 3102 alios,
2722 3013 2847 3104 qui

188 3120 526 3198 maiorum
593 3126 1090 3219 suffragiorum
1143 3135 1410 3220 puncta
1459 3130 1870 3217 retulerint,
1928 3129 2176 3201 electio
2228 3127 2645 3200 sustinetur.
2701 3122 2846 3197 Res

182 3227 370 3324 baec,
441 3237 777 3310 formiter
829 3238 1149 3312 discusso
1203 3241 1528 3330 articulO,
1592 3241 1890 3313 definita
1941 3247 2048 3313 est
2108 3240 2183 3311 in
2240 3241 2606 3312 Aversana
2666 3238 2868 3322 Can„

176 3344 364 3419 theol.
406 3357 482 3423 et
524 3352 804 3444 poenit.
845 3350 958 3424 die
1002 3353 1123 3423 21.
1155 3348 1330 3424 Nov.
1372 3352 1584 3424 1829.
1624 3349 1934 3424 Dubium
1971 3352 2187 3442 enim,
2229 3350 2422 3441 quod
2455 3351 2531 3422 in
2567 3347 2849 3421 consul-

175 3458 516 3533 tationem
575 3461 995 3553 vocabatur,
1054 3465 1152 3536 ita
1206 3468 1356 3537 erat
1408 3471 1873 3556 conceptum:
1935 3488 1973 3531 ‹
2017 3464 2120 3536 An
2156 3461 2547 3556 Episcopus
2582 3462 2844 3554 polleat

172 3592 208 3634 >
242 3571 395 3646 iure
435 3594 621 3647 eum
673 3576 981 3666 eligendi
1035 3578 1128 3650 ad
1179 3576 1663 3668 praebendam
1715 3574 2186 3667 theologalem
2237 3580 2307 3648 et
2370 3573 2847 3669 poenitentia-

170 3703 208 3746 ›
237 3685 454 3776 riam,
501 3704 729 3777 quem
767 3688 920 3779 ipse
954 3688 1142 3761 inter
1178 3688 1607 3780 approbatos
1644 3691 1716 3761 in
1756 3688 2032 3761 formali
2067 3706 2416 3761 concursu
2450 3687 2846 3779 digniorem

165 3816 202 3858 ι»
237 3795 718 3887 iudicaverit,
765 3818 892 3872 seu
943 3801 1178 3891 potius
1228 3802 1428 3872 illum
1480 3801 1738 3892 eligere
1788 3805 2146 3889 teneatur,
2189 3816 2402 3890 quem
2438 3799 2662 3890 magis
2696 3797 2849 3869 ido-

158 3927 195 3973 »
231 3925 464 3982 neum
511 3912 598 3983 in
629 3913 875 3985 eodem
908 3932 1255 3986 concursu
1291 3914 1811 3986 examinatores
1846 3912 2412 3986 renuntiaverint
2438 3912 2514 3982 in
2551 3902 2771 3983 casu?
2804 3931 2843 3975 s

162 4014 232 4087 S.
273 4018 350 4092 C.
397 4024 837 4114 respondit:
882 4046 920 4089 ‹
959 4021 1392 4097 Affirmative
1427 4025 1520 4097 ad
1556 4027 1857 4118 primam
1893 4032 2196 4117 partem,
2237 4023 2566 4114 negative
2612 4020 2705 4092 ad
2738 4037 2850 4092 se-

156 4157 192 4198 »
232 4134 615 4206 cundum.
661 4158 700 4202 s
738 4131 1076 4217 Quocirca
1127 4137 1500 4230 repudiata
1552 4136 1685 4210 fuit
1747 4138 2104 4210 sententia
2172 4135 2478 4208 auctoris
2533 4131 2850 4206 Additio-

151 4260 330 4315 num
389 4244 502 4317 ad
564 4242 839 4318 Ferrar.
883 4247 1098 4320 verbo
1159 4251 1628 4325 canonicatus
1681 4256 1826 4323 art.
1879 4247 1989 4330 9.,
2034 4248 2156 4337 qui
2208 4248 2283 4318 in
2334 4263 2507 4319 suae
2559 4252 2846 4318 senten-

141 4358 283 4431 tiae
339 4357 782 4432 subsidium
815 4379 1106 4434 causam
1155 4363 1690 4436 salernitanam
1730 4361 1797 4429 1.
1839 4361 2034 4451 Sept.
2083 4359 2295 4431 1753.
2338 4357 2705 4431 afferebat.
2758 4353 2845 4428 In

270 4626 363 4697 (1)
408 4634 510 4684 De
560 4632 1043 4684 examinatoribus
1072 4632 1456 4700 synodalibuS,
1487 4632 1585 4700 qui
1617 4633 1872 4697 gratuito
1897 4647 2099 4687 munus
2127 4647 2288 4687 suum
2316 4647 2572 4708 exercere
2605 4631 2833 4701 debent,

120 4711 256 4767 vide
300 4719 497 4769 Aeta
552 4714 616 4768 S.
653 4715 823 4767 Sedis
863 4718 977 4772 vol.
1008 4718 1062 4771 2.
1103 4733 1230 4784 pag.
1258 4719 1346 4771 88.
