3497 5235
607 298 722 365 442
1353 302 1721 365 motionis
1763 303 1815 363 Β.
1844 303 2025 381 (longr.
2053 304 2199 367 (lone.
2240 308 2506 383 expositio.

606 431 874 518 putavit.
913 470 953 483 -
988 437 1141 500 349.
1194 436 1412 520 Itaque
1460 436 1839 503 consultatio
1889 437 2043 503 sacta
2078 449 2196 517 est,
2233 438 2297 506 in
2333 459 2452 526 qua
2493 439 2614 505 hoc
2645 451 3093 529 argumentum
3132 439 3264 505 fuse

604 536 1142 620 pertractabatur3
1194 558 1288 615 ac,
1344 559 1410 605 re
1458 540 1807 626 proposita,
1859 542 1997 607 Emi
2048 546 2260 608 Patres
2307 543 2815 619 declaraverunt,
2867 543 3114 609 Missam
3149 561 3267 626 pro

605 641 847 727 populo
896 640 1121 707 diebus
1169 642 1356 707 etiam
1412 642 1689 709 reductis
1736 644 2130 711 offerendam
2179 665 2351 722 esse,
2404 656 2468 713 et
2515 645 2977 713 consulendum
3027 649 3265 720 SSffio,

606 751 679 806 ut
725 742 837 809 hac
886 742 967 808 de
1017 764 1085 808 re
1135 745 1370 809 Literas
1419 746 1807 831 Apostolicas
1855 747 2101 813 ederet.
2141 786 2183 797 -
2232 753 2383 815 350.
2436 751 2590 815 Hinc
2639 750 2944 817 Sanctitas
2991 753 3115 816 Sua
3169 748 3269 813 Li-

605 856 769 909 teras
815 846 1161 930 encyclicas
1209 848 1408 932 incip.
1461 852 1909 916 Amantissimi
1955 850 2197 927 edidit,
2250 855 2348 918 cui
2403 872 2625 919 omnes
2676 853 2917 939 ubique
2966 852 3113 918 fere
3160 871 3272 938 pa·

604 948 777 1015 rochi
826 968 892 1014 se
940 950 1442 1027 conformarunt,
1496 964 1600 1018 aut
1648 955 1898 1019 veniam
1947 954 2023 1019 ab
2076 957 2431 1041 Apostolica
2482 956 2649 1026 Sede
2685 957 3226 1044 imploraverunt.

751 1109 920 1181 343.
979 1108 1246 1184 Docent
1299 1107 1694 1186 Tridentini
1744 1110 1992 1187 Patres
2048 1117 2227 1188 Sess.
2281 1112 2406 1189 23.
2465 1135 2624 1208 cap.
2687 1116 2755 1189 1.
2814 1116 2899 1189 de
2952 1115 3267 1209 Reform.

602 1229 982 1316 praecepto
1019 1224 1260 1297 divino
1316 1225 1733 1298 mandatum
1772 1244 1926 1301 esse
1963 1227 2323 1317 omnihuS‚
2365 1227 2629 1318 quihus
2664 1229 3072 1301 animarum
3102 1246 3274 1300 cura

604 1336 977 1408 commissa
1015 1343 1151 1426 est,
1208 1356 1376 1411 oves
1428 1358 1597 1411 suas
1649 1357 2034 1431 agnoscere
2086 1346 2157 1412 et
2208 1358 2333 1432 pro
2371 1341 2455 1412 iis
2507 1337 2946 1414 Sacrificium
2983 1339 3266 1412 offerre.

602 1445 760 1522 Non
812 1449 1112 1522 deerant
1161 1450 1354 1539 olim,
1397 1454 1520 1541 qui
1555 1458 1918 1543 putarent,
1958 1452 2330 1544 parocth
2373 1451 2628 1526 saltem
2667 1471 2817 1541 eos,
2857 1453 2984 1542 qui
3020 1451 3274 1544 pingui

604 1582 821 1636 censu
876 1564 1303 1656 potirentur,
1345 1564 1645 1656 singulis
1683 1565 1941 1639 diebus
1977 1566 2067 1638 ad
2119 1563 2406 1639 Missam
2441 1584 2570 1657 pro
2614 1565 2879 1659 populo
2914 1565 3271 1637 litandam

605 1674 951 1767 obligari3
1028 1675 1613 1768 quandoquidem
1664 1673 1983 1753 Trident.
2062 1676 2391 1770 Synodus
2458 1679 2612 1751 dies
2672 1678 2970 1750 minime
3040 1676 3275 1750 deter-

605 1788 928 1878 minavit,
956 1787 1220 1879 quihus
1243 1790 1532 1880 parochi
1551 1790 1739 1862 hanc
1761 1790 1990 1884 legem
2014 1790 2309 1884 implere
2331 1790 2703 1879 deberent,
2735 1786 3046 1885 (Bened.
3075 1786 3263 1861 XIV.

605 1900 782 1973 Inst.
840 1901 1008 1973 eccl.
1053 1900 1171 1974 10.
1231 1920 1305 1972 η.
1346 1898 1500 1996 4.);
1573 1909 1648 1976 at
1709 1921 1874 1976 vero
1925 1900 1999 1975 S.
2056 1901 2133 1975 C.
2189 1901 2400 1977 Conc.
2459 1898 3041 1975 Tridentinarum
3113 1920 3271 1974 san-

605 2014 918 2085 ctionum
971 2008 1333 2104 Interpres
1384 2014 1654 2107 pluries
1704 2014 2122 2106 declaravit,
2179 2016 2464 2090 eosdem
2518 2015 3143 2087 indiscriminatim
3189 2033 3269 2087 ex

602 2128 867 2220 proprii
907 2129 1221 2200 muneris
1255 2127 1483 2201 officio
1522 2127 1614 2199 ad
1647 2129 1838 2201 hanc
1871 2129 1980 2202 sui
2020 2130 2389 2202 ministerii
2427 2134 2700 2218 partem
2731 2126 3265 2217 exsequendam

602 2239 903 2333 obligari
957 2240 1241 2312 nonnisi
1294 2239 1867 2333 quibuscumque
1902 2241 2105 2314 festis
2157 2241 2413 2314 diebus
2452 2236 2601 2336 (1);
2659 2240 2758 2312 ita
2807 2240 3037 2313 edixit
3071 2256 3269 2332 prae·

604 2354 844 2425 sertim
881 2352 954 2423 in
985 2352 1363 2426 Pistorien.
1404 2362 1468 2428 et
1495 2356 1793 2429 Protea.
1829 2355 1951 2428 24.
1983 2352 2328 2427 Februar.
2369 2353 2614 2441 1699„
2656 2370 2874 2442 quam
2909 2353 3066 2424 suis
3098 2352 3268 2443 Apo-

603 2464 870 2537 stolicis
921 2461 1178 2536 Literis
1227 2466 1565 2558 incipien.
1625 2469 1868 2559 Nuper
1919 2488 1964 2540 α
2018 2467 2565 2560 Conqreqatione
2633 2464 2774 2537 <liei
2825 2464 2948 2535 24.
3012 2464 3267 2557 Aprilis

605 2582 923 2655 eiusdem
976 2582 1147 2654 anni
1198 2598 1260 2653 s,
1319 2600 1415 2654 m.
1473 2578 1849 2655 Innocent.
1907 2576 2074 2652 XII.
2115 2582 2328 2673 plene
2364 2577 2834 2652 confirmavit.
2874 2572 3269 2650 Recentius

603 2712 767 2767 vero
818 2690 1088 2767 Bened.
1131 2690 1322 2766 XIV.
1368 2695 1458 2768 ad
1494 2694 1921 2769 removenda
1959 2694 2323 2786 quaelihet
2360 2693 2646 2785 effugia,
2687 2687 2800 2789 (2)
2835 2689 3112 2780 quibus
3144 2689 3273 2761 hu-

607 2808 717 2878 ius
769 2806 1004 2878 oneris
1055 2806 1598 2898 implementum
1650 2807 2011 2880 declinare
2066 2806 2396 2880 nonnulli
2440 2803 2982 2891 adnitebantur‚
3023 2802 3275 2874 huius-

603 2919 793 2991 modi
845 2919 1382 3010 dispositionem
1437 2920 1804 2994 innovavit
1848 2921 2381 3011 declaravitque
2419 2917 3007 3004 celebratissima,
3052 2932 3268 3007 quam

602 3049 818 3122 super
845 3031 981 3104 hac
1008 3049 1082 3103 re
1121 3032 1460 3124 vulgavit,
1491 3030 2011 3107 Constitutione
2041 3033 2215 3108 Cum
2241 3051 2505 3124 semper
2533 3031 2800 3104 oblatas
2832 3028 2973 3100 diei
3008 3028 3279 3100 14.An-

607 3145 796 3237 gusti
839 3144 1086 3233 1744.‚
1127 3162 1432 3236 eamque
1468 3145 1803 3218 dabimus
1853 3146 2212 3217 volumine
2251 3140 2389 3216 111.
2431 3141 2567 3216 sub
2613 3159 2815 3214 num.
2847 3141 2973 3212 23.

756 3258 924 3330 344.
980 3253 1182 3339 Quod
1232 3260 1544 3351 pertinet
1596 3257 1686 3330 ad
1740 3258 2250 3351 praefixionem
2312 3257 2587 3329 dierum
2640 3253 2985 3327 festorum
3059 3270 3279 3345 super

605 3368 1036 3463 applicanda
1087 3367 1300 3442 Missa
1352 3389 1479 3461 pro
1533 3372 1841 3466 popum,
1919 3371 2353 3443 monendum
2407 3375 2558 3456 est,
2634 3366 2705 3439 id
2759 3383 2908 3439 non
2980 3363 3274 3438 extendi

603 3482 694 3553 ad
748 3477 1135 3574 Episcopos
1184 3477 1611 3572 OrientaleS,
1670 3501 1851 3575 quos
1905 3483 2126 3555 teneri
2182 3480 2470 3573 quidem
2524 3479 2616 3551 ad
2661 3478 3095 3551 sacrificium
3144 3495 3276 3568 pro

607 3594 856 3668 ovibus
907 3594 1055 3667 suis
1109 3595 1618 3687 perlitandum‚
1676 3596 1968 3668 minime
2020 3613 2185 3667 vero
2238 3593 2547 3685 idipsum
2583 3596 2955 3682 praestare
2990 3589 3276 3681 exlege

603 3708 864 3782 debere
916 3709 1218 3801 singulis
1269 3708 1524 3782 diebus
1576 3709 1803 3798 festiS,
1862 3706 1935 3781 S.
1992 3705 2209 3800 Cong.
2254 3706 2342 3778 de
2393 3701 2602 3798 Prop.
2645 3700 2803 3775 Fid.
2846 3701 3273 3788 declaravit,

605 3821 836 3913 prouti
892 3826 1291 3912 exponetur
1343 3821 1418 3893 in
1470 3821 1665 3894 exitu
1718 3820 2226 3910 subsequentis
2281 3816 2557 3889 articuli
2610 3834 2653 3886 a
2707 3835 2779 3887 η.
2841 3812 3018 3888 365.

742 4142 825 4218 (1)
864 4145 925 4198 Si
964 4144 1172 4198 festum
1211 4147 1385 4198 alieni
1427 4145 1544 4198 diei
1591 4148 1815 4198 affixum
1866 4142 2207 4210 Impedintur
2245 4145 2315 4195 ab
2353 4144 2467 4196 alio
2509 4144 2659 4196 festo
2698 4146 2930 4197 maioris
2970 4146 3114 4197 ritu!
3170 4147 3285 4195 tui

597 4229 931 4296 dignitttIS,
974 4231 1249 4298 parochus
1289 4236 1518 4283 tenetur
1544 4230 1613 4282 ad
1639 4230 1847 4284 Missae
1875 4230 2315 4296 applicationem
2352 4244 2452 4295 pro
2491 4231 2686 4293 populo
2716 4231 2782 4279 in
2818 4229 2938 4280 die.
2983 4230 3059 4279 mi
3097 4243 3283 4294 quen

599 4318 1067 4384 transferuntur
1083 4319 1420 4385 festivitas,
1453 4317 1722 4383 officium
1754 4326 1809 4368 et
1842 4316 2065 4376 flium,-
2110 4318 2337 4368 tenetur
2372 4320 2560 4367 antem
2598 4316 2670 4366 ad
2710 4314 2984 4367 eInsmodi
3022 4313 3287 4380 applica-

600 4405 811 4456 tionem
852 4405 918 4454 in
963 4406 1086 4470 ipso
1130 4404 1225 4454 die
1255 4403 1422 4470 festo
1455 4402 1776 4467 impedito,
1819 4403 1872 4453 εἰ
1912 4401 2180 4468 officium
2222 4408 2281 4450 ee
2324 4399 2505 4450 Missa
2549 4404 2777 4452 tantum
2817 4398 3283 4458 transferuntur,

600 4505 710 4543 non
761 4506 891 4541 vcro
938 4489 1256 4542 festivitas,
1296 4483 1410 4561 (Ex
1452 4487 1731 4540 decisione
1784 4486 1839 4538 8.
1874 4487 1935 4540 0.
1967 4488 2128 4541 Cone.
2169 4485 2257 4538 24.
2291 4484 2511 4550 Aprilis
2553 4484 2713 4537 1875.
2755 4485 2815 4536 in
2851 4486 2977 4537 Act.
3017 4482 3070 4535 S.
3098 4481 3288 4535 sedis

602 4574 718 4626 vol.
751 4576 911 4628 VIII.
955 4589 1081 4639 pag.
1113 4570 1285 4643 605.).

745 4659 809 4730 (2)
852 4661 1151 4713 Parochiae
1179 4662 1428 4712 tenuius
1455 4676 1622 4711 cansa.
1653 4676 1763 4711 non
1792 4663 1897 4726 ent,
1930 4675 2027 4712 cur
2056 4661 2328 4726 parochus
2356 4659 2427 4709 ab
2454 4656 2735 4711 offerenda
2763 4658 2939 4712 Missa
2962 4656 3287 4709 exinttur.

605 4747 662 4799 S.
695 4746 753 4797 C.
785 4744 845 4796 Ο.
887 4746 948 4796 iu
991 4744 1323 4796 Ferentino
1365 4747 1450 4798 15.
1490 4745 1661 4800 Mart.
1703 4744 1861 4801 1735.
