3497 5235
1099 298 1218 374 Otp.
1245 300 1346 357 111.
1385 296 1458 354 Do
1498 295 1633 356 aloto
1672 296 1945 355 namuri.
1987 300 2042 373 g.
2067 298 2143 355 11.
2839 296 2951 358 461

438 430 536 506 11.
584 461 622 505 »
678 434 787 506 An
840 441 1168 507 teneatur
1221 429 1507 505 Missam
1555 432 1920 524 applicare
1973 450 2098 524 pro
2150 433 2414 525 populo
2466 434 2540 505 in
2596 433 2775 522 1000,
2829 433 2958 507 ubi

305 573 336 615 »
373 548 604 639 degit,
674 564 802 619 seu
853 547 1091 636 potius
1143 545 1234 618 ad
1288 544 1698 636 parochiam
1748 545 2035 616 rediens
2085 551 2418 617 teneatur
2470 546 2830 636 applicare
2882 548 2956 618 in

304 685 335 727 ν
369 660 654 750 propria
709 652 1047 730 ecclesia?

433 768 570 842 111.
618 795 654 837 7>
696 768 804 841 An
839 769 1194 861 parochus
1230 766 1454 839 morbi
1493 786 1708 839 causa
1745 766 2057 857 legitime
2086 767 2498 857 impedituS,
2539 787 2629 841 ne
2665 766 2956 841 Missam

301 910 333 954 ›
368 881 726 971 celebret,
782 887 1115 954 teneatur
1166 887 1327 972 post
1379 886 1872 971 recuperatam
1926 881 2312 953 sanitatem
2368 886 2471 953 tot
2521 876 2778 953 Missas
2830 900 2961 972 ap-

302 1020 333 1062 »
369 996 636 1086 plicare
690 1012 815 1085 pro
869 993 1160 1085 populo,
1219 997 1391 1081 quot
1445 992 1751 1064 durante
1807 989 2049 1062 morbo
2101 993 2363 1080 omisit,
2420 993 2568 1064 sive
2623 995 2697 1065 in
2751 1013 2949 1082 casu,

302 1133 335 1177 ›
374 1125 517 1196 quo
568 1124 703 1177 nec
750 1123 878 1196 per
927 1121 1005 1176 se
1059 1122 1191 1175 nec
1239 1121 1368 1193 per
1420 1104 1640 1174 alium
1692 1101 2053 1176 celebrare
2104 1109 2385 1192 poterat
2419 1104 2573 1175 sine
2613 1107 2807 1196 gravi
2844 1107 2959 1176 in-

303 1243 337 1285 »
371 1217 767 1305 commodo,
822 1216 970 1287 sive
1022 1216 1098 1286 in
1152 1233 1351 1302 casu,
1409 1233 1550 1304 quo
1601 1221 1883 1305 poterat
1934 1233 2060 1305 per
2104 1216 2353 1304 alium,
2392 1217 2520 1289 sed
2571 1236 2660 1290 ex
2710 1219 2954 1308 aliquo

303 1354 335 1398 ›
370 1346 557 1400 vano
608 1329 862 1399 timore
914 1326 1019 1399 vel
1080 1327 1515 1417 negligentia
1570 1344 1714 1398 non
1769 1327 2069 1415 curavit,
2126 1330 2237 1398 vel
2290 1346 2436 1400 non
2480 1328 2821 1418 obtinuit,
2876 1336 2957 1402 ut
3098 1354 3115 1372 ·

299 1467 332 1511 ›
369 1441 553 1512 alius
603 1459 730 1531 pro
783 1458 859 1512 se
895 1433 1338 1512 celebraret?
1378 1435 1451 1510 S.
1484 1438 1558 1510 C.
1591 1437 1666 1511 C.
1712 1439 1826 1511 die
1871 1440 1985 1510 14.
2027 1437 2363 1513 Decemb.
2406 1443 2618 1515 1872.
2663 1462 2958 1536 respon-

299 1577 333 1619 »
367 1553 513 1626 dit:
573 1549 968 1624 Parochum
1021 1552 1139 1623 die
1195 1551 1373 1623 sesto
1427 1571 1468 1621 a
1520 1569 1651 1622 sua
1704 1551 2033 1642 paroecia
2076 1550 2393 1643 legitime
2431 1552 2804 1627 absentem
2843 1575 2959 1626 sa-

300 1691 331 1733 »
370 1665 698 1739 tisiacere
749 1683 922 1735 suae
975 1663 1392 1755 obligationi
1448 1660 1731 1734 Missam
1786 1664 2214 1753 applicando
2251 1682 2377 1754 pro
2413 1666 2678 1756 populo
2715 1685 2842 1738 suo
2882 1668 2955 1739 in

297 1804 330 1847 ›
367 1780 519 1851 loco
569 1777 695 1850 ubi
748 1776 967 1868 degit,
1024 1776 1409 1849 dummodo
1459 1774 1549 1847 ad
1588 1777 2060 1847 necessariam
2098 1777 2342 1866 populi
2380 1777 2956 1850 commoditatem

297 1915 331 1955 »
368 1891 554 1962 alius
619 1890 949 1962 sacerdos
1026 1890 1100 1960 in
1165 1888 1463 1960 ecclesia
1517 1887 1904 1978 parochiali
1976 1888 2287 1960 celebret
2356 1894 2430 1961 et
2478 1887 2774 1961 verbum
2827 1888 2955 1961 Dei

297 2027 329 2071 ›
369 2002 701 2093 explicet.
758 1999 1151 2072 Parochum
1190 2019 1353 2071 vero
1390 2006 1781 2089 utcumque
1821 1999 2130 2090 legitime
2169 2000 2616 2091 impeditum,
2660 2020 2750 2074 ne
2787 1998 2955 2073 Mis-

294 2138 330 2181 »
367 2132 520 2185 sam
573 2113 913 2202 celebret,
971 2113 1198 2185 teneri
1253 2131 1414 2184 eam
1464 2111 1581 2183 die
1633 2110 1815 2182 festo
1868 2129 1994 2201 per
2046 2111 2266 2182 alium
2318 2112 2664 2185 celebrari
2719 2120 2790 2185 et
2827 2133 2951 2206 ap-

293 2249 329 2292 »
367 2226 616 2316 plicari
685 2223 918 2297 facere
982 2244 1109 2316 pro
1162 2224 1426 2315 populo
1495 2225 1571 2295 in
1625 2223 1924 2295 ecclesia
1999 2224 2435 2315 parochiali3
2494 2224 2687 2314 quod
2739 2226 2799 2296 si
2853 2226 2953 2297 ita

293 2336 632 2408 »iactum
687 2355 831 2408 non
885 2335 1145 2425 fuerit,
1204 2337 1730 2426 quamprimum
1787 2338 2073 2425 poterit,
2137 2332 2422 2406 Missam
2493 2354 2621 2426 pro
2691 2337 2955 2428 populo

293 2474 330 2511 s
368 2448 729 2539 applicare
781 2447 1070 2520 debere.
1109 2472 1146 2515 ›
1203 2442 1409 2542 (Acta
1462 2444 1535 2518 S.
1580 2447 1784 2521 Sedis
1837 2448 1976 2518 vol.
2023 2442 2176 2518 Vll.
2220 2467 2387 2540 pag.
2434 2447 2666 2547 191.).

431 2562 504 2634 6.
566 2583 603 2626 ⁴<
642 2557 1038 2652 Episcopus
1073 2557 1545 2632 Catalaunen.
1603 2558 1717 2632 die
1769 2563 1840 2632 8.
1872 2556 2062 2631 Iunii
2106 2562 2321 2633 1873.
2363 2561 2665 2653 supplici
2706 2560 2951 2634 libello

286 2698 324 2742 »
363 2671 855 2744 Sacratissimo
890 2668 1205 2762 Principi
1241 2671 1481 2743 oblato
1518 2672 1952 2761 quaerebat:
2000 2673 2066 2742 1.
2104 2670 2353 2745 Utrum
2381 2673 2735 2764 parochus
2771 2675 2954 2745 duas

288 2810 324 2852 >
361 2783 643 2856 habens
695 2783 1095 2874 parochias,
1153 2784 1271 2873 qui
1329 2782 1419 2853 ob
1474 2782 1975 2855 rationabilem
2022 2803 2309 2855 causam
2363 2804 2507 2855 non
2561 2785 2793 2875 potuit
2832 2784 2950 2856 die

284 2919 323 2962 ν
362 2892 732 2966 Dominica
785 2894 898 2967 vel
951 2894 1131 2967 festo
1199 2894 1588 2967 secundam
1640 2891 1929 2965 Missam
1982 2895 2385 2984 celebrare,
2442 2903 2774 2968 teneatur
2823 2914 2954 2986 per

288 3033 325 3076 ›
362 3006 893 3080 hebdomadam
948 3007 1308 3100 applicare
1361 3005 1643 3078 Missam
1699 3024 1826 3096 pro
1879 3007 2141 3096 populo
2195 3025 2367 3079 suae
2409 3008 2770 3078 secundae
2824 3025 2956 3097 pa·-

286 3144 324 3188 »
362 3119 676 3207 roobiae,
732 3118 845 3191 vel
900 3127 1138 3191 utrum
1190 3116 1526 3206 sufficiat,
1583 3125 1663 3190 ut
1714 3118 2001 3189 unicam
2039 3114 2352 3206 Missam,
2397 3137 2613 3208 quam
2662 3118 2778 3189 die
2815 3115 2956 3188 Do-

281 3256 324 3300 »
364 3231 627 3303 minica
680 3229 792 3301 vel
846 3229 1026 3302 festo
1061 3230 1402 3318 celebrat,
1446 3229 1757 3320 applicet
1806 3247 1933 3319 pro
1985 3231 2248 3321 populo
2302 3231 2604 3302 duarum
2657 3247 2952 3301 suarum

280 3368 325 3412 »
364 3335 893 3433 parochiarum?
920 3343 994 3412 2.
1028 3340 1278 3414 Utrum
1316 3341 1571 3414 diebus
1606 3340 1805 3413 festis
1840 3343 2268 3432 suppressiS‚
2299 3343 2371 3412 in
2411 3341 2674 3431 quibus
2707 3340 2959 3411 binam

278 3481 319 3524 ›
365 3451 654 3526 Missam
708 3452 1119 3525 celebrandi
1193 3472 1336 3525 non
1388 3452 1610 3527 habet
1670 3453 2130 3542 facultatem,
2186 3454 2540 3542 sufficiat,
2598 3461 2680 3526 ut
2729 3453 2955 3524 solam

275 3590 316 3633 a>
361 3562 650 3637 Missam
705 3583 919 3654 quam
977 3566 1210 3637 dicere
1263 3572 1525 3656 potest,
1585 3565 1894 3655 applicet
1945 3583 2072 3655 pro
2124 3566 2388 3656 populo
2440 3564 2753 3636 duarum
2790 3583 2959 3636 sua-

275 3705 318 3746 »
361 3697 521 3749 rum
575 3678 1101 3767 parochiarum,
1134 3677 1244 3748 vel
1299 3685 1537 3750 utrum
1575 3679 1799 3748 altera
1837 3677 1953 3748 die
1990 3683 2320 3750 teneatur
2357 3679 2748 3751 secundam
2788 3672 2956 3747 Mis-

273 3815 316 3858 »
362 3807 516 3860 sam
591 3807 715 3879 pro
766 3788 1032 3880 populo
1104 3789 1464 3861 secundae
1516 3789 1897 3880 parochiae
1949 3785 2355 3880 applicare?
2426 3788 2638 3864 Hisce
2711 3789 2953 3861 dubiis

272 3926 316 3968 »
363 3898 439 3971 S.
491 3897 565 3970 C.
608 3898 684 3972 C.
743 3902 857 3972 die
917 3901 1031 3970 14.
1089 3898 1255 3972 Iulii
1315 3902 1529 3972 1873.
1591 3902 1999 3991 respondit:
2077 3901 2179 3973 Ad
2245 3903 2310 3972 1.
2376 3901 2805 3973 Affirmative
2860 3900 2957 3972 ad

275 4038 316 4081 a>
362 4013 663 4104 primam
718 4019 1022 4103 partem,
1065 4013 1398 4103 negative
1451 4011 1543 4082 ad
1596 4015 2011 4086 secundam.
2058 4011 2160 4086 Ad
2197 4017 2269 4085 2.
2309 4010 2649 4103 Negative
2688 4012 2776 4083 ad
2816 4012 2960 4102 pri-

271 4151 317 4195 >
365 4143 555 4196 mam
584 4131 887 4216 partem,
922 4124 1345 4197 affirmative
1384 4125 1475 4196 ad
1503 4125 1971 4196 secundam.»
2004 4122 2208 4221 (Acta
2238 4121 2311 4195 S.
2340 4121 2544 4197 Sedis
2571 4123 2711 4195 vol.
2748 4118 2947 4192 VIII.

266 4256 450 4330 pag.
493 4232 682 4331 33.).

430 4349 502 4420 7.
551 4370 588 4412 ‹
633 4344 834 4419 Idem
879 4345 1274 4440 Episcopus
1326 4346 1795 4422 Catalaunen.
1838 4350 1909 4421 S.
1952 4346 2167 4440 Cong.
2211 4347 2423 4421 Conc.
2491 4348 2950 4440 exponebat,

263 4489 307 4531 »
359 4479 580 4552 saepe
634 4461 981 4550 accidere,
1040 4469 1120 4533 ut
1173 4464 1321 4534 sive
1374 4462 1464 4533 ob
1519 4461 1872 4549 morbum,
1912 4463 2059 4532 sive
2106 4461 2196 4532 ob
2234 4462 2759 4553 intemperiem,
2800 4462 2953 4532 sive

257 4598 304 4642 ›
356 4572 454 4644 ob
506 4571 1055 4645 inundationem
1109 4580 1245 4645 etc.
1306 4573 1602 4663 quidam
1671 4573 1962 4665 parochi
2017 4591 2158 4643 non
2212 4573 2502 4645 valeant
2561 4571 2951 4644 secundam

263 4711 312 4755 >
362 4682 658 4757 Missam
710 4684 969 4758 diebus
1003 4682 1394 4757 Dominicis
1429 4685 1542 4757 vel
1596 4684 1796 4758 festis
1837 4686 1908 4757 in
1947 4704 2078 4757 sua
2114 4685 2429 4758 secunda
2465 4685 2804 4777 parochia
2840 4703 2957 4758 ce-
