3497 5235
453 192 454 195 Ἴ
575 231 688 295 176
1324 230 1697 291 humationis
1735 232 1790 289 8.
1818 232 2002 306 Gom.
2030 231 2179 291 Coae.
2217 234 2489 309 expositio.

568 389 608 438 >
649 364 938 439 Concilii
989 368 1066 439 in
1122 366 1530 442 Neritonen.
1580 369 1695 439 17.
1740 366 1974 459 Sept.,
2022 374 2093 441 et
2143 369 2604 459 Hydruntina
2660 370 2727 439 1.
2770 366 2927 441 Oct.
2990 368 3239 457 1655„

569 501 609 544 ι
647 478 927 549 etiarnsi
980 478 1250 551 electus
1301 477 1550 551 fuisset
1603 474 1716 571 (ut
1768 480 1937 552 olim
1975 500 2063 553 ex
2107 498 2326 553 sensu
2363 481 2682 553 eiusdem
2732 478 2805 552 S.
2847 478 3247 572 Congrega-

563 591 861 662 »tionis
913 591 1199 682 vigebat
1251 589 1525 688 opinio)
1575 611 1738 665 cum
1794 593 1931 666 bac
1981 594 2089 665 vel
2146 594 2285 664 alia
2340 594 2792 666 restrictione
2845 592 3240 681 facultatiS,

564 724 604 770 ι
642 719 859 791 quam
912 703 1125 775 hodie
1175 700 1609 794 Capitulum,
1668 705 1965 778 attentis
2016 705 2527 795 posterioribus
2582 706 2811 798 ipsius
2844 702 3246 797 Congrega-

562 836 602 882 ι
644 813 858 886 tionis
891 814 1449 887 resolutionibus
1484 816 1732 889 relatis
1769 837 1809 887 a
1847 811 2331 887 Bened.X1V.
2375 817 2459 889 de
2498 818 2670 906 Syn.
2712 816 2931 888 dioec.
2967 816 3238 890 tib.1V.

561 950 601 993 ι
639 944 798 1015 cap.
838 926 913 1000 8.
957 947 1149 1000 num.
1197 926 1314 1001 40.
1360 930 1612 1017 nequit
1664 933 2052 1016 coarctare,
2108 944 2347 1017 neque
2398 927 2538 1000 sibi
2592 930 2666 999 in
2720 928 3016 998 minima
3082 929 3244 1019 qui·

563 1062 603 1105 »
642 1036 802 1109 dem
858 1045 1059 1130 parte
1111 1057 1473 1112 reservare
1525 1035 1664 1135 (1).

708 1174 746 1219 ›
801 1148 931 1223 His
984 1153 1450 1242 praenotatis,
1506 1153 1712 1245 plura
1767 1158 1921 1224 orta
1996 1159 2165 1224 sunt
2239 1150 2460 1224 dubia
2533 1153 2719 1224 circa
2797 1151 3242 1225 dimissorias

559 1285 599 1331 ι
639 1263 1139 1336 concedendas
1172 1283 1220 1335 aw
1253 1260 1528 1337 vicario
1565 1262 1951 1354 capitulari
1992 1264 2177 1336 intra
2216 1282 2484 1335 annum
2533 1263 2728 1337 sedis
2762 1263 3113 1351 vacantiS,
3171 1268 3243 1336 et

707 1398 745 1443 >
787 1371 846 1443 Ι.
888 1374 990 1446 An
1027 1394 1148 1448 eas
1184 1375 1573 1447 concedere
1611 1378 1836 1468 possit
1872 1376 1962 1448 ad
1995 1376 2299 1467 primam
2333 1384 2695 1448 tonsuram
2733 1393 2879 1448 non
2916 1369 3242 1448 arctato?

704 1510 742 1555 ›
781 1482 880 1557 Π.
928 1488 1032 1558 An
1085 1487 1332 1559 itidem
1385 1505 1513 1580 pro
1565 1488 2015 1578 assequenda
2067 1481 2457 1581 pensione?

702 1623 740 1666 »
781 1594 919 1669 111.
968 1597 1069 1670 An
1126 1598 1304 1671 laico
1358 1606 1815 1691 praesentato
1894 1600 1986 1671 ad
2066 1599 2502 1671 beneficium
2572 1599 2876 1689 simplex
2927 1598 3020 1671 de
3085 1600 3241 1673 iure

554 1735 594 1778 ι
633 1716 1084 1801 patronatuS‚
1140 1709 1277 1781 sub
1331 1711 1768 1799 conditione,
1825 1710 2019 1801 quod
2078 1711 2266 1784 intra
2336 1710 2859 1800 quadrimestre
2934 1716 3240 1784 tonsura

554 1847 594 1893 ›
635 1816 1006 1896 initietur?

702 1931 903 2005 ›1v.
967 1934 1068 2006 An
1122 1934 1418 2008 habenti
1472 1935 1904 2009 beneficium
1981 1953 2145 2007 cum
2211 1952 2425 2007 onere
2477 1942 2551 2008 et
2602 1935 2755 2027 lege
2827 1932 3240 2008 fundatoris

556 2070 596 2116 ι
635 2044 889 2119 Missas
943 2065 1068 2137 per
1116 2067 1191 2121 se
1246 2050 1481 2139 ipsum
1534 2043 1998 2121 celebrandi?
2380 2034 2385 2039 ’

703 2183 741 2226 »
781 2158 888 2230 Ad
924 2155 986 2229 I.
1029 2156 1282 2251 Congr.
1323 2158 1538 2231 Conc.
1579 2162 1651 2232 in
1689 2163 1998 2253 Burqen.
2049 2159 2163 2232 lo.
2205 2156 2380 2231 Feb.
2431 2158 2644 2230 1594.
2686 2158 2967 2230 censuit
3003 2180 3044 2223 «ι
3073 2176 3244 2248 pos·

551 2294 592 2338 »
629 2290 699 2342 se
738 2296 807 2359 ιι,
847 2279 919 2344 et
970 2271 1131 2359 hoc,
1173 2276 1448 2344 attenta
1502 2272 1821 2344 eiusdem
1875 2271 2458 2364 Congregationis
2498 2277 2766 2358 mente,
2807 2289 2979 2360 qua,
3022 2275 3245 2361 prout

551 2405 592 2449 ι
633 2381 845 2454 refert
897 2379 1286 2456 Gallemart
1339 2384 1432 2456 ad
1488 2384 1657 2474 Cap.
1703 2385 1821 2459 40.
1880 2404 2046 2456 sess
2090 2383 2201 2465 7.,
2258 2384 2562 2471 censuit,
2626 2389 2846 2473 caput
2897 2381 3037 2455 boc
3088 2399 3244 2453 non

551 2518 591 2561 ι
632 2494 1233 2586 comprehendere
1285 2495 1585 2585 primam
1639 2502 2037 2567 tonsuram.

696 2630 734 2673 »
778 2605 882 2678 Ad
933 2603 1032 2678 11.
1075 2609 1352 2679 censuit
1410 2631 1448 2673 ιι
1489 2607 1648 2680 Non
1695 2628 1896 2698 posse
1931 2633 1969 2676 »
2009 2608 2224 2681 etiam
2277 2607 2366 2681 de
2419 2606 2706 2681 licentia
2757 2603 3005 2679 Nuntii
3048 2607 3245 2698 Apo-

550 2742 590 2786 ›
629 2717 887 2808 stolici,
943 2718 1328 2791 dummodo
1380 2720 1498 2792 hic
1547 2722 1930 2811 specialem
1986 2720 2174 2791 hanc
2226 2718 2638 2792 facultatem
2679 2737 2822 2790 non
2859 2718 3237 2790 habuerit:

550 2854 591 2898 ι
633 2831 706 2901 in
757 2834 1065 2924 Burqen.
1109 2850 1353 2904 mense
1407 2828 1569 2903 Maii
1623 2827 1737 2924 (ut
1774 2834 1847 2904 in
1887 2831 2012 2903 lib.
2057 2832 2127 2902 4.
2171 2831 2439 2904 decret.
2481 2849 2554 2921 p.
2596 2827 2806 2926 265.)
2841 2826 2933 2902 Et
2972 2830 3243 2901 merito

550 2967 591 3011 ι
631 2944 961 3033 quidem3
1003 2961 1163 3015 cum
1217 2945 1406 3016 enim
1460 2940 1846 3016 Concilium
1885 2944 2333 3034 impertiatur
2366 2938 2644 3014 Vicario
2695 2940 3085 3032 Capitulari
3126 2940 3244 3013 la-

550 3079 590 3125 »
630 3056 967 3128 cultatem
1020 3056 1459 3128 concedendi
1499 3055 1935 3128 dimissorias
1987 3057 2177 3128 intra
2214 3073 2484 3126 annum
2522 3054 2715 3125 sedis
2750 3054 3077 3125 vacantis
3114 3072 3246 3124 ar-

547 3191 587 3235 »
630 3168 838 3239 ctatis
889 3167 1264 3240 dumtaxat
1319 3168 1592 3239 ratione
1642 3167 1976 3240 beneficii
2027 3168 2295 3257 recepti
2348 3166 2457 3237 vel
2508 3164 2927 3256 recipiendi,
2967 3167 3244 3254 pensio

544 3303 585 3347 ι
626 3296 790 3350 vere
839 3285 913 3351 et
962 3279 1244 3369 proprie
1297 3296 1440 3350 non
1494 3284 1601 3352 est
1654 3278 2109 3367 beneficium,
2170 3297 2301 3351 nec
2346 3277 2791 3369 regulariter,
2833 3278 3243 3367 praecipue

544 3416 585 3460 ι
624 3392 697 3462 in
753 3392 1048 3463 materia
1102 3390 1389 3479 odiosa,
1448 3398 1520 3464 et
1570 3393 1815 3463 stricte
1885 3390 2351 3482 intelligenda
2406 3407 2549 3460 non
2619 3388 2811 3460 venit
2886 3387 3246 3461 beneficii

540 3529 581 3573 ι
621 3503 1103 3594 appellatione
1156 3521 1314 3593 cap.
1350 3499 1474 3573 IV.
1522 3502 1858 3586 Quamvis
1896 3502 1981 3574 de
2006 3500 2392 3593 praebend.
2435 3501 2509 3571 in
2545 3494 2669 3586 VI,
2712 3499 3015 3588 ideoque
3051 3516 3249 3572 con-

541 3639 581 3685 »
620 3621 1000 3687 secuturus
1049 3616 1468 3705 pensionem
1521 3633 1667 3686 non
1719 3613 1984 3686 dicitur
2034 3619 2352 3686 arctatus
2403 3611 2678 3682 ratione
2716 3609 3080 3699 beneficii,
3145 3618 3247 3683 ut

542 3753 582 3796 »
619 3726 1047 3819 praescribit
1099 3723 1620 3799 Tridentinum.

690 3864 727 3908 ι
770 3837 874 3910 Ad
929 3833 1064 3909 111.
1108 3834 1196 3908 In
1253 3838 1684 3930 SJuiltacen.
1722 3836 1937 3910 1549.
1979 3836 2376 3928 respondit:
2421 3857 2459 3902 ‹
2491 3835 2921 3928 Affirmative
2957 3857 3029 3902 ›.
3072 3830 3249 3910 Nec

542 3975 582 4018 ι
621 3950 905 4023 videtur
957 3949 1182 4022 ullum
1236 3948 1454 4022 luisse
1507 3948 1889 4023 dubitandi
1945 3948 2222 4024 locum:
2280 3946 2864 4038 quandoquidem
2920 3943 3252 4021 Triden-

542 4085 583 4129 ι
625 4062 854 4133 tinum
910 4061 1326 4133 indistincte
1379 4062 1681 4151 loquens
1729 4060 1819 4133 de
1873 4065 2142 4131 arctato
2180 4059 2455 4130 ratione
2492 4057 2848 4144 beneficii,
2905 4076 3053 4129 non
3089 4078 3248 4132 ex-

539 4195 581 4240 »
619 4173 830 4245 clusit
881 4172 1310 4246 beneficium
1364 4174 1693 4265 simplex.
1734 4170 2058 4245 Ceterum
2112 4189 2271 4243 cum
2327 4177 2583 4263 agatur
2635 4170 2724 4241 de
2776 4169 2928 4241 sola
2978 4172 3250 4260 prima

542 4306 583 4353 ›
623 4290 945 4372 tonsura,
978 4285 1118 4356 iam
1154 4286 1332 4358 satis
1368 4286 1729 4376 provisum
1765 4284 2019 4356 suisset
2058 4283 2134 4355 in
2171 4283 2390 4355 allato
2426 4301 2766 4373 responso
2802 4285 2896 4353 ad
2932 4276 2994 4351 Ι.
3029 4281 3240 4357 dub.

684 4549 764 4624 (1)
802 4554 1281 4606 constitutionem
1321 4569 1369 4608 s.
1399 4569 1470 4608 m.
1504 4554 1596 4607 Pii
1633 4553 1742 4608 PP.
1774 4554 1878 4607 lx.
1908 4551 1973 4606 de
2001 4553 2105 4605 hac
2130 4552 2372 4605 materia
2408 4550 2500 4604 die
2529 4552 2620 4605 28.
2647 4554 2795 4616 Aug.
2830 4549 2990 4604 1873.
3021 4547 3257 4607 datan

537 4635 827 4690 trademus
862 4639 1019 4692 intra
1054 4655 1183 4706 pag.
1216 4640 1338 4693 181.
