3497 5235
645 300 765 365 304
1404 301 1774 359 Imtruotionis
1813 301 1868 358 8.
1897 302 2078 376 Oongr.
2108 302 2253 360 Oeno.
2294 301 2566 375 expositio.

649 460 689 504 »
732 435 1074 526 probetur
1125 435 1442 526 legitima
1494 435 1981 520 consuetude,
2055 436 2248 525 quod
2302 435 2845 507 distributiones
2905 435 3292 508 huiusmodi

647 571 687 615 »
726 548 988 619 dentur
1039 546 1461 620 absentibus
1514 566 1599 618 ex
1656 549 1842 620 insta
1895 568 2138 620 causa.
2210 544 2510 630 Quando
2564 554 2803 619 autem
2864 547 3150 619 dicatur
3197 566 3295 639 pe-

645 684 685 727 »
724 661 855 731 stis
893 662 1224 751 grassari,
1284 667 1361 733 ut
1413 662 1506 733 sit
1542 662 1730 733 iusta
1784 680 1999 733 causa
2054 662 2455 750 absentiae,
2497 661 2760 734 iudicio
2794 659 3131 754 Episcopi
3165 679 3297 735 esse

643 798 683 841 a>
723 772 1306 862 relinquendum.
1342 797 1379 839 »

787 885 909 956 66.
967 883 1317 956 Canonico
1371 884 1654 957 absenti
1710 886 2146 977 suffragatur
2213 886 2430 957 etiam
2485 886 2657 958 iuris
2720 903 3021 958 censura
3075 902 3298 977 corpo-

640 997 859 1067 ralem
897 1001 969 1068 et
1008 996 1159 1086 ipsa
1200 999 1706 1070 necessitatem
1758 999 2184 1089 importanS,
2247 1020 2284 1063 ι
2318 1016 2459 1087 qua
2514 993 2716 1092 (sunt
2770 998 2988 1070 verba
3040 996 3193 1069 folii
3239 1001 3298 1071 in

640 1130 678 1173 »
718 1107 1132 1183 Maioricen.
1192 1107 1489 1180 Distrtb.
1557 1110 1670 1180 14.
1708 1108 1876 1200 Apr.
1924 1111 2139 1182 1736.
2197 1108 2270 1205 g.
2321 1107 2677 1204 Certatur)
2731 1117 3046 1200 cavetur,
3108 1131 3300 1184 cano-

639 1243 676 1287 »
715 1221 956 1291 nicum
1011 1238 1138 1291 seu
1189 1219 1694 1292 beneficiatum
1748 1242 1789 1292 a
1845 1222 2233 1294 residentia
2288 1241 2462 1295 suae
2513 1223 2857 1294 ecclesiae
2906 1221 3294 1311 absentem,

635 1354 674 1398 ›
714 1331 827 1403 vel
879 1330 970 1402 ob
1024 1332 1433 1403 inimicitias
1486 1332 1586 1404 ibi
1640 1331 1984 1406 adversus
2035 1352 2198 1406 eum
2253 1340 2537 1406 exortas
2570 1388 2589 1423 ,
2648 1339 2773 1405 aut
2824 1333 2914 1405 ob
2969 1336 3296 1426 principis

637 1443 1283 1532 »indignationem
1317 1495 1336 1530 ,
1411 1444 1522 1515 vel
1577 1451 1870 1535 propter
1923 1446 2137 1518 aliam
2189 1447 2533 1519 iniustam
2586 1447 2988 1519 molestiam
3054 1448 3296 1519 lucrari

635 1576 673 1622 »
715 1552 989 1625 fructus
1024 1571 1273 1625 omnes
1308 1556 1418 1626 sui
1455 1559 1949 1645 canonicatuS,
1982 1576 2110 1628 seu
2143 1557 2501 1647 beneficii,
2538 1576 2818 1631 necnon
2853 1558 3295 1648 quotidianas

635 1689 674 1733 ›
715 1664 1260 1737 distributiones
1312 1686 1457 1737 una
1512 1686 1672 1739 cum
1726 1669 1982 1741 ceteris
2033 1670 2573 1757 emolumentiS,
2630 1669 3017 1742 dummodo
3072 1680 3296 1743 autem

633 1801 671 1844 ›
713 1777 936 1865 chori,
993 1778 1483 1870 ecclesiaeque
1536 1783 1827 1853 servitio
1881 1782 2295 1855 incumbere
2349 1784 2833 1871 consueverit,
2876 1791 2956 1855 ut
2995 1802 3129 1874 per
3162 1794 3295 1858 tex-

630 1913 669 1957 »
714 1896 858 1961 tum
917 1890 990 1960 in
1048 1889 1217 1979 Cap.
1262 1887 1426 1977 Uni,
1468 1892 1551 1963 de
1585 1893 1755 1963 cler.
1816 1913 1958 1964 non
2009 1894 2224 1966 resid.
2270 1894 2345 1965 in
2405 1895 2473 1967 6.
2515 1895 2813 1966 tradunt
2859 1891 3176 1968 Ioannes
3222 1897 3295 1968 de

630 2025 668 2069 ι
710 2001 991 2074 Andrea
1152 2008 1222 2073 et
1273 2003 1563 2076 resolvit
1617 2001 1689 2074 S.
1731 2002 1807 2075 C.
1867 2003 2078 2076 Conc.
2138 2006 2214 2077 in
2268 2007 2615 2078 Arianen.
2659 2006 2780 2077 28.
2835 2004 3002 2096 Apr.
3055 2008 3287 2093 1635„

631 2138 670 2182 ›
716 2114 1196 2206 Caputaquen.
1227 2116 1341 2185 18.
1361 2114 2171 2206 Aug.1731.,Fundana
2192 2117 2421 2190 Distr.
2449 2123 2512 2189 et
2536 2118 2757 2208 fruct.
2785 2120 2856 2189 3.
2882 2115 3289 2190 Iu1.1734.›

623 2221 851 2307 Quam
888 2226 1281 2298 doctrinam
1337 2229 1568 2299 tenuit
1604 2229 1852 2300 eadem
1907 2229 1981 2299 S.
2023 2225 2278 2319 Congr.
2340 2228 2413 2298 in
2452 2228 2703 2301 eadem
2737 2230 3194 2311 Maioricen„
3224 2229 3291 2300 in

626 2355 770 2426 qua
809 2339 1149 2410 canonico
1178 2335 1449 2427 Ferrer,
1487 2340 1610 2428 qui
1636 2337 1942 2409 Romam
1980 2340 2053 2410 in
2083 2339 2372 2412 exilium
2411 2358 2707 2431 pergere
2744 2346 3032 2413 coactus
3072 2340 3288 2413 iuerat

624 2447 715 2519 ob
753 2449 1117 2521 molestias
1170 2455 1240 2521 et
1292 2453 1710 2523 vexationes
1747 2471 1788 2520 a
1827 2452 2038 2542 regiis
2086 2452 2429 2524 ministris
2463 2459 2798 2545 acceptas
2832 2470 2920 2523 ex
2957 2471 3068 2541 ec,
3110 2451 3287 2542 quod

621 2578 854 2633 coram
910 2561 1083 2651 ipsis
1135 2562 1224 2635 de
1277 2563 1715 2653 quibusdam
1768 2562 2121 2636 reditibus
2173 2564 2674 2636 ecclesiasticis
2738 2563 3087 2637 rationem
3142 2562 3288 2636 red-

621 2672 789 2744 dere
841 2674 1389 2763 detrectaverat,
1449 2676 1991 2748 distributiones
2043 2676 2288 2748 deberi
2346 2696 2385 2746 a
2439 2682 2757 2766 tempore
2810 2676 3168 2748 discessus
3200 2676 3283 2747 ob

618 2784 806 2856 idem
864 2785 1140 2856 illatum
1193 2787 1783 2876 impedimentum
1839 2786 1911 2859 S.
1953 2786 2026 2861 C.
2071 2789 2487 2860 declaravit.
2982 2876 2985 2877 7

766 2897 885 2967 67.
944 2894 1103 2968 Huc
1156 2900 1370 2972 etiam
1425 2899 1671 2970 referri
1728 2900 1999 2974 debent
2042 2901 2367 2972 canonici
2419 2900 2757 2971 absentes
2794 2917 2881 2971 ex
2919 2917 3157 2987 causa,
3201 2917 3283 2971 ne

614 3025 858 3098 preces
895 3008 987 3079 ab
1025 3009 1265 3101 aliqua
1303 3017 1657 3101 potestate
1711 3015 2218 3104 praescriptaS,
2278 3013 2405 3085 sed
2458 3012 2551 3083 ab
2605 3010 2922 3086 Ecclesia
2969 3014 3074 3085 vel
3107 3011 3285 3083 Pon-

615 3120 805 3192 titice
867 3121 1124 3193 vetitas
1185 3122 1470 3212 publice
1525 3125 1825 3196 recitare
1895 3132 2291 3216 cogantur,
2349 3124 2464 3196 vel
2535 3125 2753 3199 etiam
2812 3126 3281 3195 iuramentum

615 3239 739 3305 aut
792 3234 986 3306 alind
1056 3236 1360 3325 quodvis
1412 3236 1731 3307 eiusdem
1790 3238 2068 3327 generis
2138 3238 2494 3309 emittant.
2558 3235 2713 3323 Sic,
2773 3237 3070 3309 ineunte
3136 3252 3289 3305 sae-

612 3336 799 3433 cule,
840 3365 998 3417 cum
1055 3348 1297 3438 plures
1347 3349 1757 3420 sacerdotes
1809 3350 2077 3440 duplici
2130 3349 2381 3420 eadem
2430 3350 2519 3421 de
2556 3366 2773 3420 causa
2825 3348 3130 3438 patriam
3165 3346 3287 3417 de-

610 3476 873 3543 serere,
932 3464 1002 3530 et
1053 3459 1299 3550 procul
1354 3459 1445 3529 ab
1501 3460 1751 3532 eadem
1807 3462 2097 3553 vagari,
2155 3462 2267 3532 vel
2322 3462 2539 3534 etiam
2594 3460 2666 3531 in
2720 3459 3283 3550 deportationem

609 3569 808 3640 abire
862 3571 1207 3659 compulsi
1262 3569 1607 3660 fuissent,
1666 3574 1737 3643 S.
1782 3569 1854 3643 C.
1918 3590 2044 3662 pro
2098 3578 2417 3663 tempore
2473 3572 2847 3643 absentiae
2891 3569 3161 3642 tructus
3214 3573 3284 3638 et

609 3681 1150 3753 distributiones
1201 3683 1308 3753 sui
1365 3682 1697 3754 beneficii
1769 3684 2028 3754 lucrari
2100 3684 2644 3774 pronuntiavit,
2720 3688 2800 3754 ut
2854 3683 2928 3752 in
2988 3680 3282 3753 Reatina

609 3794 850 3865 Fra-ct.
884 3801 947 3867 et
980 3795 1274 3866 Distrib.
1316 3796 1429 3866 18.
1468 3793 1672 3866 Mart.
1705 3795 1951 3883 1815.,
1989 3794 2406 3865 confirmata
2447 3793 2561 3866 die
2604 3793 2718 3864 19.
2753 3790 2933 3884 Aug.
2970 3789 3280 3863 eiusdem

608 3908 809 3993 anni,
865 3924 1143 3978 necnon
1183 3907 1253 3976 in
1292 3906 1670 3978 Ferentino
1708 3906 1949 3979 Fruct.
1992 3912 2055 3979 et
2094 3907 2320 3977 Distr.
2379 3906 2451 3975 2.
2495 3903 2662 3976 Dec.
2706 3904 3027 3976 eiusdem
3080 3900 3273 3973 anni.

605 4017 788 4099 Quin
843 4019 981 4089 imo
1035 4018 1399 4106 aliquibus
1450 4019 2009 4091 circumstantiis
2062 4018 2337 4108 positiS,
2397 4019 2614 4089 etiam
2667 4016 3141 4088 emolumenta
3186 4029 3281 4081 ex

603 4131 860 4221 legatis
913 4137 983 4200 et
1036 4129 1410 4232 funeribus
1462 4131 1862 4203 derivantia
1916 4130 2164 4202 deberi
2200 4130 2449 4217 edixit,
2510 4135 2588 4201 ut
2638 4130 2714 4200 in
2755 4128 3046 4200 Nullius
3084 4123 3277 4198 Subi.

606 4243 902 4314 Distrib.
950 4243 1064 4313 14.
1112 4239 1273 4314 lun.
1315 4243 1561 4330 1817.,
1606 4243 1678 4313 in
1717 4261 1861 4332 qua
1901 4245 2261 4335 proposito
2291 4241 2537 4314 dubio:
2584 4265 2621 4307 «ι
2651 4241 2758 4311 An
2795 4240 3113 4311 canonici
3143 4234 3286 4305 ab-

608 4377 645 4423 >
686 4360 926 4425 sentes
963 4373 1049 4425 ex
1087 4373 1302 4426 causa
1341 4356 1858 4446 deportationis
1894 4355 2153 4426 lucrari
2194 4355 2469 4446 possint
2505 4371 2631 4447 pro
2668 4360 2987 4444 tempore
3023 4349 3287 4422 absen-

605 4463 748 4535 tiae
802 4464 1276 4538 emolumenta
1332 4485 1418 4537 ex
1473 4466 1726 4557 legatis
1797 4470 1864 4536 et
1934 4465 2307 4538 funeribus
2374 4467 2447 4537 in
2502 4458 2719 4536 casu?
2753 4490 2791 4532 ι»
2865 4458 3276 4555 respondit:

606 4599 643 4642 ‹
678 4576 1112 4648 Affirmative
1142 4603 1211 4647 ›.
1269 4575 1660 4652 Constabat
1713 4579 1943 4667 enim,
2003 4578 2388 4650 canonicos
2439 4577 2756 4669 legitima
2809 4595 3024 4647 causa
3072 4585 3289 4663 prae-

599 4685 936 4778 peditOS,
1011 4687 1228 4759 veluti
1285 4706 1398 4759 ex.
1461 4708 1564 4779 gr.
1624 4689 2320 4781 archipresbyterum
2388 4697 2460 4763 et
2522 4687 3131 4780 poenitentiarium
3192 4681 3277 4751 in
