3497 5235
531 225 609 288 72
1283 228 1653 286 Instructioniz
1694 229 1746 285 S.
1778 227 1959 302 congr.
1987 228 2136 287 Ocno.
2176 227 2447 302 expositio.

528 349 742 450 scupo
794 368 865 432 et
919 362 1249 452 capitulis
1300 360 1846 450 cathedralium,
1903 363 2049 432 sive
2103 361 2636 453 collegiatarum
2690 360 2978 431 insimul
3030 377 3205 430 con-

530 472 863 545 sideratis
936 475 1345 547 concredita
1414 480 1573 561 est,
1656 473 1778 561 qui
1859 473 2157 563 proinde
2227 469 2718 563 capitulariter
2793 470 3200 563 congregati

530 583 927 656 decernunt
979 585 1052 656 id
1102 603 1337 671 omne,
1400 584 1590 673 quod
1644 584 1739 654 ad
1790 602 1937 655 rem
1993 585 2349 674 pertinere
2429 584 2783 655 videatur.
2867 581 2954 654 At
3031 598 3199 653 vero

531 714 676 767 non
733 696 898 769 licet
960 697 1347 783 canonicis,
1429 697 1846 787 singulatim
1922 696 2442 783 consideratiS‚
2498 695 2718 766 libros
2793 693 3201 765 huiusmodi

530 808 1168 880 administrationis
1219 809 1569 899 inspicere
1630 816 1701 881 et
1770 807 2226 901 expendere:
2286 825 2598 897 namque
2666 808 2739 879 in
2795 807 3197 879 Recineten.

533 918 717 994 Med.
750 927 1009 994 annat.
1057 921 1172 991 14.
1215 916 1379 991 Iun.
1428 920 1641 992 1862.
1702 923 2131 993 concinnato
2185 919 2429 990 dubio:
2475 939 2512 985 α
2548 917 2655 988 An
2692 916 3196 1008 dignitatibu5‚

535 1054 574 1101 >
613 1032 1056 1122 singulisque
1107 1032 1467 1104 canonicis
1521 1032 1631 1102 lus
1682 1032 1776 1103 sit
1829 1031 2281 1121 inspiciendi,
2338 1036 2408 1101 et
2470 1028 2927 1101 examinandi
2982 1026 3203 1098 libros

535 1166 574 1213 >
614 1142 1253 1214 administrationis
1308 1141 1700 1213 mediarum
1765 1149 2194 1213 annatarum
2265 1143 2339 1212 in
2406 1159 2580 1213 casu
2618 1133 2690 1209 »ἓ
2747 1137 2820 1211 S.
2863 1137 2938 1211 C.
2980 1136 3197 1210 Conc.

529 1256 919 1344 rescripsit:
981 1276 1018 1321 ‹
1057 1251 1397 1346 Negative
1452 1258 1522 1324 et
1574 1260 1898 1325 servetur
1950 1253 2318 1344 dispositio
2369 1252 2669 1325 Constit.
2729 1253 2905 1323 Pius
2955 1256 3020 1322 et
3072 1250 3206 1320 mi-

535 1392 573 1436 »
612 1367 906 1438 sericors
960 1365 1226 1439 Bened.
1272 1362 1478 1436 XIII.
1520 1373 1590 1438 et
1629 1368 1935 1456 amplius
1974 1393 2043 1437 ».
2876 1389 2885 1398 ·

677 1481 798 1552 47.
841 1478 1004 1551 Post
1057 1478 1505 1552 cathedrales
1554 1484 1628 1549 et
1678 1480 2119 1569 collegiataS,
2177 1479 2266 1550 de
2318 1475 2851 1568 parochialibus
2904 1474 3208 1563 loquen-

529 1592 700 1664 dum
753 1598 888 1664 est.
946 1589 1340 1663 Tridentini
1392 1586 1637 1662 Patres
1688 1590 1914 1684 (Sess.
1947 1590 2069 1663 21.
2113 1611 2269 1682 cap.
2308 1588 2377 1661 7.
2420 1589 2504 1660 de
2529 1583 2864 1681 reform.)
2902 1587 3000 1656 ita
3036 1583 3209 1674 Epi·-

530 1705 763 1797 scopis
816 1704 1457 1794 praescripserunt:
1519 1723 1557 1767 ‹
1598 1700 2047 1773 Parochiales
2098 1720 2265 1773 vero
2301 1701 2664 1787 ecclesias,
2708 1699 2988 1771 etiamsi
3027 1697 3205 1768 iuris

538 1840 575 1883 »
612 1822 1036 1905 patronatus
1088 1815 1258 1901 sint,
1316 1815 1416 1883 ita
1468 1813 1821 1905 collapsas
1872 1813 2066 1884 refici
2118 1819 2189 1883 et
2242 1811 2623 1883 instaurari
2675 1815 3061 1902 procurent
3116 1825 3204 1878 ex

535 1927 964 1998 »fructibus
1016 1933 1086 1998 et
1165 1924 1629 2016 proventibus
1696 1925 2272 2013 quibuscumque
2344 1924 2434 1995 ad
2505 1921 2792 1993 easdem
2866 1920 3207 1992 ecclesias

536 2062 575 2106 ›
617 2037 1278 2126 quomodocumque
1323 2036 1880 2126 pertinentibus.
1936 2033 2067 2117 Qui
2120 2037 2180 2106 si
2235 2053 2377 2106 non
2432 2033 2697 2105 fuerint
2732 2031 3201 2118 sufficienteS,

538 2173 575 2216 ›
614 2165 859 2219 omnes
909 2153 1246 2241 patronos
1300 2154 1372 2218 et
1423 2147 1626 2234 alios,
1684 2149 1807 2237 qui
1862 2147 2134 2218 fructus
2186 2146 2468 2235 aliquos
2519 2163 2602 2216 ex
2641 2145 2852 2217 dictis
2887 2144 3209 2216 ecclesiis

535 2284 573 2328 »
617 2260 1118 2349 provenientes
1171 2259 1601 2351 percipiunt,
1659 2266 1784 2330 aut
1838 2260 1911 2329 in
1966 2258 2246 2330 illorum
2299 2256 2683 2343 deiectum,
2728 2254 3205 2346 parochianos

538 2396 575 2438 »
615 2371 949 2442 omnibus
1000 2372 1332 2442 remediis
1384 2371 1806 2460 opportunis
1860 2370 1952 2440 ad
2007 2370 2370 2461 praedicta
2421 2374 2702 2458 cogant,
2746 2385 3206 2458 quacumque

537 2505 575 2549 ›
616 2482 1125 2572 appellatione,
1182 2483 1632 2572 exemptione
1684 2487 1756 2554 et
1807 2481 2369 2553 contradictione
2421 2486 2718 2552 remota.
2759 2476 2959 2560 Quod
2997 2480 3056 2549 si
3094 2478 3208 2549 ni-

539 2617 577 2662 »
619 2594 759 2664 mia
812 2597 1129 2684 egestate
1179 2611 1424 2666 omnes
1477 2592 1832 2686 laborent,
1891 2593 1982 2666 ad
2037 2593 2414 2679 matriceS,
2472 2608 2598 2663 seu
2651 2591 3026 2663 viciniores
3089 2607 3212 2663 ec-

538 2728 576 2772 »
616 2705 869 2776 clesias
906 2704 1428 2777 transferantur
1464 2724 1623 2777 cum
1665 2705 2002 2777 facultate
2041 2712 2184 2775 tam
2214 2703 2441 2775 dictas
2477 2703 2947 2793 parochiales,
2982 2720 3206 2793 quam

536 2840 574 2884 ›
614 2816 794 2887 alias
843 2816 1179 2889 ecclesias
1231 2816 1506 2888 dirutas
1559 2817 1636 2888 in
1692 2816 2026 2906 profanos
2095 2835 2267 2887 usus
2338 2833 2481 2887 non
2543 2815 2908 2901 sordidOS,
2965 2820 3206 2886 erecta

539 2951 577 2995 >
616 2933 854 2999 tamen
909 2926 1008 2998 ibi
1059 2925 1306 3015 Cruce,
1362 2929 1927 3001 convertendi».

680 3040 801 3111 48.
843 3036 949 3110 Ex
1003 3039 1136 3111 boc
1188 3039 1472 3112 decreto
1524 3039 1864 3114 distincta
1919 3059 2043 3131 per
2097 3041 2357 3132 gradus
2410 3058 2641 3130 aeque
2675 3041 2896 3112 series
2932 3040 3207 3111 contla-

534 3158 652 3223 tur
718 3170 998 3239 eorum,
1072 3152 1197 3240 qui
1268 3151 1361 3222 ad
1429 3152 1715 3224 aedium
1788 3154 2300 3243 parochialium
2351 3153 2727 3224 tuitionem
2781 3153 3205 3242 adiguntur,

534 3280 752 3353 quam
806 3269 1135 3335 accurate
1188 3263 1581 3352 expositam
1635 3283 2172 3355 expensamque
2223 3262 2515 3335 exhibet
2550 3258 3040 3334 Bened.XIV.
3091 3263 3214 3333 In-

535 3377 682 3447 stit.
717 3395 854 3448 ecc.
891 3375 1056 3448 400.
1091 3372 1251 3467 (per
1280 3381 1500 3447 totum
1498 3373 1573 3472 ),·
1610 3375 2005 3449 breviorem
2042 3395 2206 3449 vero
2236 3376 2435 3448 dedit
2469 3372 2542 3447 S.
2577 3372 2653 3447 C.
2686 3372 2898 3446 Conc.
2934 3375 3005 3443 in
3042 3374 3217 3464 Spo-

536 3486 779 3558 letana
819 3486 1147 3558 Restaur.
1188 3487 1372 3559 dom.
1402 3507 1565 3579 par.
1611 3489 1752 3559 diei
1796 3489 1910 3560 18.
1956 3486 2285 3559 Decemb.
2336 3487 2551 3557 1847.
2598 3488 2667 3557 in
2722 3485 2900 3557 baec
2951 3484 3204 3556 verba:

539 3620 577 3664 ‹
615 3595 872 3689 Itaque
924 3600 1152 3689 primo
1207 3599 1358 3670 loco
1411 3599 1868 3671 ecclesiarum
1924 3598 2435 3689 parochialium
2492 3597 2712 3669 statui
2767 3596 3216 3686 prospicien-

540 3733 578 3777 >
622 3710 792 3783 dum
845 3718 952 3783 est
1005 3731 1093 3783 ex
1146 3709 1496 3784 fructibus
1549 3716 1619 3782 et
1673 3710 2139 3802 proventibus
2192 3710 2561 3782 ecclesiae.
2620 3704 2947 3779 Secundo
3012 3725 3215 3777 sum-

541 3846 579 3890 »
619 3822 862 3912 ptibus
914 3840 1185 3909 eorum,
1244 3823 1367 3912 qui
1419 3841 1505 3893 ex
1558 3822 2066 3894 constitutione
2119 3822 2388 3911 aliqua,
2463 3822 2572 3894 vel
2626 3827 2896 3894 statuto
2965 3819 3061 3893 ad
3133 3821 3211 3892 id

539 3957 577 4001 »
617 3932 1054 4024 obligantur.
1111 3929 1344 4004 Tertio
1397 3933 1576 4020 loce,
1634 3951 1876 4003 eorum
1931 3934 2294 4022 expensis,
2351 3934 2412 4004 si
2465 3934 2590 4022 qui
2642 3940 2815 4003 sunt
2848 3984 2866 4019 ,
2925 3933 3045 4021 qui
3113 3950 3210 4003 ex

541 4069 579 4113 >
620 4046 918 4134 antiqua
969 4063 1053 4117 ac
1102 4052 1296 4118 certa
1349 4045 1867 4117 consuetudine
1920 4044 2512 4136 obstringuntur:
2570 4045 2746 4116 haec
2798 4050 3036 4116 autem
3112 4043 3211 4115 ad

540 4156 1095 4229 »inducendam
1149 4158 1583 4229 coactionem
1621 4173 1797 4244 ,esse
1848 4155 2063 4228 debet
2115 4155 2398 4228 idonea.
2458 4153 2657 4227 Inter
2722 4156 3006 4226 illos....
3076 4170 3207 4224 ne-

543 4292 581 4336 »
619 4267 790 4338 dum
845 4269 1163 4359 privatae
1226 4285 1596 4357 personae,
1655 4267 1784 4339 sed
1854 4275 1927 4339 et
1993 4268 2357 4351 moralia,
2412 4274 2493 4339 ut
2566 4269 2794 4353 aiunt,
2870 4284 3201 4357 corpora,

540 4404 578 4448 »
619 4397 683 4450 e.
714 4398 778 4469 g.
825 4381 1208 4470 municipia
1259 4378 1990 4472 comprehenduntur,
2050 4380 2153 4451 uti
2206 4380 2459 4451 statuit
2493 4378 2672 4450 baec
2708 4376 2780 4450 S.
2808 4375 2883 4449 C.
2921 4379 2992 4449 in
3029 4376 3217 4448 Bal·-

543 4515 581 4559 >
620 4508 813 4560 neor.
858 4490 1043 4564 Rest.
1084 4491 1256 4563 eccl.
1291 4510 1453 4582 par.
1502 4490 1616 4561 15.
1661 4487 2028 4581 Septemb.
2075 4490 2288 4562 1838.
2348 4489 2765 4562 confirmata
2817 4489 2933 4561 die
2974 4490 3043 4559 1.
3078 4485 3211 4558 Fe-

542 4625 580 4669 »
623 4599 865 4672 brua1·.
916 4601 1127 4674 1840.
1184 4597 1449 4682 Quarto
1501 4602 1833 4691 expensis
1888 4601 2205 4691 parochi,
2246 4602 2305 4672 si
2342 4605 2585 4674 tamen
2624 4599 2808 4673 idem
2847 4599 3212 4692 parochus
