3497 5235
659 313 778 377 452
1408 316 1779 376 Iusti-notionis
1819 314 1873 374 8.
1902 314 2086 389 Congr-
2115 313 2261 375 ῦοιιο.
2302 317 2572 393 expo-itio.

806 447 1238 524 Monendum
1295 467 1482 541 vero,
1542 450 1736 542 quod
1790 451 2032 524 dubiis
2082 453 2311 543 primo
2361 453 2514 525 loco
2551 452 2846 526 inferius
2880 454 3137 545 positis
3173 473 3337 528 cau-

658 579 811 633 sam
866 562 1064 634 dedit
1115 564 1378 655 partim
1431 564 1864 654 supplicatio
1918 564 2279 653 quaedam
2331 560 2667 657 Episcopi
2721 563 3229 640 Drumorensis
3273 569 3336 640 in

655 673 1033 766 Hibernia,
1092 677 1215 767 qui
1268 677 1625 768 parochus
1660 682 1732 749 et
1769 674 2166 767 Episcopus
2202 678 2456 750 eodem
2490 683 2814 770 tempore
2850 686 3032 768 erat,
3073 680 3338 770 partim

656 786 977 861 vicarius
1035 788 1473 881 Apostolicus
1527 784 2106 879 SurinamensiS,
2184 789 2311 879 qui
2361 808 2449 862 ex
2501 790 2654 862 sola
2706 792 3135 881 devotione,
3196 811 3334 865 non

659 917 747 972 ex
800 901 1068 972 iustitia
1121 918 1286 972 cum
1336 919 1441 989 se,
1499 907 1652 973 tum
1708 905 1982 973 ceteros
2025 901 2509 974 missionarios
2544 898 2834 975 Missam
2885 921 3016 994 pro
3070 907 3334 996 populo

659 1011 1020 1105 applicare
1080 1010 1326 1085 solitos
1377 1029 1531 1085 esse
1585 1012 2020 1105 exponebat.
2076 1010 2347 1086 Causae
2397 1014 2653 1086 titulus
2706 1022 2902 1088 erat:
2960 1017 3337 1090 Nonnulla

655 1123 868 1195 dubia
902 1124 1199 1197 Missam
1239 1142 1374 1215 pro
1416 1143 1584 1216 pop.
1625 1125 2100 1216 respicientia.
2157 1123 2268 1197 En
2322 1143 2486 1198 vero
2531 1124 2752 1199 dubia
2801 1127 3026 1200 latine
3083 1147 3332 1201 versa:

810 1235 876 1305 1.
921 1258 957 1300 ‹
995 1235 1098 1306 An
1150 1231 1410 1307 Vicarii
1469 1234 1850 1326 Apostolici
1906 1243 1979 1309 et
2033 1237 2461 1310 missionarii
2514 1238 2768 1327 quavis
2836 1239 3123 1311 ratione
3192 1241 3335 1311 ani-

659 1370 699 1415 »
737 1365 1014 1419 marum
1067 1366 1312 1419 curam
1364 1347 1608 1440 aliquo
1669 1351 1743 1422 in
1804 1349 1958 1421 loco
2009 1349 2483 1421 determinato
2535 1357 3032 1439 assumenteS‚
3092 1370 3333 1425 omnes

658 1481 698 1525 ιν
737 1458 1362 1530 indiscriminatim
1395 1479 1484 1530 ecc
1522 1459 1803 1533 iustitia
1836 1467 2222 1533 teneantur
2257 1457 2543 1533 Missam
2587 1480 2723 1554 pro
2762 1462 3028 1555 populo
3082 1461 3331 1534 diebus

659 1593 699 1637 »
738 1569 940 1641 festis
992 1567 1412 1663 applicare?
1463 1568 1554 1645 Et
1610 1579 1973 1663 quatenus
2025 1573 2382 1662 negative,

775 1680 875 1752 ’2.
920 1706 958 1750 ›
996 1678 1448 1762 Quibusnam
1481 1680 1783 1754 Vicariis
1836 1681 2259 1776 Apostolicis
2303 1690 2374 1755 et
2422 1683 2890 1756 missionariis
2924 1684 3328 1757 huiusmodi

659 1817 699 1861 ›
740 1793 1079 1885 obligatio
1131 1813 1223 1867 ex
1278 1795 1552 1866 iustitia
1607 1789 2035 1866 incumbat?

806 1906 877 1976 3.
924 1930 961 1972 ιν
1004 1905 1111 1978 An
1163 1904 1255 1978 de
1292 1906 1461 1994 inis,
1505 1907 1624 1997 qui
1684 1924 1827 1978 non
1881 1911 2221 1979 tenentur
2270 1907 2409 1978 bac
2459 1906 2893 1999 obligatione
2932 1926 3023 1980 ex
3068 1908 3325 1980 iustitia

659 2040 699 2084 ιν
739 2017 1134 2091 dicendum·
1177 2019 1269 2090 sit
1323 2018 1558 2091 decere
1594 2037 1681 2089 ea:
1716 2019 2071 2091 charitate
2119 2026 2243 2092 aut
2279 2020 2502 2092 teneri
2535 2039 2623 2091 ex
2658 2019 3044 2102 charitate,
3082 2031 3167 2092 ut
3199 2021 3335 2092 die-

661 2152 701 2196 »
738 2127 876 2201 bus
928 2130 1127 2203 festis
1179 2127 1466 2202 Missam
1521 2130 1892 2222 applicent
1936 2150 2071 2222 pro
2117 2128 2426 2223 populo?

808 2239 879 2311 4.
925 2267 962 2309 »
1008 2242 1139 2329 An,
1180 2246 1537 2331 quatenus
1590 2241 2013 2314 admittatur
2064 2241 2367 2314 formula
2406 2242 2630 2315 teneri
2662 2262 2752 2313 ea·
2787 2242 3175 2326 charitate,
3208 2244 3326 2315 boc

661 2352 1285 2444 »intelligendum
1340 2353 1431 2425 sit
1486 2353 1575 2424 de
1628 2352 2064 2444 obligatione
2117 2352 2253 2425 sub
2311 2348 2549 2444 gravi?

810 2464 880 2534 5.
928 2488 965 2530 »
1006 2462 1113 2535 An
1165 2461 1487 2537 Vicarius
1548 2463 1991 2555 Apostolicps
2045 2461 2576 2537 Surinamensis
2639 2465 2905 2555 aliique
2976 2466 3174 2538 illius
3222 2462 3332 2536 Vi-

662 2602 700 2649 >
740 2576 1049 2649 cariatus
1119 2576 1552 2649 missionarii
1630 2574 2038 2669 obligentur
2088 2574 2181 2648 ad
2233 2572 2521 2648 Missam
2591 2594 2717 2667 pro
2779 2578 3053 2670 populo
3104 2577 3326 2670 appli-

664 2715 704 2759 »
743 2682 1096 2761 caudam?

810 2801 880 2872 6.
924 2825 962 2868 »
1008 2800 1154 2889 An,
1214 2801 1341 2872 tali
1395 2799 1831 2891 obligatione
1884 2799 2235 2888 admissa,
2291 2800 2715 2890 rescriptum
2767 2800 3041 2873 editum
3099 2800 3333 2872 favore

663 2939 701 2982 a>
742 2911 1139 2985 vicariatus
1209 2909 1520 2985 Curacao
1592 2911 2130 2985 extendendum
2206 2913 2299 2984 sit
2367 2913 2459 2985 ad
2527 2908 2964 2984 vicariatum
3044 2910 3332 2986 Surina-

664 3050 704 3094 »
743 3021 1108 3097 mensem‘i

810 3137 880 3207 7.
924 3160 961 3203 ι
999 3130 1362 3216 Quomodo
1399 3135 1924 3226 providendum
1961 3137 2054 3208 sit
2090 3136 2723 3226 inadimplemento
2756 3138 3128 3227 praeteriti
3154 3143 3331 3208 tem-

661 3275 699 3318 »
738 3249 958 3340 poris,
1016 3254 1378 3337 quatenus
1431 3249 1801 3341 praedicta
1853 3247 2194 3341 obligatio
2254 3256 2681 3340 agnoscatur
2731 3256 2805 3321 et
2855 3242 3331 3323 admittatur?

803 3363 977 3433 364.
1034 3363 1188 3433 8.»
1230 3359 1336 3433 An
1399 3356 1799 3453 Episcopus
1852 3359 2389 3450 Utummensis,
2466 3361 2587 3450 qui
2657 3361 2950 3451 parochi
3022 3362 3331 3434 officium

664 3500 701 3542 »
741 3482 1048 3562 exercet,
1090 3474 1258 3545 dum
1306 3468 1596 3543 Missam
1650 3489 1779 3563 pro
1832 3473 1983 3543 suis
2036 3472 2477 3544 dioecesanis
2532 3471 2871 3564 applicat,
2917 3492 3096 3546 suae
3130 3472 3335 3544 satis-

662 3612 700 3658 >
741 3586 958 3659 faciat
1010 3585 1455 3677 obligationi,
1516 3602 1702 3674 quae
1756 3583 1893 3656 sibi
1950 3586 2051 3655 uti
2106 3585 2414 3676 parocho
2469 3579 2859 3657 inhaeret?

807 3699 879 3770 9.
924 3723 962 3766 ³»
1000 3693 1366 3779 Quatenus
1419 3696 1571 3788 ipse
1622 3692 2021 3787 Episcopus
2074 3698 2247 3769 satis
2283 3714 2429 3767 non
2465 3695 2633 3769 facit
2668 3696 3092 3787 obligationi
3125 3711 3329 3786 paro-

665 3836 705 3881 »
743 3809 1033 3882 chorum
1088 3808 1412 3899 propriae
1469 3808 1656 3879 circa
1713 3808 2265 3899 applicationem
2319 3805 2579 3880 Missae
2631 3826 2757 3898 pro
2792 3809 3092 3900 populo,
3123 3807 3331 3898 quid-

666 3947 706 3991 »
747 3941 913 3993 nam
991 3920 1079 3993 de
1156 3921 1538 4011 praeterito
1603 3939 1779 3992 suae
1856 3919 2312 4012 obligationis
2383 3920 3022 4013 inadimplemento
3091 3921 3331 3993 dicen-

666 4060 704 4106 >
744 4034 914 4108 dum
968 4029 1114 4107 siti
1154 4058 1192 4101 ³>

814 4146 915 4221 Ad
968 4147 1188 4220 dubia
1225 4148 1402 4219 haec
1436 4143 1594 4217 Emi
1631 4141 1881 4219 Patres
1918 4145 2031 4218 die
2067 4147 2188 4218 23.
2229 4141 2461 4217 Martii
2507 4146 2721 4217 1863.
2763 4144 3329 4236 responderunt:

811 4284 849 4325 <a
895 4259 995 4331 Ad
1055 4261 1119 4328 1.
1176 4255 1548 4350 Negative,
1606 4257 1995 4330 dummodo
2049 4277 2193 4329 non
2245 4263 2501 4349 agatur
2552 4258 2641 4329 de
2696 4258 2900 4346 lociS,
2941 4258 3014 4328 in
3066 4252 3334 4344 quibus

664 4399 702 4443 ›
741 4371 949 4445 sedes
1001 4371 1426 4462 episcopalis
1481 4389 1566 4441 ac
1617 4371 1992 4460 paroeciae
2027 4370 2369 4442 canonice
2409 4376 2689 4441 erectae
2725 4369 2868 4440 iam
2905 4370 3070 4455 sint,
3107 4369 3338 4452 atque

663 4508 703 4553 ›
743 4484 834 4556 ad
886 4500 969 4554 ea
1018 4480 1344 4554 vicarius
1401 4481 1847 4571 Apostolicus
1904 4499 1987 4553 ac
2039 4481 2467 4553 missionarii
2529 4481 2727 4553 missi
2779 4485 2974 4568 sunt,
3028 4482 3102 4549 ut
3145 4474 3343 4567 legi-

665 4617 705 4662 ›
742 4596 1074 4667 timorum
1127 4601 1491 4685 pastorum
1547 4594 1739 4666 vices
1798 4599 2074 4685 gerant.

813 4730 853 4772 ›
893 4705 998 4777 Ad
1050 4707 1123 4776 2.
1179 4701 1547 4778 Provisum
1600 4706 1674 4776 in
1726 4706 1982 4796 primo.
