3497 5235
2395 202 2753 230 Ὶ-Ᾰ-*Ᾰὰ--οιν

535 275 579 341 2
1348 273 1421 335 Do
1458 272 1762 336 visitatione
1802 273 2069 336 flamm
2105 274 2369 338 Liuium

543 412 645 476 10.
687 406 1040 474 Concilium
1086 405 1455 475 sardicense
1498 407 1789 486 sancivit,
1839 419 1910 474 ut
1955 408 2249 495 Episcopi
2297 408 2379 474 de
2423 406 2685 498 singulis
2716 408 3062 497 provinciis
3092 407 3172 477 ad

538 508 905 577 Pontificem
964 508 1505 576 referrent-ss.
1545 510 2028 576 innocentiusl.
2090 510 2578 581 consultationes
2636 512 2921 578 Pontifici
2985 512 3169 579 iactas

540 623 869 679 memorat.
899 616 1072 679 -12.
1113 616 1177 681 S.
1217 611 1604 698 Augustinus
1661 612 1744 677 de
1790 612 2198 679 relationibus
2260 634 2293 679 a
2357 615 2637 681 Concilio
2706 613 3163 702 Cathaginiensi

539 735 610 781 ac
659 714 1044 791 milevitano,
1093 732 1341 779 necnon
1390 722 1454 778 et
1496 732 1527 776 a
1572 731 1642 778 se
1690 715 1827 799 ipso
1875 714 2153 782 Pontifici
2203 716 2403 783 missis
2435 715 2626 782 {idem
2667 714 2830 781 lacit.
2861 719 3039 783 -13.
3073 718 3170 782 In·

540 818 822 884 numeris
868 815 1273 882 relationibus
1320 813 1743 899 Apostolicam
1792 815 2023 883 Sedem
2071 816 2261 884 luisse
2306 821 2654 886 consultam
2703 818 2894 886 tradit
2939 821 3001 885 S.
3042 820 3169 884 Leo

541 923 822 1004 Magnus.
850 922 1022 986 -14.
1063 917 1237 982 ldem
1284 913 1614 982 confirmat
1660 929 1723 984 et
1771 919 2040 986 inculcat
2087 920 2573 1007 obligationem,
2624 940 2744 1006 qua
2794 919 3174 986 tenebantur

540 1023 896 1093 Sicilienses
941 1018 1290 1095 Antistites,
1343 1026 1412 1082 ut
1457 1019 1795 1102 quotannis
1845 1022 2004 1086 terni
2071 1024 2369 1101 Romam,
2424 1022 2708 1089 Concilio
2774 1019 3168 1097 interfuturi,

539 1124 979 1190 convenirent.
1011 1156 1055 1172 -
1083 1126 1188 1188 15.
1224 1117 1697 1198 Tlieodoretus,
1750 1122 2043 1208 exemplo
2105 1126 2176 1189 D.
2214 1123 2413 1201 Pauli,
2448 1127 2511 1190 S.
2545 1127 2821 1190 Leonem
2875 1122 3168 1198 consulit,

538 1244 807 1311 seseque
855 1235 1141 1300 excusat,
1193 1220 1364 1308 quod
1412 1237 1560 1286 eum
1626 1241 1836 1288 coram
1907 1242 2033 1289 non
2101 1222 2504 1292 adeat.-16.
2542 1227 2610 1291 In
2677 1220 3175 1290 dubitationibus

543 1329 777 1395 exortis
831 1324 1202 1392 Pontificem
1270 1321 1730 1389 consulendum
1794 1342 1928 1395 esse
1988 1343 2067 1392 ex
2126 1326 2270 1412 lege
2336 1326 2621 1412 synodali
2691 1325 2882 1392 tradit
2949 1325 3171 1391 Avitus

541 1428 1151 1496 Viennensis-17.
1188 1423 1561 1491 Iustinianus
1608 1428 1955 1511 imperator
2000 1428 2080 1494 de
2128 1427 2336 1497 edicto
2385 1439 2598 1493 contra
2664 1425 2969 1514 quosdam
3025 1425 3173 1491 bae·

542 1534 769 1598 reticos
814 1552 846 1597 a
893 1548 959 1597 se
1005 1530 1131 1595 lato
1165 1530 1512 1593 Romanum
1547 1527 1914 1594 Pontificem
1948 1530 2284 1607 certiorem
2319 1528 2489 1596 lacit.
2515 1566 2559 1580 -
2591 1533 2690 1597 18.
2731 1530 2794 1596 S.
2834 1530 3174 1615 Gregorius

541 1637 793 1720 Magnus
839 1629 1238 1698 Antistitibus
1284 1628 1714 1696 Siciliensibus
1763 1630 2079 1719 indulget,
2131 1643 2356 1698 utnon
2390 1633 2656 1718 amplius
2688 1630 2946 1717 singulis
2980 1631 3173 1697 trien-

538 1736 682 1813 niis,
731 1734 844 1801 sed
890 1733 1151 1820 singulis
1196 1729 1650 1817 quinquenniis
1697 1735 1953 1798 Romam
1999 1736 2400 1801 conveniant.
2429 1770 2473 1784 -
2502 1737 2605 1800 19.
2644 1736 2860 1800 Canon
2905 1751 2982 1798 ex
3028 1735 3173 1799 Gra·

543 1839 709 1903 tiano
754 1837 1129 1921 desumptus
1174 1833 1519 1919 Episcopos
1566 1834 1961 1920 propinquos
2008 1838 2364 1922 quotannis,
2416 1835 2795 1923 longinquos
2842 1834 3011 1900 iuxta
3044 1833 3172 1899 chi·

542 1940 926 2029 rographum
972 1956 1157 2003 suum
1206 1939 1465 2002 Romam
1510 1934 1684 2002 adire
1728 1936 2014 2003 sancivit.
2044 1940 2206 2003 -20,
2245 1937 2359 2015 Qui
2407 1957 2632 2016 canon,
2686 1936 2833 2002 licet
2880 1934 3033 2002 l'also
3065 1939 3171 2002 Za-

542 2042 787 2108 chariae
835 2051 897 2106 et
949 2039 1243 2105 Anacleto
1291 2034 1695 2103 Pontificibus
1741 2037 2114 2125 adscriptus,
2166 2039 2374 2126 magni
2403 2051 2607 2105 tamen
2638 2035 2964 2104 habendus
2994 2048 3174 2103 est.-

543 2148 652 2211 21.
692 2145 803 2209 22.
839 2146 904 2210 S.
941 2140 1224 2227 Gregorii
1263 2140 1389 2205 Vll.
1444 2140 1622 2224 plura
1672 2142 1754 2207 de
1801 2154 2140 2228 praecepto
2184 2152 2378 2207 status
2425 2139 2745 2207 referendi
2805 2156 2877 2203 ac
2942 2144 3173 2205 Romae

541 2244 866 2311 adeundae
917 2245 1103 2309 etiam
1165 2241 1241 2307 ad
1290 2240 1557 2308 Abbates
1602 2253 1864 2307 extenso
1926 2243 2300 2310 testimonia.
2339 2279 2383 2295 ·—
2428 2247 2537 2309 23.
2586 2241 2876 2309 Formula
2925 2240 3174 2308 iurisiu-

546 2347 718 2412 randi
774 2349 949 2443 (cap,
989 2345 1059 2409 4.
1109 2343 1180 2408 de
1226 2346 1357 2409 iar.
1407 2343 1657 2426 iarun.)
1710 2345 1785 2410 ab
1831 2344 2157 2431 Episcopis
2212 2344 2290 2411 de
2339 2344 2566 2411 eodem
2617 2342 2942 2430 implendo
2989 2360 3177 2429 prae-

546 2460 733 2535 cepto
783 2449 989 2513 emissi
1041 2466 1071 2511 a
1120 2447 1185 2512 S.
1221 2444 1526 2531 Gregorio
1573 2447 1700 2511 Vll.
1750 2445 1961 2512 verius
2009 2445 2350 2532 repetenda
2401 2458 2559 2512 est·
2604 2449 2712 2511 24.
2748 2444 3051 2511 Paschalis
3097 2447 3168 2510 ll.

544 2550 837 2617 Poloniae
898 2547 1460 2634 Arcbiepiscopum
1528 2546 1780 2634 arguit,
1850 2548 2019 2635 quod
2091 2552 2272 2616 Sacra
2342 2548 2581 2614 Limina
2651 2567 2777 2613 non
2847 2546 3081 2613 visitet.
3131 2582 3176 2594 -

544 2659 649 2721 25.
693 2654 978 2741 Eugenio
1011 2654 1109 2717 lll.
1163 2648 1695 2736 Arcbiepiscopus
1741 2652 2169 2717 Atrebatensis
2213 2669 2350 2717 sese
2395 2652 2580 2728 sistit,
2633 2649 2841 2737 deque
2877 2650 3173 2715 ecclesiae

542 2774 691 2822 suae
737 2766 898 2821 statu
949 2752 1162 2819 refert.
1192 2789 1235 2803 -
1261 2754 1370 2817 26.
1405 2751 1753 2819 Hadrianus
1783 2756 1885 2819 tv.
1927 2754 2006 2819 de
2055 2756 2439 2839 imperatore
2472 2752 2792 2819 Friderico
2840 2750 3173 2837 conqueri·

547 2867 672 2933 tur,
723 2854 895 2944 quod
946 2859 1292 2922 Romanum
1341 2852 1460 2919 iter
1518 2854 1911 2939 praesulibus
1973 2855 2599 2922 interdiceret.-27.
2638 2855 3042 2920 Innocentius
3073 2856 3169 2919 111.

546 2959 917 3024 Antiocheni
967 2955 1355 3021 Patriarchae
1402 2957 1869 3023 excusationem
1916 2956 1999 3022 de
2044 2976 2173 3023 nou
2221 2957 2480 3024 visitatis
2529 2960 2658 3023 ΛΑ.
2699 2959 2817 3022 LL.
2856 2956 3104 3042 recipit.
3134 2992 3178 3005 -

547 3063 653 3124 28.
693 3059 1002 3125 Honorius
1047 3060 1143 3122 lll.
1222 3055 1536 3143 Episcopo
1604 3057 1971 3125 Tridentino
2043 3059 2378 3145 indulget,
2430 3069 2499 3125 ut
2565 3058 2826 3144 singulis
2895 3058 3177 3124 trienniis

548 3167 655 3232 SS.
696 3164 819 3227 ΛΑ.
860 3164 982 3227 LL.
1017 3161 1219 3227 adeat.
1250 3194 1293 3209 -
1331 3161 1437 3225 29.
1479 3162 1590 3226 30.
1625 3160 1986 3226 Alexander
2033 3163 2136 3226 tv.
2191 3160 2431 3226 indulta
2499 3160 2831 3248 Episcopis
2891 3167 2956 3226 et
3023 3159 3174 3225 item

545 3262 890 3330 Abbatibus
934 3280 1222 3328 concessa
1269 3259 1352 3326 de
1398 3279 1527 3327 nou
1574 3262 1899 3328 visitandis
1934 3265 2059 3328 ΑΑ.
2088 3266 2208 3328 LL.
2247 3273 2584 3330 revocat.-
2609 3267 2715 3329 31.
2754 3260 3176 3328 Posteriorum

549 3377 913 3450 temporum
964 3361 1311 3429 testimonia
1363 3359 1444 3426 de
1491 3363 1633 3450 lege
1668 3367 1796 3430 ΑΑ.
1838 3367 1961 3430 LL.
1997 3363 2289 3431 visitandi
2325 3367 2509 3451 plena
2542 3384 2728 3431 manu
2763 3364 3177 3448 reperiuntur

545 3468 612 3534 in
661 3483 929 3552 corpore
978 3464 1126 3531 iuris
1175 3461 1456 3528 canonici
1484 3467 1658 3529 -32,
1698 3469 1762 3534 S.
1804 3466 2059 3531 Carolus
2106 3469 2518 3532 Borromaeus
2564 3485 2697 3531 eam
2735 3466 2941 3552 legem
2975 3464 3175 3530 incul-

546 3581 664 3636 cat.
692 3571 871 3635 -33,
906 3570 1171 3633 Temere
1218 3562 1566 3631 Febrouius
1611 3584 1690 3630 ex
1731 3566 1924 3631 libera
1971 3567 2319 3645 voluntate,
2371 3587 2499 3634 non
2568 3586 2646 3633 ex
2692 3565 2755 3632 vi
2804 3569 2960 3654 legis
3028 3565 3175 3651 Epi—

546 3692 768 3759 scopos
814 3676 945 3740 ΑΑ.
982 3674 1107 3736 LL.
1135 3670 1413 3735 visitasse
1462 3667 1689 3736 effutit.
1725 3674 1900 3736 -34.
1940 3672 2240 3736 Auctores
2286 3669 2584 3749 citantur,
2636 3672 2742 3756 qui
2792 3669 2904 3736 hac
2952 3668 3032 3735 de
3067 3669 3181 3734 ob-

550 3775 844 3862 ligatione
891 3772 1426 3858 conscripserunt.
1454 3774 1630 3837 -35,
1666 3770 1982 3838 Pontilicis
2028 3789 2236 3837 coram
2281 3770 2554 3839 adeundi
2599 3773 2805 3858 legem
2856 3789 2932 3837 ex
2966 3769 3181 3836 diver-

546 3878 628 3944 sis
676 3876 952 3944 lontibus
999 3887 1208 3942 ortum
1255 3872 1541 3939 babuisse
1590 3873 1848 3941 tradunt
1894 3873 2210 3951 doctores,
2247 3885 2312 3940 et
2342 3872 2604 3940 affertur
2636 3872 2851 3958 opinio
2884 3871 3178 3939 Thomas-

546 3979 694 4046 sini.
727 4014 772 4030 -
803 3982 912 4046 36.
948 3981 1105 4044 ltem
1150 3986 1216 4043 et
1261 3974 1512 4042 Hallieri
1547 4024 1563 4041 .
1592 4011 1635 4025 -
1683 3979 1793 4045 37.
1829 3978 1913 4042 Ac
1961 3995 2081 4042 van
2114 3975 2367 4062 Espenii
2392 4024 2409 4055 ,
2463 3994 2734 4062 quorum
2784 3986 2990 4041 tamen
3035 3994 3180 4042 sen·

550 4079 742 4147 tentia
786 4079 1279 4147 substantialiter
1324 4095 1451 4143 non
1500 4075 1711 4144 differt
1771 4099 1804 4143 a
1860 4078 2169 4145 sententia
2237 4079 2642 4146 Thomassini.
2673 4082 2846 4146 -38,
2885 4081 2965 4145 At
3023 4097 3179 4146 vero

548 4182 700 4250 baec
748 4179 1078 4250 doctorum
1127 4178 1344 4266 opinio
1390 4178 1783 4247 admittenda
1828 4179 2084 4249 videtur
2127 4181 2287 4247 circa
2335 4179 2669 4248 iuramenti
2728 4180 3175 4259 adiectionem,

549 4282 809 4351 minime
854 4302 1009 4350 vero
1056 4282 1214 4349 cirea
1262 4284 1470 4370 legem
1516 4280 1740 4368 ipsam,
1784 4303 1970 4370 quam
2018 4302 2098 4351 ex
2142 4283 2416 4371 primatu
2462 4282 2791 4370 pontificio
2840 4292 2903 4349 et
2949 4301 3184 4370 perpe·

550 4395 656 4453 tua
704 4386 1093 4452 observantia
1141 4382 1554 4470 repetendam
1602 4404 1735 4454 esse
1784 4386 2284 4453 demonstratum
2331 4398 2448 4453 est.
2477 4388 2642 4452 -39.
2682 4389 2775 4452 Ex
2820 4385 3183 4472 praemissis

551 4491 760 4576 itaque
806 4500 1070 4565 constat,
1118 4509 1149 4554 a
1197 4489 1377 4556 Sixto
1412 4491 1485 4555 Y.
1540 4487 1703 4556 baud
1755 4490 1959 4577 legem
2009 4508 2235 4555 novam
2286 4485 2631 4567 inductam,
2677 4485 2790 4554 sed
2836 4485 3040 4556 veteri
3081 4506 3184 4555 so·-

551 4591 876 4660 lummodo
926 4592 1189 4660 [ormam
1232 4592 1586 4658 solemnem
1634 4611 1766 4658 esse
1814 4591 2307 4682 superadditam.
