3497 5235
1083 294 1153 351 Do
1193 293 1501 353 visitatione
1542 293 1809 353 Scotorum
1847 295 2110 354 himinum.
2753 308 2758 313 ’
2843 293 2920 358 37

297 429 561 500 minime
598 426 1095 520 adstringitur:
1134 430 1519 519 persolutio
1555 430 1739 501 enim
1779 430 2163 502 decessoris
2196 430 2646 520 suffragatur,
2680 446 2925 517 quem-

296 540 660 612 admodum
715 538 980 611 diserte
1033 540 1327 614 tradunt
1378 542 1467 613 de
1516 544 1869 614 communi
1924 542 2269 629 doctores,
2311 540 2726 632 praesertim
2759 537 2925 611 Fer-

293 654 453 725 raris
502 651 721 725 verbo
774 651 1063 741 Limina
1113 654 1594 746 Apostolorum
1645 673 1721 726 n.
1765 652 1924 735 26..
1961 656 2124 726 item
2187 650 2569 747 Fagnanus
2621 651 2753 722 loc.
2797 651 2917 721 cit.

293 783 482 837 num.
517 765 641 836 47.

423 876 545 947 85.
605 872 743 947 Sed
781 881 1057 963 contra,
1111 876 1170 948 si
1222 875 1544 950 decessor
1594 878 1901 950 triennio
1938 878 2048 951 vel
2087 877 2558 967 quadriennio
2604 880 2923 947 vertente

292 986 411 1058 hoc
461 985 693 1059 officio
744 985 1125 1059 defunctus
1174 989 1463 1061 minime
1496 990 1731 1079 fuerit,
1773 1009 2134 1063 successor
2185 989 2273 1061 ad
2322 987 2492 1059 illud
2531 986 2921 1079 adimplen-

292 1098 450 1171 dum
486 1099 780 1169 omnino
815 1104 1122 1188 tenetur,
1156 1101 1330 1189 quin
1366 1101 1624 1190 obstet,
1658 1103 1848 1193 quod
1885 1109 2044 1195 post
2079 1102 2416 1195 adeptum
2445 1100 2926 1190 episcopatum

292 1213 431 1285 leve
464 1217 753 1302 tempus
796 1210 1169 1300 effluxerit,
1209 1219 1280 1284 et
1330 1211 1719 1307 Episcopus
1753 1234 1897 1287 non
1936 1218 2032 1288 ita
2071 1214 2341 1306 pridem
2377 1212 2715 1284 dioecesis
2748 1211 2928 1301 regi·-

294 1342 441 1396 men
480 1340 855 1415 aggressus
890 1324 962 1393 in
999 1330 1328 1417 promptu
1380 1327 1698 1398 nondum
1733 1346 1816 1398 oa
1855 1329 2070 1419 possit
2104 1325 2393 1413 habere,
2435 1343 2618 1414 quae
2659 1322 2746 1394 ad
2785 1328 2930 1395 sta·

293 1443 429 1506 tum
465 1434 918 1507 referendum
954 1434 1436 1524 requiruntur.
1496 1433 1688 1512 Tunc
1726 1440 1915 1511 enim
1954 1438 2344 1511 consulitur
2397 1455 2521 1528 per
2570 1436 2849 1507 veniam
2887 1454 2927 1504 a

292 1548 354 1618 S.
390 1545 467 1621 C.
509 1546 973 1634 exorandam,
1030 1565 1214 1637 quae
1266 1548 1575 1639 profecto
1627 1568 1787 1622 eam
1838 1549 2190 1641 denegare
2243 1567 2384 1620 non
2428 1547 2713 1620 assolet.
2755 1543 2928 1616 Vide

293 1656 663 1731 Decretum
698 1655 772 1729 S.
795 1656 868 1731 C.
901 1658 988 1729 de
1022 1654 1228 1750 Prop.
1262 1657 1418 1732 Fid.
1457 1662 1541 1733 12
1580 1660 1747 1753 Apr.
1788 1662 2001 1735 1802.
2036 1661 2126 1733 ad
2163 1662 2235 1732 2.
2268 1659 2686 1749 Ceteroquin
2726 1658 2931 1729 Sum·

296 1789 439 1842 mus
488 1767 815 1843 Pontifex
868 1770 1091 1861 legem
1129 1773 1598 1845 universalem
1652 1792 1736 1846 ac
1770 1781 2188 1866 perpetuam
2225 1775 2534 1861 edicenS,
2578 1789 2763 1864 quae
2799 1770 2928 1840 ali-

293 1880 575 1971 quando
643 1883 1013 1975 speciatim
1064 1882 1447 1972 accidunt,
1502 1885 1963 1977 contemplari
2015 1891 2087 1958 et
2138 1887 2458 1976 excipere
2513 1883 2783 1970 noluit,
2841 1899 2928 1953 ne

295 1992 583 2065 fortasse
620 1995 1324 2085 interpretationibus
1360 1996 1520 2090 plus
1554 1999 1772 2068 nimio
1809 1997 1987 2069 laxis
2023 1999 2219 2069 locus
2253 1996 2475 2082 lieet,
2515 2001 2585 2065 et
2621 1996 2721 2067 sic
2756 1993 2932 2083 legis

297 2104 602 2177 efficacia
637 2104 1155 2178 debilitaretur.
1191 2103 1465 2180 Videsis
1498 2106 1919 2201 Fagnanum
1955 2108 2086 2181 loc.
2117 2110 2236 2181 cit.
2263 2126 2462 2179 num.
2491 2108 2611 2178 37.
2637 2112 2704 2177 et
2740 2122 2924 2193 seq„

298 2215 409 2287 ubi
462 2216 645 2289 alias
696 2216 787 2289 ad
821 2234 969 2289 rem
1008 2221 1586 2307 quaestiunculas
1621 2221 1863 2293 adiicit
1900 2239 1982 2291 ac
2015 2220 2246 2292 solvit.
2301 2220 2693 2291 Adnotetur
2728 2218 2933 2289 dum-

300 2333 518 2417 taxat,
576 2327 679 2417 id,
736 2326 927 2417 quod
979 2328 1223 2401 scribit
1259 2331 1347 2402 de
1382 2332 1784 2404 visitatione
1816 2331 2143 2405 obeunda
2192 2332 2437 2403 ultimo
2475 2350 2662 2403 anno
2712 2332 2934 2402 trien-

300 2424 417 2527 nii',
472 2440 955 2529 quadriennii,
1010 2442 1511 2531 quinquennii,
1553 2443 2026 2534 decenniique
2070 2444 2260 2516 hisce
2299 2441 2736 2534 temporibus
2784 2459 2928 2512 non

295 2552 387 2623 ita
420 2551 647 2643 rigide
699 2552 881 2644 exigi
934 2551 1292 2641 adsolere3
1349 2572 1515 2626 nam
1569 2556 1849 2627 tametsi
1905 2556 1975 2628 id
2028 2555 2235 2631 officii
2274 2554 2680 2627 absolvatur
2716 2554 2931 2625 etiam

299 2662 657 2752 aliquanto
709 2664 934 2756 prius,
991 2683 1134 2736 non
1187 2664 1446 2740 idcirco
1497 2683 1582 2738 ex
1635 2667 1890 2742 Sacrae
1941 2668 2515 2759 congregationis
2557 2666 2930 2756 disciplina

296 2773 670 2846 difficultas
723 2781 1001 2847 creatur
1051 2772 1442 2870 Episcopis.
1513 2776 1895 2871 Fagnanus
1962 2780 2152 2852 istud
2218 2781 2473 2871 repetit
2527 2779 2600 2849 in
2650 2796 2810 2869 cap.
2855 2776 2925 2847 7.

296 2880 374 2955 lu
421 2885 752 2977 singuliS.
811 2885 893 2958 de
944 2894 1111 2961 stat.
1153 2889 1330 2961 min.
1381 2910 1457 2961 n.
1503 2887 1567 2962 1.

350 3151 452 3206 vl.
491 3151 693 3222 Quam
729 3154 1045 3209 rationem
1080 3157 1298 3211 servet
1335 3154 1400 3210 S.
1430 3154 1850 3226 congregatio
1888 3155 1955 3211 in
1990 3155 2412 3226 expendendis
2440 3153 2871 3211 relationibus.

418 3353 838 3418 sonnatium.
891 3355 997 3418 86.
1054 3351 1408 3419 Relationes
1455 3352 1804 3439 antiquitus
1850 3373 1881 3416 a
1932 3356 1993 3420 S.
2035 3355 2105 3420 C.
2147 3353 2406 3420 Concilii
2458 3372 2582 3418 non
2637 3370 2816 3417 secus
2862 3371 2930 3416 ac

299 3451 405 3516 alia
450 3452 763 3518 ordinaria
812 3454 1063 3541 negotia
1124 3454 1490 3542 agebantur.
1530 3492 1572 3504 -
1604 3458 1710 3521 87.
1748 3456 1916 3533 Quae
1984 3457 2142 3521 ratio
2209 3475 2353 3521 cum
2419 3453 2931 3541 responsionibus

301 3553 686 3621 remittendis
736 3554 1091 3622 tarditatem
1126 3555 1417 3635 afferret,
1458 3556 1948 3634 Lambertinius,
1985 3576 2129 3622 cum
2178 3560 2238 3624 S.
2280 3559 2351 3625 C.
2393 3556 2660 3624 concilii
2711 3560 2932 3624 Secre-

304 3657 517 3721 tarium
561 3669 802 3743 ageret,
855 3658 919 3722 in
965 3656 1317 3724 subsidium
1365 3658 1858 3725 celeberrimum
1907 3654 2395 3727 Lucchesinium
2417 3659 2530 3726 sibi
2585 3658 2716 3726 dari
2768 3658 2930 3724 obti-

306 3759 451 3822 nuit.
486 3795 528 3808 -
554 3762 661 3824 88.
702 3758 798 3825 Ad
832 3759 1266 3827 Pontificatum
1300 3759 1764 3828 Lambertinius
1810 3773 2160 3847 assumptus
2202 3763 2754 3846 Conpreyationem
2780 3779 2929 3846 par-

309 3860 624 3927 ticularem
657 3879 773 3946 pro
807 3860 1216 3927 relationibus
1251 3862 1683 3930 examinandis
1713 3877 2030 3952 perpetuo
2063 3867 2409 3932 constituit.
2439 3899 2481 3916 -
2513 3867 2618 3931 89.
2658 3864 2929 3930 Huiusce

311 3962 810 4049 congregationis
854 3962 1101 4029 comitia
1152 3963 1323 4030 idem
1371 3969 1667 4032 Summus
1715 3967 2003 4033 Pontifex
2048 3968 2252 4053 prima
2300 3969 2438 4034 vice
2486 3976 2551 4033 et
2582 3964 2728 4032 alias
2759 3965 2930 4052 apud

309 4080 371 4126 se
407 4063 611 4130 baberi
660 4063 891 4130 voluit.
925 4100 967 4112 -
999 4067 1105 4129 90.
1145 4066 1282 4131 Non
1333 4078 1597 4144 constat,
1649 4088 1724 4134 an
1781 4070 2078 4155 primitus
2135 4069 2424 4156 specialis
2486 4068 2766 4135 officialis
2827 4088 2926 4134 re·

308 4165 730 4250 sponsionibus
776 4164 1250 4232 conscribendis
1293 4166 1585 4234 addictus
1631 4182 1828 4248 esset,
1878 4171 1979 4237 vel
2028 4172 2413 4238 Secretarius
2459 4169 2931 4256 pontificiarum

316 4264 702 4350 epistolarum
750 4267 818 4335 id
863 4268 1047 4334 officii
1084 4266 1315 4334 obiret.
1343 4273 1519 4335 -91.
1560 4271 1775 4337 Prouti
1823 4271 1901 4338 ad
1946 4273 2097 4338 haec
2148 4284 2433 4359 tempora
2482 4271 2713 4338 factum
2747 4286 2933 4340 est.—

314 4368 409 4433 92.
441 4370 849 4456 Hieronymus
897 4369 978 4437 de
1014 4372 1263 4438 Andrea
1309 4372 1720 4453 secretarius,
1773 4374 2226 4460 comprobante
2273 4376 2513 4462 Angelo
2557 4375 2713 4441 Maio
2747 4379 2928 4441 Prae-

316 4467 460 4536 fecto
503 4472 783 4541 Pontifici
830 4473 1190 4560 proposuit,
1228 4484 1298 4540 ut
1327 4474 1610 4560 specialis
1640 4474 1718 4541 ad
1751 4475 1871 4541 hoc
1905 4473 2182 4542 officialis
2214 4490 2557 4545 crearetur.
2589 4515 2633 4530 -
2656 4481 2762 4545 93.
2801 4483 2928 4545 Hu-

319 4568 556 4644 iusmodi
601 4575 937 4644 consilium
987 4579 1216 4643 SSmus
1242 4581 1311 4643 D.
1350 4580 1425 4644 N.
1465 4599 1581 4667 pro
1627 4598 1737 4645 sua
1784 4595 2024 4643 summa
2070 4579 2534 4659 sollicitudine,
2585 4580 2927 4667 providen-

321 4671 500 4766 tiaque
543 4679 942 4770 approbavit,
979 4677 1055 4745 ad
1088 4678 1383 4747 effectum
1420 4680 1685 4769 perduci
1721 4679 1922 4760 iussit,
1956 4680 2365 4772 primumque
2399 4682 2475 4750 ad
2509 4682 2664 4751 illud
2697 4703 2926 4749 munus
