<?xml version="1.0" encoding="UTF-8"?>
<!DOCTYPE html PUBLIC "-//W3C//DTD XHTML 1.0 Transitional//EN"
    "http://www.w3.org/TR/xhtml1/DTD/xhtml1-transitional.dtd">
<html xmlns="http://www.w3.org/1999/xhtml" xml:lang="en" lang="en">
 <head>
  <title>
</title>
<meta http-equiv="Content-Type" content="text/html;charset=utf-8" />
  <meta name='ocr-system' content='tesseract 3.04.00' />
  <meta name='ocr-capabilities' content='ocr_page ocr_carea ocr_par ocr_line ocrx_word'/>
</head>
<body>
  <div class='ocr_page' id='page_1' title='image "./devisitationesa00popegoog_0437.png"; bbox 0 0 3497 5235; ppageno 0'>
   <div class='ocr_carea' id='block_1_1' title="bbox 1061 312 2900 387">
    <p class='ocr_par' dir='ltr' id='par_1_1' title="bbox 1061 312 2900 387">
     <span class='ocr_line' id='line_1_1' title="bbox 1061 312 2900 387; baseline 0.001 -15"><span class='ocrx_word' id='word_1_1' title='bbox 1061 312 1182 387; x_wconf 69' lang='lat'><strong>0⁸1».</strong></span> <span class='ocrx_word' id='word_1_2' title='bbox 1208 315 1303 372; x_wconf 90' lang='lat'><strong>111.</strong></span> <span class='ocrx_word' id='word_1_3' title='bbox 1345 314 1416 370; x_wconf 80' lang='lat' dir='ltr'>De</span> <span class='ocrx_word' id='word_1_4' title='bbox 1456 314 1590 371; x_wconf 76' lang='lat' dir='ltr'>clero</span> <span class='ocrx_word' id='word_1_5' title='bbox 1631 314 1900 371; x_wconf 68' lang='lat' dir='ltr'>nucula-i.</span> <span class='ocrx_word' id='word_1_6' title='bbox 1944 315 1996 387; x_wconf 66' lang='grc' dir='ltr'>ἓ.</span> <span class='ocrx_word' id='word_1_7' title='bbox 2025 314 2071 372; x_wconf 82' lang='grc'>7.</span> <span class='ocrx_word' id='word_1_8' title='bbox 2786 314 2900 376; x_wconf 84' lang='grc'>397</span> 
     </span>
    </p>
   </div>
   <div class='ocr_carea' id='block_1_2' title="bbox 197 443 2908 4672">
    <p class='ocr_par' dir='ltr' id='par_1_2' title="bbox 219 443 2897 653">
     <span class='ocr_line' id='line_1_2' title="bbox 219 443 2897 539; baseline 0.003 -24"><span class='ocrx_word' id='word_1_9' title='bbox 219 444 583 516; x_wconf 77' lang='lat' dir='ltr'>‘abnorme</span> <span class='ocrx_word' id='word_1_10' title='bbox 635 443 899 516; x_wconf 83' lang='lat' dir='ltr'><strong>ibidem</strong></span> <span class='ocrx_word' id='word_1_11' title='bbox 955 446 1582 537; x_wconf 89' lang='lat' dir='ltr'>deprehenderint,</span> <span class='ocrx_word' id='word_1_12' title='bbox 1627 447 1759 518; x_wconf 91' lang='lat' dir='ltr'>rite</span> <span class='ocrx_word' id='word_1_13' title='bbox 1811 449 2061 539; x_wconf 79' lang='lat' dir='ltr'>corrigi</span> <span class='ocrx_word' id='word_1_14' title='bbox 2114 455 2185 520; x_wconf 84' lang='lat' dir='ltr'>et</span> <span class='ocrx_word' id='word_1_15' title='bbox 2238 449 2599 520; x_wconf 80' lang='lat' dir='ltr'>reformari</span> <span class='ocrx_word' id='word_1_16' title='bbox 2653 449 2897 522; x_wconf 90' lang='lat' dir='ltr'>decer-</span> 
     </span>
     <span class='ocr_line' id='line_1_3' title="bbox 238 554 2455 653; baseline 0.001 -25"><span class='ocrx_word' id='word_1_17' title='bbox 238 562 420 629; x_wconf 82' lang='lat' dir='ltr'><strong>nant</strong></span> <span class='ocrx_word' id='word_1_18' title='bbox 471 555 564 626; x_wconf 91' lang='lat' dir='ltr'>ad</span> <span class='ocrx_word' id='word_1_19' title='bbox 619 555 961 629; x_wconf 86' lang='lat' dir='ltr'>monitum</span> <span class='ocrx_word' id='word_1_20' title='bbox 1016 554 1240 648; x_wconf 90' lang='lat' dir='ltr'>Crisp.</span> <span class='ocrx_word' id='word_1_21' title='bbox 1295 559 1434 629; x_wconf 80' lang='lat' dir='ltr'>Vis.</span> <span class='ocrx_word' id='word_1_22' title='bbox 1486 559 1683 630; x_wconf 80' lang='lat' dir='ltr'>Past.</span> <span class='ocrx_word' id='word_1_23' title='bbox 1727 560 1814 631; x_wconf 88' lang='lat' dir='ltr'>P.</span> <span class='ocrx_word' id='word_1_24' title='bbox 1860 560 1992 631; x_wconf 94' lang='lat' dir='ltr'>III.</span> <span class='ocrx_word' id='word_1_25' title='bbox 2032 557 2106 653; x_wconf 59' lang='grc' dir='ltr'>ξ.</span> <span class='ocrx_word' id='word_1_26' title='bbox 2150 560 2220 632; x_wconf 91' lang='grc'>9.</span> <span class='ocrx_word' id='word_1_27' title='bbox 2265 580 2338 631; x_wconf 80' lang='grc' dir='ltr'>η.</span> <span class='ocrx_word' id='word_1_28' title='bbox 2386 562 2455 632; x_wconf 90' lang='grc'>6.</span> 
     </span>
    </p>

    <p class='ocr_par' dir='ltr' id='par_1_3' title="bbox 230 662 2904 1427">
     <span class='ocr_line' id='line_1_4' title="bbox 382 662 2904 760; baseline 0.003 -23"><span class='ocrx_word' id='word_1_29' title='bbox 382 666 558 738; x_wconf 85' lang='grc'><strong>243.</strong></span> <span class='ocrx_word' id='word_1_30' title='bbox 599 662 670 738; x_wconf 90' lang='lat' dir='ltr'>S.</span> <span class='ocrx_word' id='word_1_31' title='bbox 712 666 783 737; x_wconf 90' lang='lat' dir='ltr'>C.</span> <span class='ocrx_word' id='word_1_32' title='bbox 828 665 1036 739; x_wconf 90' lang='lat' dir='ltr'>Conc.</span> <span class='ocrx_word' id='word_1_33' title='bbox 1081 669 1154 738; x_wconf 89' lang='lat' dir='ltr'>in</span> <span class='ocrx_word' id='word_1_34' title='bbox 1201 670 1815 760; x_wconf 77' lang='lat' dir='ltr'>Carpenctoraten.</span> <span class='ocrx_word' id='word_1_35' title='bbox 1865 672 1979 742; x_wconf 88' lang='lat'>15.</span> <span class='ocrx_word' id='word_1_36' title='bbox 2023 667 2218 760; x_wconf 84' lang='lat' dir='ltr'><strong>Sept.</strong></span> <span class='ocrx_word' id='word_1_37' title='bbox 2268 672 2478 742; x_wconf 85' lang='lat'><strong>1781.</strong></span> <span class='ocrx_word' id='word_1_38' title='bbox 2535 672 2630 743; x_wconf 87' lang='lat' dir='ltr'>ad</span> <span class='ocrx_word' id='word_1_39' title='bbox 2664 670 2735 745; x_wconf 84' lang='lat'>3.</span> <span class='ocrx_word' id='word_1_40' title='bbox 2780 673 2904 745; x_wconf 88' lang='lat' dir='ltr'>de·</span> 
     </span>
     <span class='ocr_line' id='line_1_5' title="bbox 235 777 2899 873; baseline 0.002 -24"><span class='ocrx_word' id='word_1_41' title='bbox 235 777 498 865; x_wconf 78' lang='lat' dir='ltr'>finivit,</span> <span class='ocrx_word' id='word_1_42' title='bbox 556 777 950 849; x_wconf 81' lang='lat' dir='ltr'>custodiam</span> <span class='ocrx_word' id='word_1_43' title='bbox 1005 779 1324 853; x_wconf 89' lang='lat' dir='ltr'>codicum</span> <span class='ocrx_word' id='word_1_44' title='bbox 1379 799 1504 852; x_wconf 86' lang='lat' dir='ltr'>seu</span> <span class='ocrx_word' id='word_1_45' title='bbox 1556 781 1896 853; x_wconf 92' lang='lat' dir='ltr'>librorum</span> <span class='ocrx_word' id='word_1_46' title='bbox 1950 782 2460 873; x_wconf 67' lang='lat' dir='ltr'>parochialium</span> <span class='ocrx_word' id='word_1_47' title='bbox 2514 782 2610 854; x_wconf 89' lang='lat' dir='ltr'>ita</span> <span class='ocrx_word' id='word_1_48' title='bbox 2664 784 2899 873; x_wconf 90' lang='lat' dir='ltr'>priva-</span> 
     </span>
     <span class='ocr_line' id='line_1_6' title="bbox 230 888 2901 980; baseline 0.002 -21"><span class='ocrx_word' id='word_1_49' title='bbox 230 888 375 960; x_wconf 86' lang='lat' dir='ltr'>tive</span> <span class='ocrx_word' id='word_1_50' title='bbox 428 895 755 979; x_wconf 89' lang='lat' dir='ltr'>spectare</span> <span class='ocrx_word' id='word_1_51' title='bbox 793 888 885 960; x_wconf 90' lang='lat' dir='ltr'>ad</span> <span class='ocrx_word' id='word_1_52' title='bbox 939 894 1221 961; x_wconf 86' lang='lat' dir='ltr'>curatos</span> <span class='ocrx_word' id='word_1_53' title='bbox 1272 909 1401 963; x_wconf 89' lang='lat' dir='ltr'>seu</span> <span class='ocrx_word' id='word_1_54' title='bbox 1455 892 1748 964; x_wconf 88' lang='lat' dir='ltr'>vicarios</span> <span class='ocrx_word' id='word_1_55' title='bbox 1800 899 2082 965; x_wconf 89' lang='lat' dir='ltr'>curatos</span> <span class='ocrx_word' id='word_1_56' title='bbox 2117 892 2579 980; x_wconf 82' lang='lat' dir='ltr'>cathedraliS,</span> <span class='ocrx_word' id='word_1_57' title='bbox 2622 894 2901 965; x_wconf 87' lang='lat' dir='ltr'>etiamsi</span> 
     </span>
     <span class='ocr_line' id='line_1_7' title="bbox 233 998 2904 1094; baseline 0.002 -24"><span class='ocrx_word' id='word_1_58' title='bbox 233 999 280 1070; x_wconf 92' lang='lat' dir='ltr'>ii</span> <span class='ocrx_word' id='word_1_59' title='bbox 335 998 430 1070; x_wconf 89' lang='lat' dir='ltr'>ad</span> <span class='ocrx_word' id='word_1_60' title='bbox 484 1004 735 1070; x_wconf 89' lang='lat' dir='ltr'>nutum</span> <span class='ocrx_word' id='word_1_61' title='bbox 792 1003 1095 1072; x_wconf 85' lang='lat' dir='ltr'>amoveri</span> <span class='ocrx_word' id='word_1_62' title='bbox 1153 1009 1442 1093; x_wconf 88' lang='lat' dir='ltr'>possent</span> <span class='ocrx_word' id='word_1_63' title='bbox 1496 1024 1537 1074; x_wconf 88' lang='lat' dir='ltr'>a</span> <span class='ocrx_word' id='word_1_64' title='bbox 1588 1001 1938 1094; x_wconf 80' lang='lat' dir='ltr'>CapitulO,</span> <span class='ocrx_word' id='word_1_65' title='bbox 1996 1005 2110 1076; x_wconf 91' lang='lat' dir='ltr'>cui</span> <span class='ocrx_word' id='word_1_66' title='bbox 2165 1004 2351 1075; x_wconf 87' lang='lat' dir='ltr'>inest</span> <span class='ocrx_word' id='word_1_67' title='bbox 2402 1008 2572 1074; x_wconf 76' lang='lat' dir='ltr'>cura</span> <span class='ocrx_word' id='word_1_68' title='bbox 2625 1005 2904 1076; x_wconf 90' lang='lat' dir='ltr'>anima·</span> 
     </span>
     <span class='ocr_line' id='line_1_8' title="bbox 237 1109 2899 1203; baseline 0.004 -24"><span class='ocrx_word' id='word_1_69' title='bbox 237 1128 396 1180; x_wconf 89' lang='lat' dir='ltr'>rum</span> <span class='ocrx_word' id='word_1_70' title='bbox 464 1109 727 1182; x_wconf 91' lang='lat' dir='ltr'>nedum</span> <span class='ocrx_word' id='word_1_71' title='bbox 795 1110 1185 1183; x_wconf 83' lang='lat' dir='ltr'>habitualis</span> <span class='ocrx_word' id='word_1_72' title='bbox 1253 1115 1379 1186; x_wconf 90' lang='lat' dir='ltr'>sed</span> <span class='ocrx_word' id='word_1_73' title='bbox 1430 1116 1645 1186; x_wconf 89' lang='lat' dir='ltr'>etiam</span> <span class='ocrx_word' id='word_1_74' title='bbox 1716 1116 2059 1203; x_wconf 88' lang='lat' dir='ltr'>actualis,</span> <span class='ocrx_word' id='word_1_75' title='bbox 2118 1120 2196 1186; x_wconf 91' lang='lat' dir='ltr'>ut</span> <span class='ocrx_word' id='word_1_76' title='bbox 2248 1114 2460 1187; x_wconf 90' lang='lat' dir='ltr'>iidem</span> <span class='ocrx_word' id='word_1_77' title='bbox 2536 1114 2698 1186; x_wconf 87' lang='lat' dir='ltr'>libri</span> <span class='ocrx_word' id='word_1_78' title='bbox 2769 1134 2899 1189; x_wconf 90' lang='lat' dir='ltr'>nec</span> 
     </span>
     <span class='ocr_line' id='line_1_9' title="bbox 234 1219 2896 1317; baseline 0.003 -27"><span class='ocrx_word' id='word_1_79' title='bbox 234 1221 455 1291; x_wconf 89' lang='lat' dir='ltr'>etiam</span> <span class='ocrx_word' id='word_1_80' title='bbox 510 1219 958 1293; x_wconf 89' lang='lat' dir='ltr'>custodiendi</span> <span class='ocrx_word' id='word_1_81' title='bbox 997 1232 1234 1296; x_wconf 83' lang='lat' dir='ltr'><strong>essent</strong></span> <span class='ocrx_word' id='word_1_82' title='bbox 1284 1226 1418 1298; x_wconf 89' lang='lat' dir='ltr'>sub</span> <span class='ocrx_word' id='word_1_83' title='bbox 1456 1225 1722 1317; x_wconf 82' lang='lat' dir='ltr'>duplici</span> <span class='ocrx_word' id='word_1_84' title='bbox 1775 1225 1983 1314; x_wconf 90' lang='lat' dir='ltr'>clavi,</span> <span class='ocrx_word' id='word_1_85' title='bbox 2026 1244 2328 1315; x_wconf 88' lang='lat' dir='ltr'>quarum</span> <span class='ocrx_word' id='word_1_86' title='bbox 2367 1226 2612 1297; x_wconf 86' lang='lat' dir='ltr'>altera.</span> <span class='ocrx_word' id='word_1_87' title='bbox 2642 1225 2896 1297; x_wconf 91' lang='lat' dir='ltr'>saltem</span> 
     </span>
     <span class='ocr_line' id='line_1_10' title="bbox 233 1330 2895 1427; baseline 0.001 -24"><span class='ocrx_word' id='word_1_88' title='bbox 233 1333 668 1405; x_wconf 83' lang='lat' dir='ltr'>retineretur</span> <span class='ocrx_word' id='word_1_89' title='bbox 719 1353 759 1403; x_wconf 90' lang='lat' dir='ltr'>a</span> <span class='ocrx_word' id='word_1_90' title='bbox 812 1330 1177 1424; x_wconf 87' lang='lat' dir='ltr'>Capitulo;</span> <span class='ocrx_word' id='word_1_91' title='bbox 1254 1355 1395 1407; x_wconf 88' lang='lat' dir='ltr'>una</span> <span class='ocrx_word' id='word_1_92' title='bbox 1450 1338 1640 1409; x_wconf 89' lang='lat' dir='ltr'>enim</span> <span class='ocrx_word' id='word_1_93' title='bbox 1710 1337 2177 1427; x_wconf 87' lang='lat' dir='ltr'>parochorum</span> <span class='ocrx_word' id='word_1_94' title='bbox 2249 1337 2466 1409; x_wconf 87' lang='lat' dir='ltr'>clavis</span> <span class='ocrx_word' id='word_1_95' title='bbox 2533 1338 2708 1409; x_wconf 89' lang='lat' dir='ltr'>satis</span> <span class='ocrx_word' id='word_1_96' title='bbox 2761 1345 2895 1410; x_wconf 89' lang='lat' dir='ltr'>est.</span> 
     </span>
    </p>

    <p class='ocr_par' dir='ltr' id='par_1_4' title="bbox 228 1442 2904 2430">
     <span class='ocr_line' id='line_1_11' title="bbox 380 1442 2902 1539; baseline 0.001 -23"><span class='ocrx_word' id='word_1_97' title='bbox 380 1445 557 1516; x_wconf 88' lang='grc'><strong>244.</strong></span> <span class='ocrx_word' id='word_1_98' title='bbox 602 1442 869 1518; x_wconf 88' lang='lat' dir='ltr'>Eadem</span> <span class='ocrx_word' id='word_1_99' title='bbox 923 1444 994 1518; x_wconf 93' lang='lat' dir='ltr'>S.</span> <span class='ocrx_word' id='word_1_100' title='bbox 1038 1446 1254 1539; x_wconf 82' lang='lat' dir='ltr'>Cong.</span> <span class='ocrx_word' id='word_1_101' title='bbox 1301 1450 1373 1519; x_wconf 88' lang='lat' dir='ltr'>in</span> <span class='ocrx_word' id='word_1_102' title='bbox 1410 1449 1753 1521; x_wconf 82' lang='lat' dir='ltr'>Andrien.</span> <span class='ocrx_word' id='word_1_103' title='bbox 1803 1450 1916 1521; x_wconf 89' lang='lat'>15.</span> <span class='ocrx_word' id='word_1_104' title='bbox 1960 1446 2361 1539; x_wconf 87' lang='lat' dir='ltr'>Septembr.</span> <span class='ocrx_word' id='word_1_105' title='bbox 2412 1449 2657 1536; x_wconf 90' lang='grc'><strong>1770.,</strong></span> <span class='ocrx_word' id='word_1_106' title='bbox 2710 1456 2902 1538; x_wconf 90' lang='lat' dir='ltr'>post-</span> 
     </span>
     <span class='ocr_line' id='line_1_12' title="bbox 235 1555 2904 1648; baseline 0.001 -20"><span class='ocrx_word' id='word_1_107' title='bbox 235 1574 456 1647; x_wconf 89' lang='lat' dir='ltr'>quam</span> <span class='ocrx_word' id='word_1_108' title='bbox 510 1556 898 1628; x_wconf 86' lang='lat' dir='ltr'>declaravit</span> <span class='ocrx_word' id='word_1_109' title='bbox 951 1557 1067 1629; x_wconf 90' lang='lat' dir='ltr'>die</span> <span class='ocrx_word' id='word_1_110' title='bbox 1134 1559 1248 1631; x_wconf 89' lang='grc'>10.</span> <span class='ocrx_word' id='word_1_111' title='bbox 1290 1557 1500 1631; x_wconf 88' lang='lat' dir='ltr'>Febr.</span> <span class='ocrx_word' id='word_1_112' title='bbox 1548 1561 1794 1648; x_wconf 64' lang='lat'><strong>1759„</strong></span> <span class='ocrx_word' id='word_1_113' title='bbox 1854 1559 2335 1631; x_wconf 86' lang='lat' dir='ltr'>cathedralem</span> <span class='ocrx_word' id='word_1_114' title='bbox 2400 1559 2708 1632; x_wconf 86' lang='lat' dir='ltr'>civitatis</span> <span class='ocrx_word' id='word_1_115' title='bbox 2766 1555 2904 1631; x_wconf 79' lang='lat' dir='ltr'>An-</span> 
     </span>
     <span class='ocr_line' id='line_1_13' title="bbox 231 1668 2904 1762; baseline 0.001 -23"><span class='ocrx_word' id='word_1_116' title='bbox 231 1669 434 1740; x_wconf 90' lang='lat' dir='ltr'>driae</span> <span class='ocrx_word' id='word_1_117' title='bbox 488 1668 774 1739; x_wconf 90' lang='lat' dir='ltr'>unicam</span> <span class='ocrx_word' id='word_1_118' title='bbox 831 1687 984 1741; x_wconf 88' lang='lat' dir='ltr'>esse</span> <span class='ocrx_word' id='word_1_119' title='bbox 1044 1671 1522 1762; x_wconf 84' lang='lat' dir='ltr'>parochialem</span> <span class='ocrx_word' id='word_1_120' title='bbox 1584 1672 1803 1743; x_wconf 90' lang='lat' dir='ltr'>totius</span> <span class='ocrx_word' id='word_1_121' title='bbox 1870 1671 2218 1758; x_wconf 84' lang='lat' dir='ltr'>civitatis,</span> <span class='ocrx_word' id='word_1_122' title='bbox 2285 1688 2323 1742; x_wconf 91' lang='lat' dir='ltr'>e</span> <span class='ocrx_word' id='word_1_123' title='bbox 2376 1676 2620 1742; x_wconf 90' lang='lat' dir='ltr'>contra</span> <span class='ocrx_word' id='word_1_124' title='bbox 2692 1670 2904 1741; x_wconf 88' lang='lat' dir='ltr'>colle·</span> 
     </span>
     <span class='ocr_line' id='line_1_14' title="bbox 232 1778 2902 1874; baseline 0 -22"><span class='ocrx_word' id='word_1_125' title='bbox 232 1783 504 1874; x_wconf 80' lang='lat' dir='ltr'>giatam</span> <span class='ocrx_word' id='word_1_126' title='bbox 558 1778 628 1850; x_wconf 91' lang='lat' dir='ltr'>S.</span> <span class='ocrx_word' id='word_1_127' title='bbox 671 1778 941 1853; x_wconf 90' lang='lat' dir='ltr'>Nicolai</span> <span class='ocrx_word' id='word_1_128' title='bbox 996 1782 1310 1853; x_wconf 90' lang='lat' dir='ltr'>eiusdem</span> <span class='ocrx_word' id='word_1_129' title='bbox 1365 1782 1495 1854; x_wconf 89' lang='lat' dir='ltr'>loci</span> <span class='ocrx_word' id='word_1_130' title='bbox 1549 1800 1705 1854; x_wconf 90' lang='lat' dir='ltr'>esse</span> <span class='ocrx_word' id='word_1_131' title='bbox 1759 1802 2024 1854; x_wconf 89' lang='lat' dir='ltr'>meram</span> <span class='ocrx_word' id='word_1_132' title='bbox 2079 1783 2584 1854; x_wconf 86' lang='lat' dir='ltr'>coadiutricem</span> <span class='ocrx_word' id='word_1_133' title='bbox 2650 1782 2722 1851; x_wconf 92' lang='lat' dir='ltr'>in</span> <span class='ocrx_word' id='word_1_134' title='bbox 2776 1780 2902 1852; x_wconf 92' lang='lat' dir='ltr'>ad-</span> 
     </span>
     <span class='ocr_line' id='line_1_15' title="bbox 231 1892 2899 1985; baseline -0.001 -21"><span class='ocrx_word' id='word_1_135' title='bbox 231 1894 763 1965; x_wconf 86' lang='lat' dir='ltr'>ministratione</span> <span class='ocrx_word' id='word_1_136' title='bbox 828 1894 1490 1982; x_wconf 89' lang='lat' dir='ltr'>Sacramentorum‚</span> <span class='ocrx_word' id='word_1_137' title='bbox 1549 1896 1827 1965; x_wconf 89' lang='lat' dir='ltr'>etiamsi</span> <span class='ocrx_word' id='word_1_138' title='bbox 1883 1901 2040 1985; x_wconf 90' lang='lat' dir='ltr'>post</span> <span class='ocrx_word' id='word_1_139' title='bbox 2104 1894 2294 1964; x_wconf 88' lang='lat' dir='ltr'>hanc</span> <span class='ocrx_word' id='word_1_140' title='bbox 2345 1892 2899 1964; x_wconf 88' lang='lat' dir='ltr'>declarationem</span> 
     </span>
     <span class='ocr_line' id='line_1_16' title="bbox 232 2003 2901 2097; baseline -0.001 -21"><span class='ocrx_word' id='word_1_141' title='bbox 232 2005 428 2076; x_wconf 88' lang='lat' dir='ltr'>inter</span> <span class='ocrx_word' id='word_1_142' title='bbox 482 2003 829 2093; x_wconf 90' lang='lat' dir='ltr'>parochos</span> <span class='ocrx_word' id='word_1_143' title='bbox 882 2004 1309 2077; x_wconf 89' lang='lat' dir='ltr'>cathedralis</span> <span class='ocrx_word' id='word_1_144' title='bbox 1359 2013 1431 2077; x_wconf 92' lang='lat' dir='ltr'>et</span> <span class='ocrx_word' id='word_1_145' title='bbox 1483 2005 1896 2097; x_wconf 83' lang='lat' dir='ltr'>collegiatae</span> <span class='ocrx_word' id='word_1_146' title='bbox 1935 2005 2212 2077; x_wconf 88' lang='lat' dir='ltr'>actuale</span> <span class='ocrx_word' id='word_1_147' title='bbox 2251 2006 2652 2075; x_wconf 88' lang='lat' dir='ltr'>animarum</span> <span class='ocrx_word' id='word_1_148' title='bbox 2690 2019 2901 2074; x_wconf 88' lang='lat' dir='ltr'>curae</span> 
     </span>
     <span class='ocr_line' id='line_1_17' title="bbox 230 2112 2903 2208; baseline -0.001 -20"><span class='ocrx_word' id='word_1_149' title='bbox 230 2115 687 2202; x_wconf 82' lang='lat' dir='ltr'>exercitium,</span> <span class='ocrx_word' id='word_1_150' title='bbox 723 2116 1109 2191; x_wconf 88' lang='lat' dir='ltr'>mandante</span> <span class='ocrx_word' id='word_1_151' title='bbox 1146 2117 1356 2189; x_wconf 90' lang='lat' dir='ltr'>Sacra</span> <span class='ocrx_word' id='word_1_152' title='bbox 1395 2116 1977 2208; x_wconf 81' lang='lat' dir='ltr'>Congregatione,</span> <span class='ocrx_word' id='word_1_153' title='bbox 2012 2117 2345 2188; x_wconf 86' lang='lat' dir='ltr'>distincte</span> <span class='ocrx_word' id='word_1_154' title='bbox 2383 2115 2687 2186; x_wconf 88' lang='lat' dir='ltr'>divisum</span> <span class='ocrx_word' id='word_1_155' title='bbox 2728 2112 2903 2184; x_wconf 81' lang='lat' dir='ltr'>fuis-</span> 
     </span>
     <span class='ocr_line' id='line_1_18' title="bbox 230 2223 2903 2318; baseline -0.002 -18"><span class='ocrx_word' id='word_1_156' title='bbox 230 2235 375 2315; x_wconf 87' lang='lat' dir='ltr'>set,</span> <span class='ocrx_word' id='word_1_157' title='bbox 417 2228 903 2317; x_wconf 88' lang='lat' dir='ltr'>praescripsit,</span> <span class='ocrx_word' id='word_1_158' title='bbox 944 2227 1161 2299; x_wconf 88' lang='lat' dir='ltr'>libros</span> <span class='ocrx_word' id='word_1_159' title='bbox 1213 2235 1444 2300; x_wconf 84' lang='lat' dir='ltr'>status</span> <span class='ocrx_word' id='word_1_160' title='bbox 1512 2231 1910 2301; x_wconf 90' lang='lat' dir='ltr'>animarum</span> <span class='ocrx_word' id='word_1_161' title='bbox 1965 2227 2287 2318; x_wconf 84' lang='lat' dir='ltr'>quolibet</span> <span class='ocrx_word' id='word_1_162' title='bbox 2354 2243 2544 2296; x_wconf 88' lang='lat' dir='ltr'>anno</span> <span class='ocrx_word' id='word_1_163' title='bbox 2598 2223 2903 2296; x_wconf 76' lang='lat' dir='ltr'>transfe-</span> 
     </span>
     <span class='ocr_line' id='line_1_19' title="bbox 228 2336 2895 2430; baseline -0.003 -20"><span class='ocrx_word' id='word_1_164' title='bbox 228 2337 504 2410; x_wconf 85' lang='lat' dir='ltr'>rendos</span> <span class='ocrx_word' id='word_1_165' title='bbox 558 2336 652 2408; x_wconf 92' lang='lat' dir='ltr'>ad</span> <span class='ocrx_word' id='word_1_166' title='bbox 705 2338 1216 2428; x_wconf 88' lang='lat' dir='ltr'>cathedralem,</span> <span class='ocrx_word' id='word_1_167' title='bbox 1257 2341 1567 2430; x_wconf 88' lang='lat' dir='ltr'>reliquos</span> <span class='ocrx_word' id='word_1_168' title='bbox 1603 2339 2131 2413; x_wconf 77' lang='lat' dir='ltr'>transferendos</span> <span class='ocrx_word' id='word_1_169' title='bbox 2166 2336 2487 2427; x_wconf 89' lang='lat' dir='ltr'>quolibet</span> <span class='ocrx_word' id='word_1_170' title='bbox 2525 2336 2895 2427; x_wconf 80' lang='lat' dir='ltr'>sexennio.</span> 
     </span>
    </p>

    <p class='ocr_par' dir='ltr' id='par_1_5' title="bbox 220 2445 2906 3531">
     <span class='ocr_line' id='line_1_20' title="bbox 383 2445 2896 2547; baseline -0.002 -27"><span class='ocrx_word' id='word_1_171' title='bbox 383 2449 557 2520; x_wconf 86' lang='grc'><strong>245.</strong></span> <span class='ocrx_word' id='word_1_172' title='bbox 600 2446 914 2521; x_wconf 89' lang='lat' dir='ltr'>Barbosa</span> <span class='ocrx_word' id='word_1_173' title='bbox 969 2449 1059 2521; x_wconf 92' lang='lat' dir='ltr'>de</span> <span class='ocrx_word' id='word_1_174' title='bbox 1111 2452 1222 2543; x_wconf 80' lang='lat' dir='ltr'>off.</span> <span class='ocrx_word' id='word_1_175' title='bbox 1266 2459 1333 2524; x_wconf 81' lang='lat' dir='ltr'>et</span> <span class='ocrx_word' id='word_1_176' title='bbox 1375 2457 1521 2543; x_wconf 84' lang='lat' dir='ltr'>pot.</span> <span class='ocrx_word' id='word_1_177' title='bbox 1556 2472 1721 2542; x_wconf 86' lang='lat' dir='ltr'>par.</span> <span class='ocrx_word' id='word_1_178' title='bbox 1775 2472 1851 2547; x_wconf 85' lang='lat' dir='ltr'>p.</span> <span class='ocrx_word' id='word_1_179' title='bbox 1913 2454 1969 2523; x_wconf 93' lang='lat' dir='ltr'>I.</span> <span class='ocrx_word' id='word_1_180' title='bbox 2014 2469 2168 2542; x_wconf 86' lang='lat' dir='ltr'>cap.</span> <span class='ocrx_word' id='word_1_181' title='bbox 2229 2448 2300 2519; x_wconf 85' lang='lat'>7.</span> <span class='ocrx_word' id='word_1_182' title='bbox 2346 2467 2419 2518; x_wconf 80' lang='grc' dir='ltr'>η.</span> <span class='ocrx_word' id='word_1_183' title='bbox 2482 2445 2604 2520; x_wconf 73' lang='lat'>19.</span> <span class='ocrx_word' id='word_1_184' title='bbox 2646 2446 2896 2532; x_wconf 91' lang='lat' dir='ltr'>docet,</span> 
     </span>
     <span class='ocr_line' id='line_1_21' title="bbox 227 2554 2906 2657; baseline -0.003 -23"><span class='ocrx_word' id='word_1_185' title='bbox 227 2561 434 2654; x_wconf 86' lang='lat' dir='ltr'>quod</span> <span class='ocrx_word' id='word_1_186' title='bbox 503 2583 541 2625; x_wconf 59' lang='grc' dir='ltr'>ι</span> <span class='ocrx_word' id='word_1_187' title='bbox 585 2561 934 2651; x_wconf 90' lang='lat' dir='ltr'>parochus</span> <span class='ocrx_word' id='word_1_188' title='bbox 984 2567 1266 2635; x_wconf 85' lang='lat' dir='ltr'>tenetur</span> <span class='ocrx_word' id='word_1_189' title='bbox 1315 2561 1404 2635; x_wconf 90' lang='lat' dir='ltr'>de</span> <span class='ocrx_word' id='word_1_190' title='bbox 1459 2564 1594 2635; x_wconf 91' lang='lat' dir='ltr'>illis</span> <span class='ocrx_word' id='word_1_191' title='bbox 1645 2558 1878 2657; x_wconf 88' lang='lat' dir='ltr'>(libris</span> <span class='ocrx_word' id='word_1_192' title='bbox 1939 2554 2499 2655; x_wconf 85' lang='lat' dir='ltr'>parochialibus)</span> <span class='ocrx_word' id='word_1_193' title='bbox 2555 2557 2734 2629; x_wconf 82' lang='lat' dir='ltr'>fides</span> <span class='ocrx_word' id='word_1_194' title='bbox 2798 2555 2906 2627; x_wconf 82' lang='lat' dir='ltr'>fa-</span> 
     </span>
     <span class='ocr_line' id='line_1_22' title="bbox 229 2669 2900 2768; baseline -0.001 -26"><span class='ocrx_word' id='word_1_195' title='bbox 229 2700 269 2742; x_wconf 76' lang='lat'><strong>»</strong></span> <span class='ocrx_word' id='word_1_196' title='bbox 314 2689 483 2745; x_wconf 88' lang='lat' dir='ltr'>cere</span> <span class='ocrx_word' id='word_1_197' title='bbox 537 2674 1004 2760; x_wconf 75' lang='lat' dir='ltr'>necessariaS,</span> <span class='ocrx_word' id='word_1_198' title='bbox 1045 2681 1117 2746; x_wconf 84' lang='lat' dir='ltr'>et</span> <span class='ocrx_word' id='word_1_199' title='bbox 1150 2682 1381 2768; x_wconf 82' lang='lat' dir='ltr'>potest</span> <span class='ocrx_word' id='word_1_200' title='bbox 1417 2676 1733 2766; x_wconf 89' lang='lat' dir='ltr'>accipere</span> <span class='ocrx_word' id='word_1_201' title='bbox 1772 2694 1896 2767; x_wconf 91' lang='lat' dir='ltr'>pro</span> <span class='ocrx_word' id='word_1_202' title='bbox 1932 2695 2060 2746; x_wconf 90' lang='lat' dir='ltr'>sua</span> <span class='ocrx_word' id='word_1_203' title='bbox 2097 2671 2420 2745; x_wconf 87' lang='lat' dir='ltr'>mercede</span> <span class='ocrx_word' id='word_1_204' title='bbox 2458 2669 2663 2757; x_wconf 90' lang='lat' dir='ltr'>illud,</span> <span class='ocrx_word' id='word_1_205' title='bbox 2707 2669 2900 2758; x_wconf 80' lang='lat' dir='ltr'>quod</span> 
     </span>
     <span class='ocr_line' id='line_1_23' title="bbox 229 2781 2904 2874; baseline -0.001 -22"><span class='ocrx_word' id='word_1_206' title='bbox 229 2812 267 2852; x_wconf 85' lang='lat'><strong>»</strong></span> <span class='ocrx_word' id='word_1_207' title='bbox 312 2785 398 2855; x_wconf 92' lang='lat' dir='ltr'>in</span> <span class='ocrx_word' id='word_1_208' title='bbox 453 2782 605 2855; x_wconf 92' lang='lat' dir='ltr'>loco</span> <span class='ocrx_word' id='word_1_209' title='bbox 656 2785 943 2856; x_wconf 90' lang='lat' dir='ltr'>solitum</span> <span class='ocrx_word' id='word_1_210' title='bbox 995 2791 1104 2857; x_wconf 90' lang='lat' dir='ltr'>est</span> <span class='ocrx_word' id='word_1_211' title='bbox 1153 2787 1352 2874; x_wconf 89' lang='lat' dir='ltr'>dari;</span> <span class='ocrx_word' id='word_1_212' title='bbox 1409 2789 1669 2860; x_wconf 85' lang='lat' dir='ltr'>sivero</span> <span class='ocrx_word' id='word_1_213' title='bbox 1718 2787 2002 2858; x_wconf 89' lang='lat' dir='ltr'>solitum</span> <span class='ocrx_word' id='word_1_214' title='bbox 2039 2787 2134 2857; x_wconf 85' lang='lat' dir='ltr'>sit</span> <span class='ocrx_word' id='word_1_215' title='bbox 2184 2783 2334 2856; x_wconf 86' lang='lat' dir='ltr'>fieri</span> <span class='ocrx_word' id='word_1_216' title='bbox 2393 2783 2642 2874; x_wconf 86' lang='lat' dir='ltr'>gratis,</span> <span class='ocrx_word' id='word_1_217' title='bbox 2687 2781 2904 2871; x_wconf 79' lang='lat' dir='ltr'>gratis</span> 
     </span>
     <span class='ocr_line' id='line_1_24' title="bbox 227 2890 2903 2990; baseline -0.001 -26"><span class='ocrx_word' id='word_1_218' title='bbox 227 2922 267 2964; x_wconf 79' lang='lat'>›</span> <span class='ocrx_word' id='word_1_219' title='bbox 312 2901 394 2969; x_wconf 89' lang='lat' dir='ltr'>et</span> <span class='ocrx_word' id='word_1_220' title='bbox 446 2895 599 2984; x_wconf 88' lang='lat' dir='ltr'>ipse</span> <span class='ocrx_word' id='word_1_221' title='bbox 648 2895 885 2982; x_wconf 80' lang='lat' dir='ltr'>faciet,</span> <span class='ocrx_word' id='word_1_222' title='bbox 929 2898 1096 2985; x_wconf 86' lang='lat' dir='ltr'>quia</span> <span class='ocrx_word' id='word_1_223' title='bbox 1135 2895 1206 2969; x_wconf 92' lang='lat' dir='ltr'>S.</span> <span class='ocrx_word' id='word_1_224' title='bbox 1249 2897 1325 2967; x_wconf 79' lang='lat' dir='ltr'>C.</span> <span class='ocrx_word' id='word_1_225' title='bbox 1367 2896 1605 2990; x_wconf 93' lang='lat' dir='ltr'>Episc.</span> <span class='ocrx_word' id='word_1_226' title='bbox 1648 2905 1718 2970; x_wconf 89' lang='lat' dir='ltr'>et</span> <span class='ocrx_word' id='word_1_227' title='bbox 1755 2896 2009 2989; x_wconf 83' lang='lat' dir='ltr'>Regul.</span> <span class='ocrx_word' id='word_1_228' title='bbox 2061 2895 2411 2987; x_wconf 90' lang='lat' dir='ltr'>Episcopo</span> <span class='ocrx_word' id='word_1_229' title='bbox 2467 2895 2724 2967; x_wconf 84' lang='lat' dir='ltr'>Caven.</span> <span class='ocrx_word' id='word_1_230' title='bbox 2766 2890 2903 2963; x_wconf 91' lang='lat' dir='ltr'>sub</span> 
     </span>
     <span class='ocr_line' id='line_1_25' title="bbox 225 3003 2901 3099; baseline -0.001 -23"><span class='ocrx_word' id='word_1_231' title='bbox 225 3033 266 3076; x_wconf 64' lang='grc' dir='ltr'><strong><em>ι</em></strong></span> <span class='ocrx_word' id='word_1_232' title='bbox 310 3005 438 3078; x_wconf 89' lang='lat' dir='ltr'>die</span> <span class='ocrx_word' id='word_1_233' title='bbox 493 3007 564 3076; x_wconf 87' lang='lat'>3.</span> <span class='ocrx_word' id='word_1_234' title='bbox 626 3003 789 3078; x_wconf 91' lang='lat' dir='ltr'>Iun.</span> <span class='ocrx_word' id='word_1_235' title='bbox 856 3008 1069 3080; x_wconf 86' lang='grc'><strong>1604.</strong></span> <span class='ocrx_word' id='word_1_236' title='bbox 1130 3009 1530 3099; x_wconf 85' lang='lat' dir='ltr'>rescripsit,</span> <span class='ocrx_word' id='word_1_237' title='bbox 1591 3008 1767 3080; x_wconf 89' lang='lat' dir='ltr'>nihil</span> <span class='ocrx_word' id='word_1_238' title='bbox 1822 3028 1947 3099; x_wconf 91' lang='lat' dir='ltr'>pro</span> <span class='ocrx_word' id='word_1_239' title='bbox 2013 3006 2421 3078; x_wconf 88' lang='lat' dir='ltr'>huiusmodi</span> <span class='ocrx_word' id='word_1_240' title='bbox 2474 3004 2614 3075; x_wconf 89' lang='lat' dir='ltr'>fide</span> <span class='ocrx_word' id='word_1_241' title='bbox 2683 3003 2901 3091; x_wconf 90' lang='lat' dir='ltr'>recipi</span> 
     </span>
     <span class='ocr_line' id='line_1_26' title="bbox 223 3112 2902 3209; baseline -0.001 -23"><span class='ocrx_word' id='word_1_242' title='bbox 223 3145 266 3186; x_wconf 81' lang='lat'><strong>»</strong></span> <span class='ocrx_word' id='word_1_243' title='bbox 310 3134 559 3209; x_wconf 89' lang='lat' dir='ltr'>posse,</span> <span class='ocrx_word' id='word_1_244' title='bbox 605 3118 954 3207; x_wconf 77' lang='lat' dir='ltr'>subdeuS,</span> <span class='ocrx_word' id='word_1_245' title='bbox 996 3120 1401 3191; x_wconf 88' lang='lat' dir='ltr'>huiusmodi</span> <span class='ocrx_word' id='word_1_246' title='bbox 1453 3119 1671 3191; x_wconf 90' lang='lat' dir='ltr'>libros</span> <span class='ocrx_word' id='word_1_247' title='bbox 1723 3140 1864 3191; x_wconf 84' lang='lat' dir='ltr'>non</span> <span class='ocrx_word' id='word_1_248' title='bbox 1933 3137 2088 3192; x_wconf 91' lang='lat' dir='ltr'>esse</span> <span class='ocrx_word' id='word_1_249' title='bbox 2140 3135 2267 3207; x_wconf 93' lang='lat' dir='ltr'>per</span> <span class='ocrx_word' id='word_1_250' title='bbox 2330 3113 2761 3205; x_wconf 88' lang='lat' dir='ltr'>Episcopum</span> <span class='ocrx_word' id='word_1_251' title='bbox 2814 3112 2902 3184; x_wconf 88' lang='lat' dir='ltr'>de</span> 
     </span>
     <span class='ocr_line' id='line_1_27' title="bbox 223 3225 2904 3324; baseline -0.001 -26"><span class='ocrx_word' id='word_1_252' title='bbox 223 3258 267 3298; x_wconf 59' lang='grc' dir='ltr'><strong>ι</strong></span> <span class='ocrx_word' id='word_1_253' title='bbox 312 3236 681 3321; x_wconf 88' lang='lat' dir='ltr'>potestate</span> <span class='ocrx_word' id='word_1_254' title='bbox 733 3231 1202 3322; x_wconf 88' lang='lat' dir='ltr'>parochorum</span> <span class='ocrx_word' id='word_1_255' title='bbox 1256 3231 1758 3319; x_wconf 76' lang='lat' dir='ltr'>extrahend05‚</span> <span class='ocrx_word' id='word_1_256' title='bbox 1799 3232 1923 3303; x_wconf 91' lang='lat' dir='ltr'>sed</span> <span class='ocrx_word' id='word_1_257' title='bbox 1959 3247 2181 3324; x_wconf 88' lang='lat' dir='ltr'>penes</span> <span class='ocrx_word' id='word_1_258' title='bbox 2233 3227 2388 3300; x_wconf 85' lang='lat' dir='ltr'>illos</span> <span class='ocrx_word' id='word_1_259' title='bbox 2425 3225 2685 3298; x_wconf 89' lang='lat' dir='ltr'>debere</span> <span class='ocrx_word' id='word_1_260' title='bbox 2736 3243 2904 3298; x_wconf 93' lang='lat' dir='ltr'>con-</span> 
     </span>
     <span class='ocr_line' id='line_1_28' title="bbox 220 3339 2905 3433; baseline -0.001 -21"><span class='ocrx_word' id='word_1_261' title='bbox 220 3372 264 3412; x_wconf 74' lang='lat'><strong>»</strong></span> <span class='ocrx_word' id='word_1_262' title='bbox 310 3345 626 3432; x_wconf 86' lang='lat' dir='ltr'>servari,</span> <span class='ocrx_word' id='word_1_263' title='bbox 669 3345 1050 3417; x_wconf 88' lang='lat' dir='ltr'>dummodo</span> <span class='ocrx_word' id='word_1_264' title='bbox 1099 3351 1369 3433; x_wconf 87' lang='lat' dir='ltr'>tamen,</span> <span class='ocrx_word' id='word_1_265' title='bbox 1409 3346 1468 3415; x_wconf 90' lang='lat' dir='ltr'>si</span> <span class='ocrx_word' id='word_1_266' title='bbox 1506 3345 1981 3416; x_wconf 89' lang='lat' dir='ltr'>necessarium</span> <span class='ocrx_word' id='word_1_267' title='bbox 2035 3343 2273 3428; x_wconf 81' lang='lat' dir='ltr'>fuerit,</span> <span class='ocrx_word' id='word_1_268' title='bbox 2315 3341 2518 3431; x_wconf 91' lang='lat' dir='ltr'>copia</span> <span class='ocrx_word' id='word_1_269' title='bbox 2574 3357 2700 3430; x_wconf 93' lang='lat' dir='ltr'>pro</span> <span class='ocrx_word' id='word_1_270' title='bbox 2752 3339 2905 3410; x_wconf 90' lang='lat' dir='ltr'>illo-</span> 
     </span>
     <span class='ocr_line' id='line_1_29' title="bbox 220 3458 1827 3531; baseline -0.001 -5"><span class='ocrx_word' id='word_1_271' title='bbox 220 3485 265 3526; x_wconf 78' lang='lat'><strong>»</strong></span> <span class='ocrx_word' id='word_1_272' title='bbox 310 3475 485 3531; x_wconf 92' lang='lat' dir='ltr'>rum</span> <span class='ocrx_word' id='word_1_273' title='bbox 540 3458 1077 3529; x_wconf 84' lang='lat' dir='ltr'>conservatione</span> <span class='ocrx_word' id='word_1_274' title='bbox 1129 3458 1362 3530; x_wconf 89' lang='lat' dir='ltr'>detur.</span> <span class='ocrx_word' id='word_1_275' title='bbox 1409 3482 1445 3526; x_wconf 83' lang='lat'><strong>»</strong></span> <span class='ocrx_word' id='word_1_276' title='bbox 1822 3461 1827 3466; x_wconf 60' lang='lat'><strong>⁴</strong></span> 
     </span>
    </p>

    <p class='ocr_par' dir='ltr' id='par_1_6' title="bbox 205 3563 2908 4216">
     <span class='ocr_line' id='line_1_30' title="bbox 386 3563 2908 3656; baseline -0.003 -16"><span class='ocrx_word' id='word_1_277' title='bbox 386 3570 561 3641; x_wconf 88' lang='grc'><strong>246.</strong></span> <span class='ocrx_word' id='word_1_278' title='bbox 604 3566 805 3651; x_wconf 89' lang='lat' dir='ltr'>Quod</span> <span class='ocrx_word' id='word_1_279' title='bbox 858 3588 1021 3642; x_wconf 85' lang='lat' dir='ltr'>vero</span> <span class='ocrx_word' id='word_1_280' title='bbox 1075 3569 1482 3642; x_wconf 89' lang='lat' dir='ltr'>eorumdem</span> <span class='ocrx_word' id='word_1_281' title='bbox 1551 3567 1894 3641; x_wconf 87' lang='lat' dir='ltr'>librorum</span> <span class='ocrx_word' id='word_1_282' title='bbox 1957 3563 2431 3656; x_wconf 84' lang='lat' dir='ltr'>authographi</span> <span class='ocrx_word' id='word_1_283' title='bbox 2492 3580 2713 3654; x_wconf 88' lang='lat' dir='ltr'>penes</span> <span class='ocrx_word' id='word_1_284' title='bbox 2780 3580 2908 3653; x_wconf 89' lang='lat' dir='ltr'>pa-</span> 
     </span>
     <span class='ocr_line' id='line_1_31' title="bbox 212 3674 2904 3766; baseline -0.004 -10"><span class='ocrx_word' id='word_1_285' title='bbox 212 3681 498 3756; x_wconf 88' lang='lat' dir='ltr'>rochos</span> <span class='ocrx_word' id='word_1_286' title='bbox 535 3682 884 3753; x_wconf 87' lang='lat' dir='ltr'>asservari</span> <span class='ocrx_word' id='word_1_287' title='bbox 916 3680 1253 3766; x_wconf 89' lang='lat' dir='ltr'>debeant,</span> <span class='ocrx_word' id='word_1_288' title='bbox 1294 3680 1754 3753; x_wconf 87' lang='lat' dir='ltr'>confirmatur</span> <span class='ocrx_word' id='word_1_289' title='bbox 1780 3698 1865 3751; x_wconf 83' lang='lat' dir='ltr'>ex</span> <span class='ocrx_word' id='word_1_290' title='bbox 1903 3677 2385 3750; x_wconf 88' lang='lat' dir='ltr'>recentissima</span> <span class='ocrx_word' id='word_1_291' title='bbox 2423 3674 2904 3747; x_wconf 89' lang='lat' dir='ltr'>declaratione</span> 
     </span>
     <span class='ocr_line' id='line_1_32' title="bbox 211 3786 2897 3884; baseline -0.004 -17"><span class='ocrx_word' id='word_1_292' title='bbox 211 3793 569 3868; x_wconf 85' lang='lat' dir='ltr'>eiusdem</span> <span class='ocrx_word' id='word_1_293' title='bbox 624 3789 695 3862; x_wconf 93' lang='lat' dir='ltr'>S.</span> <span class='ocrx_word' id='word_1_294' title='bbox 755 3791 827 3863; x_wconf 90' lang='lat' dir='ltr'>C.</span> <span class='ocrx_word' id='word_1_295' title='bbox 887 3790 1125 3882; x_wconf 89' lang='lat' dir='ltr'>Episc.</span> <span class='ocrx_word' id='word_1_296' title='bbox 1185 3797 1255 3864; x_wconf 88' lang='lat' dir='ltr'>et</span> <span class='ocrx_word' id='word_1_297' title='bbox 1305 3788 1562 3884; x_wconf 82' lang='lat' dir='ltr'>Regul.</span> <span class='ocrx_word' id='word_1_298' title='bbox 1622 3794 1693 3863; x_wconf 90' lang='lat' dir='ltr'>in</span> <span class='ocrx_word' id='word_1_299' title='bbox 1748 3791 2120 3884; x_wconf 79' lang='lat' dir='ltr'>Euqubina</span> <span class='ocrx_word' id='word_1_300' title='bbox 2175 3786 2396 3860; x_wconf 88' lang='lat' dir='ltr'>Delet.</span> <span class='ocrx_word' id='word_1_301' title='bbox 2455 3787 2762 3858; x_wconf 90' lang='lat' dir='ltr'>nominis</span> <span class='ocrx_word' id='word_1_302' title='bbox 2826 3787 2897 3856; x_wconf 89' lang='grc'>2.</span> 
     </span>
     <span class='ocr_line' id='line_1_33' title="bbox 210 3898 2903 3998; baseline -0.003 -19"><span class='ocrx_word' id='word_1_303' title='bbox 210 3903 454 3979; x_wconf 76' lang='lat' dir='ltr'>Mart.</span> <span class='ocrx_word' id='word_1_304' title='bbox 509 3900 871 3998; x_wconf 70' lang='lat' dir='ltr'>1860.‚{in</span> <span class='ocrx_word' id='word_1_305' title='bbox 927 3924 1069 3995; x_wconf 88' lang='lat' dir='ltr'>qua</span> <span class='ocrx_word' id='word_1_306' title='bbox 1122 3905 1368 3993; x_wconf 81' lang='lat' dir='ltr'>edixit,</span> <span class='ocrx_word' id='word_1_307' title='bbox 1410 3905 1671 3977; x_wconf 89' lang='lat' dir='ltr'>librum</span> <span class='ocrx_word' id='word_1_308' title='bbox 1721 3903 2220 3996; x_wconf 88' lang='lat' dir='ltr'>baptismalem</span> <span class='ocrx_word' id='word_1_309' title='bbox 2274 3902 2364 3974; x_wconf 92' lang='lat' dir='ltr'>ab</span> <span class='ocrx_word' id='word_1_310' title='bbox 2429 3898 2776 3993; x_wconf 89' lang='lat' dir='ltr'>Episcopo</span> <span class='ocrx_word' id='word_1_311' title='bbox 2829 3901 2903 3970; x_wconf 91' lang='lat' dir='ltr'>in</span> 
     </span>
     <span class='ocr_line' id='line_1_34' title="bbox 205 4011 2906 4107; baseline -0.004 -14"><span class='ocrx_word' id='word_1_312' title='bbox 205 4035 446 4092; x_wconf 83' lang='lat' dir='ltr'>sacra</span> <span class='ocrx_word' id='word_1_313' title='bbox 505 4015 911 4086; x_wconf 87' lang='lat' dir='ltr'>visitatione</span> <span class='ocrx_word' id='word_1_314' title='bbox 964 4020 1382 4105; x_wconf 82' lang='lat' dir='ltr'>extractum,</span> <span class='ocrx_word' id='word_1_315' title='bbox 1441 4023 1512 4088; x_wconf 92' lang='lat' dir='ltr'>et</span> <span class='ocrx_word' id='word_1_316' title='bbox 1561 4016 1653 4087; x_wconf 93' lang='lat' dir='ltr'>ad</span> <span class='ocrx_word' id='word_1_317' title='bbox 1705 4018 1976 4088; x_wconf 90' lang='lat' dir='ltr'>curiam</span> <span class='ocrx_word' id='word_1_318' title='bbox 2042 4020 2479 4107; x_wconf 89' lang='lat' dir='ltr'>asportatum</span> <span class='ocrx_word' id='word_1_319' title='bbox 2545 4011 2906 4104; x_wconf 86' lang='lat' dir='ltr'>quampri-</span> 
     </span>
     <span class='ocr_line' id='line_1_35' title="bbox 209 4126 1608 4216; baseline -0.004 -12"><span class='ocrx_word' id='word_1_320' title='bbox 209 4145 439 4204; x_wconf 88' lang='lat' dir='ltr'>mum</span> <span class='ocrx_word' id='word_1_321' title='bbox 499 4126 805 4216; x_wconf 90' lang='lat' dir='ltr'>parocho</span> <span class='ocrx_word' id='word_1_322' title='bbox 858 4127 1374 4200; x_wconf 85' lang='lat' dir='ltr'>restitueudum</span> <span class='ocrx_word' id='word_1_323' title='bbox 1426 4146 1608 4200; x_wconf 88' lang='lat' dir='ltr'>esse.</span> 
     </span>
    </p>

    <p class='ocr_par' dir='ltr' id='par_1_7' title="bbox 197 4232 2907 4672">
     <span class='ocr_line' id='line_1_36' title="bbox 385 4232 2907 4330; baseline -0.003 -20"><span class='ocrx_word' id='word_1_324' title='bbox 385 4234 480 4310; x_wconf 91' lang='lat' dir='ltr'>In</span> <span class='ocrx_word' id='word_1_325' title='bbox 541 4232 1325 4330; x_wconf 63' lang='lat' dir='ltr'>librisfparochialibus</span> <span class='ocrx_word' id='word_1_326' title='bbox 1366 4238 1518 4310; x_wconf 89' lang='lat' dir='ltr'>fieri</span> <span class='ocrx_word' id='word_1_327' title='bbox 1572 4244 1939 4328; x_wconf 91' lang='lat' dir='ltr'>nequeunt</span> <span class='ocrx_word' id='word_1_328' title='bbox 1974 4237 2495 4324; x_wconf 85' lang='lat' dir='ltr'>adnotationeS,</span> <span class='ocrx_word' id='word_1_329' title='bbox 2538 4234 2649 4306; x_wconf 88' lang='lat' dir='ltr'>vel</span> <span class='ocrx_word' id='word_1_330' title='bbox 2702 4233 2907 4305; x_wconf 90' lang='lat' dir='ltr'>adhi-</span> 
     </span>
     <span class='ocr_line' id='line_1_37' title="bbox 197 4343 2906 4437; baseline -0.005 -9"><span class='ocrx_word' id='word_1_331' title='bbox 197 4352 392 4428; x_wconf 81' lang='lat' dir='ltr'>beri</span> <span class='ocrx_word' id='word_1_332' title='bbox 451 4344 705 4436; x_wconf 87' lang='lat' dir='ltr'>verba,</span> <span class='ocrx_word' id='word_1_333' title='bbox 753 4366 938 4437; x_wconf 87' lang='lat' dir='ltr'>quae</span> <span class='ocrx_word' id='word_1_334' title='bbox 991 4348 1200 4421; x_wconf 89' lang='lat' dir='ltr'>alicui</span> <span class='ocrx_word' id='word_1_335' title='bbox 1252 4349 1579 4422; x_wconf 88' lang='lat' dir='ltr'>iniuriam</span> <span class='ocrx_word' id='word_1_336' title='bbox 1638 4349 1744 4420; x_wconf 85' lang='lat' dir='ltr'>vel</span> <span class='ocrx_word' id='word_1_337' title='bbox 1795 4348 2163 4419; x_wconf 76' lang='lat' dir='ltr'>infamiam</span> <span class='ocrx_word' id='word_1_338' title='bbox 2214 4346 2561 4435; x_wconf 82' lang='lat' dir='ltr'>inferant,</span> <span class='ocrx_word' id='word_1_339' title='bbox 2620 4343 2906 4417; x_wconf 90' lang='lat' dir='ltr'>tametsi</span> 
     </span>
     <span class='ocr_line' id='line_1_38' title="bbox 200 4457 2906 4541; baseline -0.005 0"><span class='ocrx_word' id='word_1_340' title='bbox 200 4464 497 4541; x_wconf 82' lang='lat' dir='ltr'>eadem</span> <span class='ocrx_word' id='word_1_341' title='bbox 558 4459 838 4532; x_wconf 88' lang='lat' dir='ltr'>veritati</span> <span class='ocrx_word' id='word_1_342' title='bbox 894 4459 1329 4533; x_wconf 87' lang='lat' dir='ltr'>niterentur:</span> <span class='ocrx_word' id='word_1_343' title='bbox 1387 4478 1548 4532; x_wconf 90' lang='lat' dir='ltr'>cum</span> <span class='ocrx_word' id='word_1_344' title='bbox 1599 4460 1786 4531; x_wconf 89' lang='lat' dir='ltr'>enim</span> <span class='ocrx_word' id='word_1_345' title='bbox 1840 4461 1913 4531; x_wconf 90' lang='lat' dir='ltr'>in</span> <span class='ocrx_word' id='word_1_346' title='bbox 1966 4460 2313 4534; x_wconf 80' lang='lat' dir='ltr'>Melitensi</span> <span class='ocrx_word' id='word_1_347' title='bbox 2365 4459 2537 4531; x_wconf 90' lang='lat' dir='ltr'>anni</span> <span class='ocrx_word' id='word_1_348' title='bbox 2595 4457 2808 4529; x_wconf 88' lang='grc'><strong>1780.</strong></span> <span class='ocrx_word' id='word_1_349' title='bbox 2864 4475 2906 4527; x_wconf 88' lang='lat' dir='ltr'>a</span> 
     </span>
     <span class='ocr_line' id='line_1_39' title="bbox 207 4566 2902 4672; baseline -0.004 -23"><span class='ocrx_word' id='word_1_350' title='bbox 207 4570 941 4672; x_wconf 54' lang='lat' dir='ltr'>quodamssparocho</span> <span class='ocrx_word' id='word_1_351' title='bbox 991 4571 1066 4643; x_wconf 94' lang='lat' dir='ltr'>in</span> <span class='ocrx_word' id='word_1_352' title='bbox 1116 4570 1302 4643; x_wconf 90' lang='lat' dir='ltr'>hanc</span> <span class='ocrx_word' id='word_1_353' title='bbox 1351 4577 1624 4663; x_wconf 88' lang='lat' dir='ltr'>partem</span> <span class='ocrx_word' id='word_1_354' title='bbox 1676 4577 2042 4665; x_wconf 91' lang='lat' dir='ltr'>peccatum</span> <span class='ocrx_word' id='word_1_355' title='bbox 2095 4570 2372 4661; x_wconf 83' lang='lat' dir='ltr'>fuisset,</span> <span class='ocrx_word' id='word_1_356' title='bbox 2425 4569 2497 4643; x_wconf 96' lang='lat' dir='ltr'>S.</span> <span class='ocrx_word' id='word_1_357' title='bbox 2548 4569 2622 4642; x_wconf 90' lang='lat' dir='ltr'>C.</span> <span class='ocrx_word' id='word_1_358' title='bbox 2664 4566 2902 4663; x_wconf 88' lang='lat' dir='ltr'>Episc.</span> 
     </span>
    </p>
   </div>
   <div class='ocr_carea' id='block_1_3' title="bbox 199 4680 2908 4804">
    <p class='ocr_par' dir='ltr' id='par_1_8' title="bbox 199 4680 2908 4804">
     <span class='ocr_line' id='line_1_40' title="bbox 199 4680 2908 4804; baseline -0.007 -34"><span class='ocrx_word' id='word_1_359' title='bbox 199 4702 306 4770; x_wconf 80' lang='lat' dir='ltr'>et</span> <span class='ocrx_word' id='word_1_360' title='bbox 364 4689 640 4785; x_wconf 81' lang='lat' dir='ltr'>Regul.</span> <span class='ocrx_word' id='word_1_361' title='bbox 683 4692 972 4766; x_wconf 89' lang='lat' dir='ltr'>easdem</span> <span class='ocrx_word' id='word_1_362' title='bbox 1009 4690 1507 4764; x_wconf 87' lang='lat' dir='ltr'>adnotationes</span> <span class='ocrx_word' id='word_1_363' title='bbox 1542 4707 1627 4804; x_wconf 67' lang='lat' dir='ltr'>ac</span> <span class='ocrx_word' id='word_1_364' title='bbox 1664 4687 1882 4764; x_wconf 85' lang='lat' dir='ltr'>verba</span> <span class='ocrx_word' id='word_1_365' title='bbox 1919 4689 2016 4762; x_wconf 89' lang='lat' dir='ltr'>ita</span> <span class='ocrx_word' id='word_1_366' title='bbox 2066 4687 2292 4762; x_wconf 78' lang='lat' dir='ltr'>deleri</span> <span class='ocrx_word' id='word_1_367' title='bbox 2322 4685 2553 4776; x_wconf 87' lang='lat' dir='ltr'>iussit,</span> <span class='ocrx_word' id='word_1_368' title='bbox 2589 4690 2673 4758; x_wconf 90' lang='lat' dir='ltr'>ut</span> <span class='ocrx_word' id='word_1_369' title='bbox 2708 4680 2908 4756; x_wconf 88' lang='lat' dir='ltr'>nulla</span> 
     </span>
    </p>
   </div>
  </div>
 </body>
</html>
