3497 5235
917 233 1034 307 ⁰⁸1²·
1060 234 1103 290 1.
1144 233 1215 290 D·
1257 231 1411 290 atah
1449 229 1710 290 nah-120
1747 232 2023 290 materiali.
2067 234 2119 307 g.
2149 234 2270 289 4-7.
2854 231 2928 293 73

274 395 307 437 ›
344 368 570 459 amplo
624 383 853 439 censu
904 367 1242 460 potiatur,
1301 373 1374 439 et
1426 372 1805 456 postquam
1861 366 2245 438 necessarii
2298 369 2388 439 ad
2442 365 2763 438 eiusdem
2804 367 2927 437 ali-

271 506 304 548 »
343 480 649 551 moniam
703 484 1035 571 sumptus
1088 478 1376 550 deducti
1434 478 1746 566 inerint3
1817 478 2006 566 quod
2059 478 2118 548 si
2171 497 2486 570 congruo
2539 497 2757 551 censu
2809 479 2937 551 de-

272 619 304 660 »
338 596 635 666 stitutus
688 595 809 680 sit,
869 612 909 663 a
963 594 1497 683 reparationum
1549 610 1766 663 onere
1819 599 2194 682 exemptus
2233 591 2429 663 abire
2467 594 2927 683 permittitur.

268 730 303 773 ›
338 702 428 776 Et
477 704 618 776 hac
669 704 960 795 quidem
1015 704 1090 775 in
1140 703 1308 775 sede
1364 723 1506 776 una
1546 721 1706 774 cum
1746 703 2053 792 parocho
2091 704 2321 777 locum
2359 703 2627 776 habere
2665 704 2935 776 debent

270 844 302 883 ι
340 834 483 887 11611
535 817 769 888 solum
800 816 899 904 'ii,
957 816 1082 905 qui
1132 815 1541 906 pensiones,
1597 810 2018 910 (dummodo
2070 815 2205 887 hae
2260 816 2480 888 libere
2527 817 2931 907 assignatae

269 954 302 995 ›
337 947 483 1000 non
539 924 840 1019 fuerint)
892 945 978 999 ex
1031 927 1420 1017 parochiali
1474 926 1639 999 dote
1695 926 2126 1016 percipiunt,
2185 927 2310 998 sed
2347 929 2562 1000 etiam
2602 928 2723 1019 qui
2763 928 2935 1000 sim-

267 1041 547 1131 ›plicia
598 1038 952 1112 beneficia
1004 1038 1079 1109 in
1142 1039 1440 1110 ecclesia
1510 1038 1902 1129 parochiali
1973 1039 2368 1128 possident.
2443 1038 2705 1122 Quinto
2777 1041 2930 1112 loco

266 1177 299 1219 ›
336 1171 524 1223 onus
577 1146 945 1223 reficiendi
998 1149 1406 1241 parochiale
1458 1151 1806 1240 templum
1859 1150 2179 1242 patronis
2231 1152 2653 1243 imponitur,
2710 1154 2768 1223 si
2823 1152 2936 1224 ni-

264 1289 296 1330 >
334 1266 593 1334 mirum
652 1268 1075 1352 patronatus
1129 1262 1283 1333 iura
1320 1263 1628 1334 retinere
1682 1262 1930 1333 velint.
1975 1258 2187 1334 Porro
2223 1265 2540 1355 patronis
2576 1282 2931 1355 congruus

265 1399 299 1440 ›
333 1376 686 1447 terminus
724 1374 1164 1466 praefigitur,
1201 1378 1278 1444 ut
1307 1374 1680 1445 ecclesiam
1715 1382 2080 1464 reparent,
2113 1392 2256 1463 quo
2285 1374 2631 1446 inutiliter
2657 1375 2927 1466 elapso,

267 1488 533 1557 >omni
588 1493 1017 1578 patronatus
1086 1485 1240 1557 iure
1307 1486 1649 1558 cecidisse
1718 1485 2067 1557 declarari
2138 1492 2463 1577 possunt.
2539 1482 2749 1576 (Vide
2801 1483 2935 1559 Be-

261 1599 426 1669 ned.
470 1593 661 1667 XIV.
708 1598 882 1669 [nst.
921 1595 1086 1670 100.
1130 1616 1205 1667 n.
1245 1596 1360 1669 M.
1414 1604 1486 1669 et
1540 1603 1862 1669 recenter
1915 1595 1986 1667 S.
2030 1596 2104 1669 C.
2149 1594 2384 1687 Episc.
2427 1605 2499 1670 et
2551 1597 2806 1691 Regni.
2856 1600 2932 1672 in

262 1710 649 1780 Bononien.
696 1706 949 1779 Reaed.
991 1709 1156 1781 eccl.
1208 1709 1320 1779 15.
1364 1705 1527 1781 Iun.
1578 1706 1857 1804 1855).
1918 1706 2130 1781 Sexto
2168 1711 2320 1783 loco
2358 1712 2449 1784 ad
2493 1713 2930 1784 taxationem

262 1844 299 1888 ›
333 1819 584 1910 populi
637 1818 1161 1891 deveniendum
1201 1812 1336 1908 est,
1378 1821 1586 1890 sicuti
1622 1818 1865 1892 videre
1903 1821 2067 1892 licet
2105 1820 2177 1892 in
2211 1823 2498 1895 [molen.
2536 1824 2721 1896 Rest.
2756 1823 2925 1894 eccl.

267 1956 302 1998 ›
332 1950 502 2023 par.
556 1931 628 2000 6.
675 1928 1040 2020 Septemb.
1100 1933 1357 2020 1⁷83„
1415 1931 1542 2003 ubi
1613 1930 1683 2001 S.
1728 1928 1802 2002 C.
1847 1932 2168 2006 definivit
2241 1935 2333 2006 ad
2402 1936 2926 2025 reparationem

267 2070 299 2110 ι
336 2042 688 2114 ecclesiae
742 2043 966 2114 teneri
1023 2045 1360 2134 populum
1413 2051 1486 2116 et
1540 2044 1988 2134 possidentes
2041 2046 2113 2115 in
2167 2046 2494 2117 districtu
2559 2032 2928 2137 paroeciae

264 2180 297 2222 ›
334 2172 465 2247 per
516 2171 641 2224 aes
693 2160 766 2224 et
818 2154 1102 2241 libram,
1159 2161 1230 2226 et
1283 2155 1689 2227 huiusmodi
1739 2155 2293 2228 declarationem
2333 2156 2778 2228 confirmavit
2813 2157 2931 2229 die

265 2290 298 2331 ιι
342 2267 461 2337 10.
506 2261 666 2335 Ian.
717 2265 928 2336 1784.
987 2262 1328 2355 Exceptio
1380 2267 1497 2354 fit,
1555 2268 1616 2338 si
1693 2268 2064 2356 paroeciae
2143 2268 2417 2339 incolae
2496 2268 2933 2358 pauperrimi

266 2401 301 2443 ›
338 2378 531 2459 sint3
606 2382 782 2447 tunc
830 2376 1020 2447 enim
1085 2376 1272 2467 adigi
1332 2384 1727 2466 nequeunt.
1797 2374 2110 2468 Septimo
2164 2378 2316 2450 loco
2377 2381 2436 2450 si
2502 2379 2932 2483 parochialis

267 2512 302 2554 ›
340 2488 640 2559 ecclesia
698 2504 916 2558 censu
968 2488 1188 2559 divite
1240 2487 1565 2578 praedita
1617 2491 1735 2573 sit,
1796 2489 1970 2576 quin
2016 2489 2307 2580 parochi
2349 2486 2619 2563 reditus
2657 2509 2929 2580 nequa-

264 2625 300 2665 »
337 2619 557 2689 quarn
610 2597 1170 2690 distinguantur,
1227 2617 1486 2673 census
1537 2600 1837 2672 huiusce
1891 2609 2164 2691 partem
2218 2602 2581 2676 alienandi
2628 2601 2932 2675 facultas

266 2735 302 2778 ›
341 2711 686 2802 postulari
745 2713 1028 2802 poterit,
1084 2712 1175 2783 ad
1230 2731 1469 2784 sacras
1516 2712 1730 2784 aedes
1769 2714 2234 2805 reparandas,
2275 2715 2382 2786 vel
2423 2735 2464 2786 a
2503 2714 2936 2787 fundamen-

267 2846 303 2889 »
340 2825 435 2894 tis
483 2822 985 2894 exstruendas.
1027 2849 1064 2891 »

407 2934 523 3006 49.
574 2957 611 3000 <
653 2933 945 3006 Praeter
996 2935 1174 3008 11666
1227 2936 1365 3006 6116
1420 2939 1631 3008 etiam
1679 2945 2076 3031 suppetunt
2111 2944 2310 3010 extra
2348 2935 2666 3009 ordinem
2704 2953 2931 3007 reme·-

265 3071 302 3112 ›
336 3046 495 3132 dia,
555 3064 690 3137 ope
745 3044 817 3116 S.
861 3043 1442 3138 congregationis
1494 3048 1916 3136 obtinenda,
1975 3049 2306 3121 videlicet
2367 3047 2928 3137 capellaniarum

269 3181 306 3224 »
342 3158 744 3249 suspensio,
777 3164 858 3228 ut
892 3158 965 3228 in
1005 3159 1378 3232 Tiburtina
1413 3161 1756 3250 Suspens.
1793 3180 1951 3251 cap.
1987 3159 2102 3231 17.
2135 3157 2343 3229 Febr.
2385 3160 2631 3240 1816..
2672 3175 2930 3230 census

272 3270 698 3360 »impositio
775 3287 991 3359 super
1067 3270 1274 3343 bonis
1352 3273 1692 3345 ecclesiae
1724 3326 1743 3360 ,
1812 3271 1884 3344 S.
1936 3271 2008 3343 C.
2067 3273 2140 3343 in
2179 3271 2601 3365 Foroliviefln.
2651 3271 2764 3341 13.
2812 3266 2934 3339 Iu·
3025 3264 3030 3268 ’

268 3404 305 3447 ›
351 3381 438 3452 nii
478 3381 693 3451 1789.
739 3381 831 3451 ad
874 3383 940 3451 1.
983 3382 1194 3472 dub.,
1238 3404 1320 3456 ac
1357 3388 1573 3456 etiam
1609 3380 1983 3455 Missarum
2022 3381 2341 3455 reductio
2377 3383 2450 3453 in
2499 3381 2922 3454 Veliternen.

266 3515 306 3558 ι
353 3481 543 3583 S‘usp.
580 3493 784 3567 Mass.
831 3493 946 3563 18.
991 3492 1187 3585 Sept.
1237 3496 1469 3567 1790.-
1492 3495 1585 3566 ad
1627 3496 1690 3565 1.
1735 3494 1913 3568 dub.
1959 3519 2027 3564 ».
2089 3491 2189 3565 De
2227 3494 2675 3582 quaestione,
2718 3510 2811 3563 an
2846 3491 2933 3561 li·

268 3608 420 3674 ceat
464 3603 540 3673 in
593 3621 740 3675 una
791 3605 1190 3695 eademque
1241 3607 1536 3678 ecclesia
1613 3608 1920 3678 retinere
1992 3607 2173 3677 duas
2244 3606 2646 3677 animarum
2723 3621 2931 3675 curas

268 3713 443 3785 inter
488 3733 567 3787 se
617 3716 1021 3804 distinctas,
1080 3718 1242 3789 vide
1296 3719 1590 3789 Romen.
1639 3718 2089 3789 Parochialis
2143 3734 2271 3809 per
2323 3714 2592 3787 Summ.
2640 3732 2929 3805 precum

272 3821 389 3894 22.
422 3821 606 3898 Iunii
652 3828 868 3899 1850.

406 3938 518 4010 50.
560 3934 759 4020 Quae
814 3957 975 4011 vero
1029 3939 1116 4011 de
1170 3941 1511 4013 ecclesiae
1566 3941 2019 4032 reparatione
2073 3939 2348 4011 sancita
2400 3945 2596 4025 sunt,
2641 3955 2934 4028 repara-

276 4047 439 4120 tioni
486 4052 702 4121 etiam
756 4052 1009 4122 domus
1062 4051 1493 4142 parochialis
1544 4053 1874 4125 similiter
1927 4049 2527 4134 accomodantur,
2585 4049 2935 4137 quemad·

278 4159 540 4231 modum
594 4161 928 4253 pluribus
979 4164 1310 4234 adductis
1361 4165 1812 4253 superiorum
1862 4170 2264 4252 temporum
2319 4159 2932 4232 declarationibus

279 4270 509 4343 eadem
561 4272 637 4345 S.
689 4271 766 4345 C.
828 4273 1273 4345 confirmavit
1325 4276 1396 4345 in
1451 4275 1667 4345 citata
1727 4274 2107 4364 spoletana
2166 4273 2280 4342 18.
2324 4268 2659 4342 Decemb.
2711 4272 2925 4342 1847.

284 4375 618 4474 Proposito
671 4386 869 4459 enim
923 4385 1186 4456 dubio:
1266 4408 1301 4450 ‹
1365 4384 1465 4455 An
1535 4391 1606 4457 ct
1669 4385 1783 4456 cui
1845 4390 2200 4474 competat
2271 4400 2452 4453 onus
2504 4382 2930 4455 reficiendae

290 4515 319 4557 >
352 4494 589 4570 domus
627 4496 1063 4589 parochialis
1116 4495 1189 4569 S.
1222 4494 1492 4570 Mariae
1540 4496 1674 4569 loci
1727 4494 1978 4568 Sillani
2015 4497 2090 4566 in
2125 4514 2298 4568 casu
2328 4489 2402 4563 »ἓ
2455 4493 2528 4566 8.
2568 4492 2642 4567 C.
2682 4495 2936 4567 rescri-

293 4626 318 4670 »
344 4610 513 4699 psit:
576 4633 617 4679 ει
655 4608 1094 4681 Affirmative
1128 4609 1418 4701 populo,
1461 4608 1648 4680 facta
1684 4608 2050 4680 taxatione
2084 4625 2211 4700 per
2247 4610 2923 4681 communitatem.»
