3497 5235
640 291 757 356 346
1385 301 1756 360 lum-notionis
1799 303 1854 360 S.
1883 303 2066 376 Oongr.
2099 304 2245 362 Gono.
2286 305 2558 378 expositio.

794 431 978 524 144»
1015 428 1356 513 Quamvis
1408 440 1645 505 autem
1703 436 2112 507 sanctiones
2168 437 2577 526 praedictae
2628 435 2875 526 Synodi
2915 435 3234 510 Romanae

644 544 783 615 vim
837 544 1201 635 obligandi
1257 565 1399 617 non
1453 556 1788 621 exserant
1838 557 2038 623 extra
2075 548 2511 638 Campanam
2549 555 2619 620 et
2656 547 2963 620 Pisanam
2996 552 3235 641 provin-

641 657 850 745 ciam,
910 658 1375 729 nibilominus
1423 678 1608 748 quae
1661 661 1796 732 boc
1848 669 2104 750 quarto
2139 668 2211 732 et
2247 662 2502 750 quinto
2555 661 2782 752 capite
2816 662 2988 732 tituli
3024 663 3087 731 2.
3124 661 3237 731 dis·

640 771 869 859 posita
907 777 1101 856 sunt,
1153 771 1245 841 ad
1298 773 1533 842 omnia
1579 775 1795 845 totius
1831 773 2158 845 catholici
2200 773 2391 844 orbis
2426 771 2749 865 Capitula
2787 773 3231 844 extenduntur.

646 880 757 953 Ait
791 884 980 954 enim
1035 885 1183 975 ipse
1238 880 1557 956 Pontifex
1596 905 1678 956 eo
1716 888 1869 978 ipso
1908 887 2102 957 loco:
2168 909 2204 952 ‹
2235 883 2386 958 Hoc
2423 886 3074 957 interim-decretum
3108 902 3235 954 cum

641 1015 680 1059 7>
719 995 1203 1085 praecedenti,
1250 1001 1324 1066 ut
1363 1003 1762 1068 ceterarum
1798 998 2252 1069 ecclesiarum
2291 997 2636 1089 Capitulis
2671 1005 2743 1069 et
2777 996 3076 1089 Collegiis
3104 1015 3239 1069 con-

644 1131 679 1172 »
721 1105 1064 1193 sulamus,
1124 1107 1212 1176 ad
1267 1105 1852 1198 Metropolitanos
1894 1129 2140 1181 omnes
2179 1117 2378 1181 extra
2433 1111 2622 1181 hanc
2659 1110 3004 1202 Synodum
3038 1116 3240 1179 exten-

643 1242 680 1282 »
721 1218 997 1304 dimus,
1057 1219 1178 1308 qui
1254 1221 1477 1309 primo
1532 1221 1607 1291 in
1659 1240 1903 1293 eorum
1957 1220 2263 1293 Concilio
2330 1222 2662 1313 providas
2725 1225 2911 1313 ipsas
2959 1228 3021 1292 et
3068 1221 3239 1310 plane

643 1354 678 1395 »
722 1331 1161 1401 necessarias
1210 1331 1552 1422 praefatis
1604 1351 1820 1424 super
1875 1334 2266 1406 condendis
2302 1336 2591 1406 statutis
2630 1335 3020 1406 sanctiones
3052 1331 3242 1423 publi·

641 1464 678 1509 >
721 1460 881 1514 care
938 1442 1418 1528 meminerint,
1461 1453 1530 1516 et
1584 1447 2110 1517 exsecutionem
2166 1446 2414 1518 sedulo
2466 1465 2976 1537 promovere.»
3027 1442 3101 1514 In
3132 1460 3240 1531 quo

631 1552 972 1625 ‘Summus
1027 1554 1143 1625 ille
1195 1552 1520 1626 Pontifex
1574 1574 1726 1626 sese
1783 1557 2081 1648 obsequi
2148 1558 2509 1649 professus
2571 1566 2681 1630 est
2753 1559 2964 1629 menti
3010 1557 3109 1628 sui
3151 1554 3244 1625 de-

638 1668 936 1737 cessoris
986 1685 1047 1736 s,
1090 1685 1186 1735 m.
1245 1665 1626 1738 Clementis
1679 1664 1840 1757 XL,
1884 1672 2005 1759 qui
2044 1671 2310 1742 similes
2348 1690 2386 1740 a
2424 1689 2499 1740 se
2536 1671 2769 1742 editas
2805 1669 3243 1759 dispositiones

637 1779 712 1849 in
767 1781 990 1869 prima
1046 1785 1116 1850 et
1168 1780 1482 1851 secunda
1540 1778 1824 1868 Synodo
1878 1779 2311 1868 Beneventi,
2390 1783 2593 1854 cuius
2653 1777 3244 1872 Arcbiepiscopatui

636 1891 711 1962 in
767 1889 1162 1962 minoribus
1213 1889 1485 1963 Beued.
1528 1887 1733 1961 XIII.
1794 1894 2248 1982 praefuerat,
2307 1894 2628 1966 laudavit
2706 1900 2778 1964 et
2856 1890 3243 1963 exsecutione

635 2001 999 2074 observari
1056 2002 1314 2073 institit
1367 2004 1516 2074 suis
1571 2004 1991 2094 Apostolicis
2043 2003 2330 2094 Literis,
2390 2026 2571 2095 quas
2628 2008 2814 2098 grati
2866 2004 3072 2075 animi
3118 2017 3245 2090 ergo

638 2115 712 2185 in
768 2113 1167 2205 appendice
1219 2115 1538 2186 eiusdem
1593 2115 1881 2187 Concilii
1940 2119 2253 2208 integras
2307 2117 2549 2189 referri
2603 2120 2856 2189 voluit.

788 2227 954 2296 145.
979 2223 1162 2297 Huic
1190 2226 1700 2298 saluberrimae
1732 2229 2272 2318 praescriptioni
2303 2229 2608 2301 fideliter
2636 2223 3242 2301 inhaerensS.C.(1.

636 2343 914 2432 quoties
970 2337 1115 2435 (ita
1172 2342 1242 2411 in
1298 2338 1447 2411 Fol.
1490 2342 1929 2414 Puteolanue
1981 2343 2235 2414 Servit.
2291 2341 2488 2414 chor.
2530 2344 2651 2413 26.
2693 2335 3243 2413 Februar.1842.

633 2451 708 2548 §-
756 2455 1016 2535 Unam,
1046 2462 1453 2543 postquam,
1477 2455 1845 2525 sanctione
1877 2451 2244 2525 Romanae
2276 2454 2537 2544 Synodi
2568 2453 2909 2543 allegata,
2942 2451 3029 2522 ad
3052 2461 3245 2521 omnes

633 2565 974 2638 ecclesias
1026 2564 1441 2657 productam
1483 2583 1638 2638 eam
1679 2565 1900 2639 fuisse
1938 2566 2566 2654 animadverterat,
2600 2557 3079 2657 prosequitur)
3106 2582 3137 2625 ‹
3163 2576 3251 2630 ca-

639 2703 677 2744 »
718 2678 1053 2768 pitularia
1123 2686 1394 2751 statuta
1448 2679 1727 2749 mendis
1780 2680 2129 2750 scatentia
2185 2678 2709 2769 deprehendit,
2767 2678 2883 2749 vel
2936 2669 3247 2763 abrogavit

640 2814 677 2857 ›
718 2791 1036 2876 omnino,
1096 2791 1207 2862 vel
1263 2808 1505 2862 eorum
1561 2791 2134 2863 reformationem
2178 2792 2377 2862 iuxta
2415 2810 2778 2877 savorum
2818 2804 3149 2861 canonum
3176 2782 3252 2852 le-

636 2926 673 2968 »
717 2920 865 2992 geS,
925 2904 1025 2973 uti
1078 2904 1496 2994 praesertim
1555 2904 1625 2973 in
1684 2903 1972 2975 Valven.
2016 2904 2214 2975 Serv.
2258 2903 2452 2973 chor.
2494 2904 2613 2973 24.
2657 2898 3007 2973 Novemb.
3052 2895 3249 2975 1838„

635 3039 673 3080 »
716 3031 991 3085 necnon
1045 3032 1130 3086 ea
1182 3016 1429 3086 confici
1485 3015 1716 3099 iussit,
1758 3013 1818 3085 si
1856 3015 2054 3086 nulla
2091 3017 2503 3101 existerent,
2534 3020 2614 3085 ut
2653 3013 2724 3083 in
2759 3013 3012 3084 Alben.
3046 3004 3245 3080 Servit.

634 3148 671 3193 >
713 3125 906 3196 chor.
948 3127 1069 3197 23.
1112 3123 1320 3197 Mart.
1360 3128 1573 3197 1839.
1610 3150 1647 3195 >
1709 3124 2056 3216 Idemque
2093 3129 2452 3218 praestitit
2486 3127 2557 3195 in
2596 3143 2681 3196 ea
2717 3125 2879 3215 ipsa
2911 3118 3254 3195 Puteolana

630 3236 943 3308 resoluta
981 3238 1101 3308 24.
1144 3235 1333 3309 Iunii
1389 3238 1579 3310 illius
1618 3240 1817 3309 anni.
1856 3237 2218 3327 Proposito
2249 3256 2564 3327 namque
2596 3238 2799 3308 tertio
2828 3235 3082 3306 dubio:
3121 3252 3151 3293 ι
3177 3226 3253 3297 An

634 3372 671 3414 ν
713 3355 784 3418 et
839 3349 1191 3436 quomodo
1259 3350 1782 3439 iniungendum
1836 3352 1928 3419 sit
1981 3349 2535 3440 capitularibuS,
2611 3354 2690 3419 ut
2759 3343 3259 3419 constitutiones

634 3483 672 3527 ›
712 3458 851 3531 sibi
903 3461 1287 3532 conficiant
1339 3463 1414 3532 in
1468 3457 1687 3533 casu?
1721 3488 1758 3530 »
1817 3482 2237 3556 responsum
2292 3462 2589 3552 prodiit:
2651 3484 2688 3526 «
2723 3460 3167 3540 Affirmative,
3205 3455 3259 3521 et

634 3597 672 3638 »
712 3570 1115 3663 Capitulum
1155 3574 1487 3646 conficiat
1541 3575 1725 3647 intra
1766 3594 1889 3646 sex
1928 3595 2209 3648 menses
2254 3574 2801 3646 constitutiones
2840 3595 2880 3642 a
2921 3589 3097 3643 novo
3128 3562 3261 3654 Epi-

632 3709 670 3756 »
713 3704 922 3775 scopo
978 3685 1510 3775 approbandas.
1548 3712 1584 3754 »
1642 3685 1977 3768 Quamvis
2031 3696 2266 3760 autem
2307 3684 2676 3757 Valvensis
2712 3685 3013 3756 ecclesia
3040 3677 3261 3752 Roma-

628 3815 765 3868 nae
820 3795 1131 3886 Synodo,
1207 3798 1311 3869 uti
1365 3799 1844 3890 suffraganea,
1902 3798 2161 3886 subsit,
2228 3816 2372 3869 non
2426 3798 2528 3869 ita
2582 3802 2820 3869 tamen
2874 3802 2986 3868 est
3037 3792 3122 3863 de
3172 3804 3260 3859 ec·

627 3910 842 3981 clesia
898 3908 1188 3982 Albensi
1245 3916 1317 3982 et
1366 3907 1790 3983 Puteolana.

778 4023 941 4094 146.
1001 4019 1159 4093 Huc
1211 4023 1513 4110 accedit,
1573 4022 1766 4112 quod
1820 4022 2068 4094 eadem
2123 4020 2194 4092 S.
2230 4019 2304 4091 C.
2364 4041 2450 4093 ex
2505 4021 2861 4092 constanti
2916 4011 3262 4104 disciplina
3388 4042 3389 4117 l

622 4133 698 4205 in
750 4132 884 4204 boc
937 4141 1433 4225 argumentum
1486 4134 1787 4207 sollicite
1841 4153 2046 4206 suam
2084 4134 2552 4206 attentionem
2611 4131 2987 4219 convertit,
3024 4123 3266 4217 quoties
3388 4126 3389 4133 '

621 4246 696 4317 in
750 4248 1242 4336 expendendis
1304 4248 1724 4319 dioeceseon
1799 4245 2267 4318 relationibus
2319 4245 2795 4336 suspicionem
2862 4232 3264 4329 conceperit,

623 4357 815 4445 quod
868 4358 1194 4447 (Iapitula
1231 4359 1868 4430 constitutionibus
1912 4364 2231 4446 careant,
2267 4365 2394 4430 aut
2431 4357 2789 4428 mendosis
2823 4358 3156 4435 utantur,
3184 4341 3272 4414 vel

619 4473 1010 4557 utcumque
1064 4478 1105 4540 a·
1158 4471 1519 4560 praesenti
1572 4469 1952 4559 disciplina
1992 4468 2572 4541 abhorrentibus.
2623 4465 3071 4559 Quapropter
3106 4460 3271 4553 post-

626 4596 841 4667 quam
897 4580 1178 4652 debitas
1230 4581 1366 4652 hac
1418 4598 1634 4673 super
1685 4599 1761 4652 re
1813 4581 2105 4653 notitias
2158 4581 2541 4668 exquisivit
2595 4585 2664 4651 et
2718 4579 3032 4670 recepit,
3098 4568 3271 4643 nullo

625 4687 874 4760 habito
909 4690 1320 4762 discrimine
1357 4693 1846 4779 ecclesiarum,
1881 4710 1972 4762 an
2011 4691 2317 4762 Concilio
2353 4687 2679 4762 Romano
2714 4690 2996 4763 subsint
3036 4696 3268 4764 necne,
