3497 5235
985 329 1105 405 ⁰⁸1¹·
1132 331 1228 390 m.
1267 330 1341 389 Do
1381 330 1516 390 olm
1558 331 1828 390 sumlui.
1869 331 1923 406 ἓ.
1949 333 2000 390 4.
2713 332 2833 396 355

354 485 386 529 »
419 465 480 535 2.
522 461 613 534 An
662 479 784 535 eas
835 463 1225 553 lucrentur,
1283 465 1341 536 si
1395 471 1709 556 tempore
1764 470 2044 539 tantum
2098 465 2497 538 divinorum
2550 466 2817 541 officio-

246 597 276 641 »
301 593 429 646 rum
458 575 796 665 excipiant
831 576 1333 663 confessioneS,
1367 576 1480 649 vel
1515 582 1677 667 post
1714 575 2198 650 confessiones
2234 579 2828 668 supervenientes

244 685 359 756 »in
402 685 666 758 chorum
713 687 1045 779 privatim
1095 688 1396 761 recitent
1448 687 1662 760 horas
1714 688 2095 760 canonicas
2148 687 2223 760 in
2279 683 2504 761 casu?

355 822 385 863 ›
419 799 479 868 3.
519 796 616 869 An
667 805 737 870 et
789 798 1142 889 quomodo
1194 798 1513 889 quotidie
1565 799 2091 890 computandus
2148 799 2243 870 sit
2311 818 2655 872 numerus
2707 801 2834 874 ad-

246 931 274 973 »
303 910 598 981 stantium
646 911 722 982 in
773 910 985 983 choro
1036 912 1127 984 ad
1179 910 1355 1000 hoc,
1426 917 1550 999 ut,
1615 911 1869 984 ceteris
1922 909 2389 1002 absentibuS‚
2467 911 2830 986 sufficiens

242 1042 270 1084 »
301 1019 522 1092 chorali
572 1022 855 1094 servitio
904 1017 1317 1095 habeatur?

349 1155 381 1198 ›
415 1132 474 1202 4.
517 1131 617 1204 An
664 1139 738 1207 et
790 1135 1142 1223 quomodo
1195 1134 1740 1206 confabulantes
1792 1134 1869 1205 in
1919 1133 2132 1205 choro
2183 1137 2505 1224 tempore
2556 1134 2835 1209 divino-

237 1258 421 1312 ›rum
465 1242 845 1317 officiorum
898 1245 1232 1319 amittant
1286 1246 1746 1336 quotidianas
1799 1244 2344 1318 distributiones
2397 1247 2472 1318 in
2527 1242 2751 1319 casu?

345 1375 377 1418 ν
409 1353 473 1423 5.
509 1352 613 1425 An
663 1355 1317 1446 confabulatione3‚
1373 1356 1464 1429 ob
1518 1375 1699 1447 quas
1753 1358 2183 1429 amittuntur
2235 1357 2830 1450 distributiones,

234 1465 582 1538 »constitui
633 1469 910 1559 possint
962 1488 1004 1540 a
1055 1470 1381 1563 pluribus
1430 1470 1670 1560 parvis
1722 1467 2316 1542 collocutionibus
2368 1470 2445 1540 in
2499 1464 2723 1542 casu?

342 1597 375 1639 ›
408 1575 469 1645 6.
510 1575 614 1648 An
664 1577 1119 1672 Praepositus
1170 1578 1243 1652 S.
1293 1578 1626 1653 Antonini
1678 1578 2328 1673 comprehendatur
2397 1581 2584 1653 inter
2654 1583 2835 1654 duos

233 1687 650 1779 ›canonicoS,
711 1692 972 1780 quibus
1023 1693 1448 1783 permissum
1501 1701 1608 1766 est
1663 1688 1955 1785 (nempe
2009 1711 2096 1764 ex
2147 1688 2413 1783 Synodi
2450 1700 2522 1765 et
2560 1694 2839 1784 capitu-

230 1792 391 1865 »lari
422 1798 814 1897 sanctione)
850 1805 1210 1878 celebrare
1246 1812 1564 1898 tempore
1598 1805 2000 1878 divinorum
2038 1804 2431 1877 officiorum
2468 1805 2544 1876 in
2582 1799 2804 1877 casu?

335 1930 367 1973 ι
403 1910 469 1979 7.
512 1910 613 1986 An
666 1916 1032 2006 canonici,
1088 1926 1368 2009 praeter
1420 1919 1600 1991 duos
1650 1919 1794 1990 iam
1847 1918 2342 2005 celebranteS‚
2402 1916 2505 1989 uti
2560 1918 2837 2008 possint

226 2020 467 2093 »sacris
515 2025 838 2099 vestibus
889 2031 1210 2101 canonici
1263 2029 1689 2102 thesaurarii
1751 2028 1844 2101 ad
1896 2047 2177 2101 sacrum
2230 2027 2638 2100 faciendum
2691 2031 2832 2101 sal-

225 2133 398 2199 ›tem
462 2152 502 2204 a
567 2137 686 2209 die
738 2134 1073 2212 Omnium
1124 2137 1547 2214 Sanctorum
1616 2158 1847 2230 usque
1918 2139 2010 2210 ad
2080 2140 2270 2212 diem
2338 2137 2706 2214 Paschatis
2760 2142 2839 2215 in

226 2238 480 2312 tonsu?
519 2271 556 2314 »
615 2245 756 2342 (1).

335 2373 366 2415 ‹
402 2353 470 2425 S.
500 2355 722 2451 Cong.
763 2362 1166 2452 respondit:
1217 2362 1317 2436 Ad
1356 2365 1424 2435 1.
1465 2364 1822 2455 negative.
1866 2361 1973 2435 Ad
2007 2365 2080 2435 2.
2124 2364 2455 2455 negative
2492 2364 2568 2435 in
2603 2366 2833 2436 omni-

218 2458 410 2536 ›bus.
474 2467 574 2543 Ad
629 2475 702 2544 3.
744 2475 1100 2563 provisum
1154 2477 1230 2547 in
1282 2476 1908 2567 praecedentibus,
1973 2481 2042 2548 et
2096 2476 2187 2547 ad
2252 2474 2552 2547 formam
2606 2494 2844 2548 sacro-

216 2595 407 2652 ›rum
456 2602 842 2661 canonum.
901 2587 1009 2661 Ad
1063 2590 1131 2661 4.
1175 2589 1625 2662 affirmative.
1694 2586 1800 2662 Ad
1854 2589 1925 2661 5.
1970 2586 2424 2677 affirmative,
2484 2587 2543 2659 si
2599 2586 2842 2679 plures

212 2689 424 2766 »fiant
471 2698 544 2770 in
599 2686 854 2773 eadem
906 2702 1108 2773 hora.
1173 2701 1274 2772 Ad
1330 2703 1398 2773 6.
1461 2701 1910 2774 affirmative.
1987 2697 2094 2771 Ad
2148 2702 2219 2771 7.
2280 2699 2840 2788 relinquendum

208 2824 236 2866 ²
268 2823 401 2883 csse
451 2813 751 2887 arbitrio
807 2823 878 2888 et
932 2816 1357 2908 prudentiae
1407 2813 1774 2907 Episcopi.
1814 2841 1851 2884 ι»

327 2920 477 2993 167.
535 2924 740 2997 Circa
792 2929 1079 3000 tertium
1133 2928 1433 3000 dubium
1485 2927 1971 3000 adnotabatur
2022 2926 2098 2998 in
2146 2925 2268 2996 fol.
2313 2926 2539 3014 ipsius
2583 2944 2841 2999 causae

205 3024 258 3096 6-
291 3033 490 3108 Mart.
535 3036 758 3111 1847.
814 3038 889 3136 ξ.
935 3040 1104 3113 Post
1137 3041 1336 3122 haec,
1389 3040 1705 3131 regulam
1745 3059 1789 3109 a
1826 3040 1898 3109 S.
1940 3034 2014 3107 C.
2060 3040 2354 3127 servari,
2398 3046 2476 3111 ut
2515 3038 2843 3109 canonici

201 3157 313 3216 uno
357 3153 756 3244 eodemque
808 3163 1125 3247 tempore
1179 3156 1366 3227 ultra
1418 3153 1704 3225 tertiam
1759 3158 2036 3241 partem
2076 3151 2326 3223 abesse
2386 3169 2530 3221 non
2568 3150 2844 3240 possint

198 3251 362 3330 quta
387 3263 952 3339 declarationem
977 3264 1049 3340 S.
1077 3265 1653 3359 Congregationis
1679 3264 1756 3334 in
1786 3264 2266 3335 Interamnen.
2302 3258 2589 3333 21.Iu1.
2621 3261 2837 3333 1640.

190 3367 383 3443 relata
434 3396 475 3447 a
529 3374 928 3451 Monacello
981 3379 1213 3451 Form.
1274 3378 1405 3469 leq.
1464 3378 1577 3448 tit.
1621 3372 1738 3448 43.
1780 3375 1993 3466 form.
2034 3373 2110 3445 2.
2171 3394 2245 3445 η.
2293 3373 2446 3462 65.,
2508 3374 2622 3445 cui
2675 3391 2847 3445 con-

190 3493 366 3558 sonat
415 3492 839 3564 Auoeimana
893 3494 1008 3564 12.
1053 3489 1191 3563 Iul.
1238 3491 1449 3561 1631.
1508 3484 1678 3584 (lib.
1744 3485 1862 3558 14.
1921 3486 2177 3558 decret.
2227 3506 2403 3587 paq.
2448 3481 2665 3581 467.)
2719 3503 2845 3576 per

190 3606 538 3678 extensum
575 3609 803 3679 relata
840 3628 882 3679 a
917 3606 1187 3681 Bened.
1228 3601 1421 3676 XIV.
1464 3604 1642 3675 Inst.
1686 3621 1823 3674 ecc.
1869 3598 2037 3674 407.
2079 3619 2154 3671 n.
2197 3598 2320 3672 34.
2363 3597 2562 3704 Quae
2599 3605 2842 3671 tamen

182 3714 397 3802 regula
455 3719 1065 3792 modificationem
1104 3720 1252 3810 pati
1289 3716 1570 3788 videtur
1604 3732 1688 3785 ex
1725 3714 1866 3785 alia
1903 3712 2391 3786 declaratione
2431 3715 2504 3785 in
2541 3713 2835 3787 Abulen.

182 3826 332 3894 anni
387 3829 613 3901 1581.
674 3825 850 3925 (lib.
894 3830 964 3903 3.
1024 3831 1276 3903 decret.
1328 3847 1498 3921 paq.
1542 3818 1722 3919 79.)
1784 3824 2012 3897 relata
2062 3825 2390 3899 similiter
2444 3825 2535 3897 ab
2590 3826 2842 3898 eodem

177 3924 502 4014 Pontifice
542 3961 746 4014 num.
788 3942 948 4025 35„
986 3961 1170 4033 quae
1207 3942 1308 4014 sic
1358 3959 1434 4011 se
1468 3937 1736 4011 habet:
1800 3961 1837 4002 «
1868 3935 1977 4009 An
2024 3938 2440 4030 dignitateS,
2485 3937 2837 4025 canonici,

179 4066 211 4109 ν
242 4053 697 4142 portionarii,
755 4058 1105 4144 cantores,
1162 4060 1288 4125 aut
1322 4053 1443 4124 alii
1478 4050 1818 4124 officiales
1869 4051 2146 4140 possint
2183 4049 2438 4122 abesse
2475 4070 2516 4122 a
2554 4050 2840 4122 servitio

290 4310 375 4385 (1)
409 4317 506 4368 Ad
550 4316 726 4369 huius
767 4317 848 4367 rei
887 4316 1332 4379 intelligentiam
1360 4315 1591 4366 notatur
1614 4314 1676 4364 in
1701 4314 1840 4366 folio
1878 4312 2125 4364 eiusdem
2162 4311 2565 4361 Placentinae
2597 4310 2667 4362 ad
2695 4311 2842 4363 diem

165 4390 208 4445 6.
244 4397 418 4452 Mart.
460 4400 720 4452 eiusdem
758 4401 894 4451 anni
935 4402 986 4465 ξ.
1028 4401 1264 4465 ultima,
1313 4419 1336 4445 a
1369 4398 1540 4463 quod,
1583 4402 1648 4447 ut
1686 4399 1919 4463 quisque
1960 4398 2148 4463 videt,
2203 4396 2353 4448 haud
2406 4411 2544 4447 usus
2596 4398 2846 4449 vestium

164 4496 188 4523 ι
222 4484 418 4551 cuique
441 4487 778 4553 patentium
805 4485 866 4536 in
891 4486 1272 4551 quaestionem
1300 4484 1614 4547 adducitur,
1641 4482 1735 4533 sed
1762 4482 1909 4533 illud
1936 4497 2070 4532 sane
2094 4483 2403 4547 quaeritur,
2434 4484 2626 4534 utrum
2650 4497 2844 4551 nempe

161 4583 183 4608 a
219 4572 505 4635 canonici,
558 4585 666 4635 quo
701 4574 946 4636 tempore
984 4570 1238 4634 psallunt
1277 4570 1339 4620 in
1376 4568 1557 4634 choro,
1599 4568 1831 4619 valeant
1869 4566 2170 4620 celebrare.
2225 4567 2367 4619 Nam
2408 4582 2545 4619 usus
2585 4568 2850 4622 invalue-

159 4665 183 4694 ι
221 4657 342 4718 rat,
389 4658 458 4705 ut
501 4653 905 4706 thesaurarius
945 4655 1006 4706 in
1043 4653 1318 4706 distincta
1356 4653 1625 4706 sacristia.
1664 4650 2038 4703 sacerdotales
2075 4651 2290 4704 habens
2330 4654 2558 4722 vestes,
2601 4656 2846 4721 tempore

153 4754 178 4784 ι
216 4737 568 4794 divinorum
607 4739 902 4794 officiorum
935 4738 1137 4792 exinde
1175 4737 1246 4791 ad
1284 4739 1514 4792 Missam
1550 4736 1939 4792 celebrandam
1976 4736 2253 4804 prodiret.
2279 4758 2306 4787 n
