3497 5235
995 346 1113 420 οη.
1140 346 1234 403 111.
1273 347 1345 402 Do
1384 345 1517 402 clero
1561 345 1832 403 saecului.
1873 346 1926 418 ἓ.
1956 346 2035 402 13.
2738 344 2854 407 497

215 510 245 549 ›
278 481 492 555 laicali
533 484 818 570 citatus,
852 489 923 554 et
961 483 1034 553 in
1070 482 1594 555 contumaciam
1632 482 2150 557 condemnatus
2189 484 2428 574 fuerit,
2462 487 2519 556 si
2559 486 2849 573 deinde,

213 619 244 661 ›
281 594 467 665 modo
522 613 666 665 non
723 594 795 666 in
852 593 1199 681 fraudem,
1243 600 1684 684 reassumpto
1737 594 1993 666 babitu
2046 602 2117 667 et
2170 604 2460 668 tonsura
2507 599 2852 671 ecclesiae

212 730 243 770 ›
276 705 623 792 inserviat,
665 706 861 776 iuxta
899 706 1263 778 decretum
1300 702 1375 775 S.
1400 702 1688 777 Concilii
1727 725 1885 797 cap.
1914 706 1982 779 6.
2017 708 2194 779 Sess.
2219 707 2342 780 23.
2384 728 2523 780 non
2562 728 2773 800 posse
2811 731 2851 782 a

212 816 492 890 »iudice
549 817 726 888 laico
771 824 1059 907 propter
1096 816 1281 888 idem
1322 816 1658 889 delictum
1697 818 1767 889 in
1810 837 2160 890 carcerem
2202 822 2479 907 coniici,
2523 830 2648 893 aut
2687 841 2852 913 per-

210 954 241 996 »
273 930 600 1001 sonaliter
648 929 1004 1020 distringi.
1061 925 1259 1001 Idem
1314 930 1682 1020 respondit
1733 931 1808 1001 in
1847 931 2134 1003 Nullius
2193 933 2308 1003 19.
2356 931 2518 1005 Dec.
2559 933 2772 1006 1596.
2805 960 2844 1002 v

216 1074 225 1083 ·
332 1040 497 1112 437.
546 1037 848 1123 Quando
902 1059 1062 1113 vero
1101 1043 1172 1112 in
1211 1039 1532 1113 fraudem
1571 1040 1896 1113 habitum
1933 1045 2277 1114 reassumi
2317 1051 2843 1134 praesumatur,

205 1152 396 1224 allata
450 1156 871 1226 auctoritate
933 1150 1256 1241 Fagnani
1309 1159 1380 1225 et
1448 1153 2004 1225 resolutionibus
2074 1154 2146 1225 S.
2206 1152 2462 1246 Congr.
2519 1153 2843 1242 Concilii‚

203 1264 508 1355 designat
560 1272 631 1337 et
685 1265 993 1355 explicat
1043 1261 1312 1335 Bened.
1361 1259 1546 1335 XIV.
1593 1264 1725 1335 loc.
1767 1264 1922 1349 cit.,
1989 1283 2201 1354 quem
2257 1284 2381 1355 pro
2434 1266 2852 1357 opportuni-

199 1381 328 1448 tate
377 1377 745 1448 consulere
799 1377 1041 1448 lectori
1100 1395 1310 1467 grave
1363 1393 1454 1447 ne
1506 1378 1625 1447 sit.
1683 1372 1992 1466 Insuper
2060 1384 2299 1448 monet
2358 1377 2624 1448 ibidem
2699 1376 2853 1447 lau-

198 1486 389 1559 datus
444 1484 793 1575 Pontifex,
835 1488 1025 1577 quod
1079 1489 1138 1559 si
1192 1492 1446 1578 agatur
1509 1493 1788 1559 tantum
1868 1487 2202 1573 civiliter,
2265 1506 2391 1559 seu
2469 1488 2559 1559 ad
2625 1487 2850 1558 solam

194 1617 480 1690 poenam
533 1600 1045 1690 pecuniariam,
1104 1600 1311 1692 longe
1368 1598 1639 1671 facilior
1691 1600 2113 1672 admittatur
2167 1599 2490 1689 probatio
2545 1599 2841 1671 fraudis.

323 1708 514 1784 Haec
565 1717 735 1782 sunt
789 1711 1136 1802 principia
1193 1712 1363 1782 iuris
1399 1712 1821 1783 communis.
1863 1707 2092 1782 Hodie
2129 1718 2372 1782 tamen
2411 1712 2681 1783 attendi
2722 1712 2851 1783 de-

189 1820 351 1894 bent
389 1824 631 1894 literae
671 1826 744 1896 S.
776 1823 850 1896 C.
887 1825 1090 1895 Imm.
1133 1823 1272 1895 diei
1320 1825 1439 1896 20.
1477 1823 1673 1913 Sept.
1716 1825 1928 1894 1860.
1974 1823 2237 1912 quibus
2275 1842 2358 1894 ex
2400 1824 2594 1893 iussu
2649 1843 2708 1894 s.
2746 1843 2841 1894 m.

187 1932 284 2006 Pii
321 1931 597 2004 PP.1x.
632 1935 1071 2007 declaratum
1110 1942 1244 2017 est,
1287 1936 1479 2023 quod
1515 1935 1844 2022 clericus,
1888 1934 2178 2022 quando
2215 1933 2306 2004 ob
2347 1953 2489 2004 non
2527 1942 2848 2006 servatas

186 2045 620 2117 conditiones
667 2045 878 2118 Conc.
920 2042 1110 2117 Trid.
1158 2048 1337 2120 Sess.
1378 2045 1500 2118 23.
1543 2066 1701 2138 cap.
1745 2046 1812 2119 6.
1875 2046 1957 2117 de
2013 2044 2320 2136 Reform.
2384 2045 2508 2115 fori
2565 2047 2852 2136 privile-

187 2157 366 2249 gium
421 2158 708 2244 amittit,
751 2158 900 2249 ipso
950 2159 1134 2238 iure,
1171 2166 1243 2231 et
1278 2159 1426 2249 ipso
1457 2158 1651 2249 facto
1687 2158 2007 2228 amisisse
2043 2164 2448 2245 censeatur,
2491 2165 2561 2229 et
2599 2176 2710 2228 rea
2726 2175 2848 2248 pse

184 2270 460 2340 amittat
511 2278 767 2340 cuncta
822 2270 1190 2361 privilegia
1243 2270 1624 2355 clericalia,
1668 2270 1766 2340 ita
1821 2275 1898 2340 ut
1952 2269 2384 2339 considerari
2439 2287 2523 2339 ac
2556 2270 2851 2342 tractari

178 2378 434 2451 debeat
486 2387 564 2452 ut
616 2398 917 2471 persona
972 2400 1161 2453 mere
1217 2382 1426 2468 laica,
1482 2383 1696 2453 etiam
1769 2382 1842 2450 in
1915 2381 2148 2451 causis
2214 2379 2709 2452 criminalibus
2778 2386 2849 2452 et

174 2490 598 2583 poenalibus
650 2491 1048 2581 effectibuS,
1106 2494 1279 2582 quin
1336 2494 1520 2564 trina
1577 2493 1870 2564 monitio
1923 2492 2033 2564 vel
2097 2492 2476 2582 peculiaris
2528 2493 2851 2565 declara-

175 2602 274 2672 tio
326 2602 415 2674 de
468 2603 603 2675 bac
654 2605 1035 2677 amissione
1089 2606 1517 2696 requiratur.

323 2714 492 2784 438.
538 2738 575 2779 ‹
618 2715 722 2787 Ad
759 2717 829 2787 5.
873 2716 1173 2788 dubium
1212 2714 1342 2811 (ita
1384 2717 1840 2807 prosequitur
1875 2712 2266 2811 Giraldius)
2306 2714 2497 2805 quod
2535 2722 2841 2806 spectat,

170 2849 211 2895 ›
253 2843 349 2894 an
403 2826 669 2899 scilieet
721 2826 1018 2899 clericus
1071 2829 1465 2899 inserviens
1519 2829 1722 2899 alteri
1778 2828 2148 2912 ecclesiae,
2197 2828 2311 2899 cui
2364 2846 2448 2899 ex
2506 2828 2846 2898 mandato

168 2959 210 3003 ›
251 2933 587 3027 Episcopi
641 2956 784 3009 non
839 2937 1050 3010 fuerit
1104 2940 1534 3028 adscriptuS,
1579 2940 1888 3029 gaudeat
1940 2938 2305 3029 privilegio
2376 2936 2535 3024 fori,
2592 2954 2850 3028 oppor-

167 3074 209 3115 ιι
251 3054 508 3119 tunum
564 3049 744 3120 duco
813 3050 1289 3122 transcribere
1367 3052 1863 3122 animadversa
1936 3070 1976 3120 a
2046 3051 2233 3121 dicto
2301 3045 2570 3118 Bened.
2650 3043 2837 3117 xlv.

164 3187 206 3228 ιι
249 3162 389 3231 loc.
431 3162 553 3233 cit.
597 3162 716 3234 lib.
764 3163 927 3235 XII.
971 3183 1126 3253 cap.
1174 3162 1244 3235 6.
1288 3183 1483 3234 num.
1526 3164 1598 3234 5.
1641 3168 1706 3234 et
1743 3162 1852 3234 6..·
1892 3161 2104 3234 Sacra
2147 3160 2411 3251 quippe
2449 3155 2849 3248 Congrega-

161 3299 203 3340 ι»
250 3274 349 3344 tio
388 3271 599 3345 Conc.
652 3275 788 3344 iarn
845 3276 1023 3346 alias
1075 3275 1368 3362 decidit,
1412 3275 1743 3346 clericum
1799 3273 1926 3344 fori
1976 3273 2422 3364 privilegium
2466 3288 2604 3340 non
2641 3272 2851 3342 amit-

158 3409 201 3452 »
250 3391 435 3471 tere,
478 3386 754 3456 etiamsi
810 3386 1147 3460 ecclesiae
1197 3387 1533 3457 inserviat
1571 3387 1725 3457 sine
1765 3385 2101 3457 mandato
2140 3382 2498 3475 Episcopi,
2541 3388 2666 3453 aut
2706 3400 2847 3453 non

155 3521 198 3564 »
245 3496 380 3581 illi,
424 3514 637 3585 quam
692 3494 1089 3587 Episcopus
1141 3498 1572 3588 designavit,
1613 3498 1737 3568 sed
1794 3496 1995 3568 alteri
2050 3496 2436 3566 famuletur
2472 3494 2839 3565 ecclesiae:

152 3633 197 3674 1>
243 3608 584 3695 quamvis
636 3611 825 3679 enim
880 3604 1371 3680 Tridentinum
1429 3608 1753 3693 voluerit,
1795 3625 1956 3678 eum
2003 3609 2343 3678 inservire
2381 3605 2721 3677 ecclesiae
2762 3624 2848 3677 ex

148 3742 197 3784 v
245 3717 593 3788 mandato
650 3715 1006 3811 Episcopi,
1050 3719 1224 3791 baec
1275 3727 1518 3791 tamen
1571 3719 1884 3792 conditio
1938 3718 2265 3789 mandati
2303 3717 2628 3807 Episcopi
2669 3718 2847 3789 adeo

144 3852 193 3894 v
242 3828 429 3898 levis
487 3829 633 3899 visa
688 3837 795 3900 est
849 3828 920 3900 S.
964 3827 1533 3922 Congregationi,
1577 3837 1653 3902 ut
1709 3831 1904 3901 illius
1957 3829 2278 3900 defectus
2333 3847 2475 3898 non
2529 3829 2703 3899 satis
2755 3829 2849 3900 sit

142 3964 193 4006 ν
239 3939 342 4010 ad
401 3940 853 4029 spoliandum
914 3940 1041 4011 fori
1108 3942 1471 4035 privilegio
1532 3942 1864 4013 clericum
1899 3994 1918 4030 ,
1975 3948 2255 4027 cetera,
2324 3958 2511 4029 quae
2573 3941 2848 4028 potiora

141 4074 188 4118 ›
235 4058 450 4137 sunt,
493 4050 582 4121 ab
621 4053 868 4122 eodem
907 4049 1096 4122 Trid.
1131 4049 1341 4125 Conc.
1379 4054 1840 4145 praescripta,
1884 4061 2130 4124 exacte
2166 4052 2707 4140 adimplentem:
2744 4052 2847 4121 uti

134 4187 185 4229 ν
236 4161 493 4232 videre
545 4169 653 4234 est
706 4161 900 4255 apud
952 4160 1368 4255 ‘Fagnanum
1423 4165 1499 4234 in
1558 4165 1725 4255 Cap.
1803 4165 1877 4235 Si
1927 4165 2081 4255 quis
2136 4182 2206 4233 η.
2264 4162 2391 4235 21.
2447 4167 2512 4234 et
2563 4181 2703 4252 seq.
2764 4162 2849 4233 de

132 4298 181 4340 v
227 4272 408 4362 foro
460 4275 897 4364 competenti.
943 4301 979 4342 ι»

307 4381 402 4456 In
457 4390 779 4459 eamdem
836 4389 1263 4460 sententiam
1303 4385 1664 4460 Giraldius
1700 4405 1786 4458 ex
1825 4386 2069 4459 eodem
2108 4382 2380 4457 Bened.
2421 4380 2614 4453 xiv.
2670 4382 2847 4454 alias

121 4497 383 4569 etiam
441 4497 512 4568 S.
556 4496 810 4591 Congr.
855 4501 1375 4572 declarationes
1426 4500 1745 4570 adducit.
1806 4495 1992 4570 lllud
2047 4503 2287 4568 tamen
2343 4497 2689 4567 monitum
2733 4514 2850 4568 re-

121 4609 409 4696 limus,
451 4627 539 4682 ex
591 4610 725 4683 hac
780 4613 1101 4683 doctrina
1158 4630 1301 4682 non
1352 4612 1585 4702 sequi,
1625 4619 1704 4680 ut
1740 4606 2137 4699 Episcopus
2172 4609 2507 4679 clericum
2541 4605 2852 4696 compel-

115 4721 304 4795 lere
368 4730 711 4812 nequeat,
755 4730 833 4794 ut
886 4723 1014 4811 illi,
1071 4725 1184 4794 cui
1255 4725 1705 4814 mancipatus
1776 4721 1939 4811 fuit,
1998 4722 2340 4794 ecclesiae
2408 4719 2846 4792 adamussim

387 4876 576 4930 Lutum,
614 4874 747 4924 Vixit.
775 4873 916 4921 ὅσον.
950 4872 1086 4926 Lim„
1114 4872 1231 4918 edit.
1264 4870 1356 4916 111.
1391 4871 1490 4919 Vol.
1519 4872 1560 4920 1.
2575 4869 2629 4912 82

940 4947 957 4990 Ι
