3497 5235
1049 321 1172 406 0⁸1».
1198 326 1295 390 m.
1334 328 1406 386 Do
1445 323 1580 386 olore
1621 325 1892 385 monteri.
1933 325 1987 399 ἓ.
2013 325 2064 384 0.
2770 321 2886 384 429

248 461 494 554 peditis
545 462 756 549 inest,
798 463 1175 535 exercendi
1227 480 1466 535 curam
1520 463 1919 534 animarum
1970 480 2098 556 per
2149 460 2446 551 seipSOS,
2485 459 2652 532 licet
2685 457 2889 530 adiu-

245 583 455 661 torem
509 573 924 646 adiunctum
979 573 1323 659 habeant,
1363 575 1422 645 si
1476 576 1637 664 quis
1690 572 2237 646 controversiam
2293 571 2433 644 late
2501 577 2891 664 pertracta-

243 694 375 759 tam
430 702 811 777 agnoscere
849 686 1115 777 cuplat,
1159 688 1372 759 adeat
1421 705 1559 758 van
1595 683 1862 779 Espen.
1898 687 2012 758 Ius
2049 685 2216 758 eccl.
2249 704 2373 757 un.
2408 685 2497 757 P.
2533 686 2590 756 Ι.
2625 703 2781 776 cap.
2813 682 2885 754 4.

245 805 300 872 et
346 816 507 889 cap.
549 817 687 893 seq.

382 910 557 981 313.
598 907 1053 982 Curatoribus
1089 909 1517 997 animarum,
1542 916 1624 982 ut
1658 907 1750 979 ab
1788 926 2001 981 onere
2036 907 2496 1001 praedicandi
2534 907 2732 979 verbi
2769 904 2896 979 Dei

247 1040 391 1095 sese
446 1022 787 1108 eximant,
830 1040 974 1094 non
1027 1021 1464 1094 consuetudo
1501 1023 1729 1119 ⁴etiam
1785 1020 2415 1108 immemorabiliS,.
2457 1039 2690 1110 neque
2744 1039 2894 1091 mos

249 1134 635 1208 advocandi
671 1151 796 1227 per
833 1152 1098 1205 annum
1138 1132 1359 1205 divini
1398 1132 1590 1206 verbi
1620 1153 2033 1227 praeconeS,
2058 1153 2294 1223 neque
2321 1135 2618 1224 exiguus
2655 1134 2891 1204 ovium

248 1266 582 1320 numerus
607 1252 842 1338 potest
868 1246 1265 1337 suffragari.
1294 1242 1509 1318 Docet
1536 1248 1724 1318 enim
1756 1265 1840 1318 ex
1869 1244 2137 1318 Bened.
2159 1242 2349 1317 XIV.
2378 1247 2553 1318 Inst.
2578 1245 2743 1317 eccl.
2767 1242 2884 1316 10.

246 1379 315 1432 η.
353 1358 466 1441 3.,
503 1359 577 1430 S.
616 1356 690 1430 C.
732 1357 804 1430 C.
861 1359 936 1430 in
988 1359 1260 1430 Lunen.
1306 1361 1508 1432 Sarz.
1555 1358 1962 1431 Praedicat.
2001 1355 2077 1451 ξ.
2119 1359 2324 1439 Nec„
2361 1357 2551 1447 quod
2602 1356 2896 1448 parochi

250 1495 283 1537 ε
320 1471 412 1543 ab
466 1468 872 1542 huiusmodi
925 1471 1159 1541 oneris
1228 1470 1685 1561 implemento
1743 1488 1820 1541 se
1872 1471 2177 1542 eximere
2230 1476 2298 1541 et
2354 1487 2691 1541 excusare
2744 1488 2890 1541 non

251 1610 284 1651 2
320 1589 649 1674 possunt,
690 1583 798 1653 vel
851 1582 1046 1671 quod
1096 1583 1271 1654 satis
1320 1600 1679 1672 superque
1732 1584 2088 1674 provisum
2126 1583 2217 1653 sit
2253 1600 2379 1673 per
2412 1580 2736 1671 publicos
2773 1598 2902 1651 an-

248 1721 282 1760 »
323 1694 575 1766 nuales
626 1694 1182 1781 concionatoreS,
1224 1695 1333 1766 vel
1373 1695 1693 1782 tandem,
1736 1694 1929 1784 quod
1967 1698 2265 1786 exiguus
2299 1697 2392 1767 sit
2426 1714 2715 1787 suarum
2751 1696 2903 1787 ple-

249 1831 282 1872 »
321 1804 520 1877 bium
574 1823 938 1877 numerus.
986 1829 1023 1874 ›
1079 1801 1227 1877 Ista
1281 1807 1471 1878 enim
1510 1808 1950 1879 consuetudo
1986 1807 2382 1900 corruptela
2419 1815 2553 1894 est,
2612 1826 2694 1879 ac
2745 1825 2906 1898 pro-

247 1919 411 1990 inde
447 1917 858 2005 reiicienda,
900 1913 1113 2011 (Cap.
1154 1918 1284 1990 ult.
1329 1918 1411 1989 de
1451 1918 1686 2000 Gens„
1723 1916 1947 2011 Fagn.
1990 1919 2086 1990 ad
2125 1920 2294 2010 Cap.
2341 1918 2511 1992 Cum
2546 1919 2910 2011 continqat

245 2030 324 2102 de
367 2029 508 2113 sor.
550 2048 771 2120 comp.
814 2050 884 2101 η.
934 2027 1130 2125 n),
1166 2031 1307 2101 imo
1358 2049 1514 2102 eam
1569 2030 1974 2121 reprobavit
2030 2032 2291 2103 nedum
2347 2027 2536 2102 Trid.
2570 2028 2908 2121 Synodus

250 2143 427 2216 S3ss.
468 2142 539 2213 5.
585 2160 740 2232 cap.
779 2140 852 2212 2.
895 2141 978 2213 de
1040 2142 1345 2234 Reform.
1389 2141 1623 2215 verbis
1677 2143 1816 2214 illis
1871 2166 1909 2208 α
1948 2163 2162 2235 neque
2212 2143 2416 2215 huius
2468 2143 2725 2215 decreti
2790 2161 2913 2214 ex-

246 2253 663 2326 secutionem
698 2254 1210 2326 consuetudo...
1245 2255 1578 2345 impedire
1614 2256 1993 2344 valeant»,
2027 2256 2152 2328 sed
2182 2258 2393 2328 etiarn
2427 2252 2673 2328 Innoc.
2699 2252 2903 2327 XIII.

251 2360 322 2437 Is
374 2365 566 2438 enim
620 2366 691 2436 in
729 2362 1024 2438 Constit.
1066 2367 1444 2457 Apostolici
1479 2368 1862 2441 ministerii
1896 2369 2034 2440 diei
2077 2370 2191 2440 13.
2234 2366 2396 2440 Maii
2440 2369 2654 2440 1723.
2695 2387 2908 2462 super

251 2476 722 2549 restauranda
777 2475 1255 2549 ecclesiastica
1308 2479 1686 2571 disciplina
1726 2481 1802 2552 in
1836 2478 2349 2572 Hispaniarum
2384 2483 2650 2571 regnIS,
2692 2500 2908 2571 quam

249 2584 521 2661 Bened.
565 2584 771 2660 XIII.
829 2589 1270 2665 confirmavit
1323 2589 1616 2664 Constit.
1676 2593 1759 2665 In
1812 2612 2130 2683 supremo
2188 2594 2301 2666 13.
2343 2590 2538 2684 Sept.
2585 2593 2797 2665 1724.
2840 2600 2913 2666 et

249 2703 354 2773 uti
411 2701 776 2792 exemplar
830 2702 989 2773 aliis
1039 2700 1409 2794 Episcopis
1457 2687 1899 2794 sequendam
1954 2708 2349 2798 proposuit,
2406 2707 2754 2797 parochos
2805 2724 2914 2778 re-

249 2814 563 2905 darguit,
597 2815 718 2904 qui
756 2813 1011 2887 diebus
1035 2817 1289 2889 saltem
1321 2814 1700 2890 Dominicis
1737 2823 1808 2890 et
1845 2817 2046 2890 festis
2082 2819 2628 2891 solemnioribus
2662 2818 2913 2908 plebes

247 2926 385 2998 sibi
423 2927 838 2999 commissas
872 2927 1311 3001 salutaribus
1348 2929 1583 3004 verbis
1617 2949 1906 3023 pascere
1943 2932 2521 3023 praetermIttunt
2559 2955 2594 2996 «
2629 2930 2912 3022 culpam

251 3062 289 3108 »
329 3039 741 3111 huiusmodi
794 3033 945 3131 (ita
997 3038 1322 3114 Pontifex
1371 3039 1444 3134 ἓ.
1484 3038 1596 3136 9.)
1649 3062 1690 3112 a
1742 3061 1820 3115 se
1873 3043 2144 3115 amoliri
2184 3045 2493 3115 nitentes
2543 3042 2654 3114 vel
2710 3061 2914 3134 prae-

256 3176 292 3220 »
331 3157 536 3225 textu
573 3150 1179 3240 immemorabilis,
1207 3154 1336 3226 sed
1374 3155 1664 3243 quidem
1701 3173 1963 3245 pravae
2000 3155 2562 3245 consuetudinIS,
2595 3154 2706 3226 vel
2744 3155 2914 3243 quia

254 3290 291 3330 ι
329 3263 513 3336 haec
564 3262 656 3334 ab
711 3265 884 3355 ipsis
935 3266 1281 3354 praestari
1333 3283 1625 3338 necesse
1672 3285 1816 3338 non
1853 3269 2204 3357 videatur,
2245 3275 2668 3359 suppetente
2707 3266 2915 3338 nimi-

256 3400 292 3444 »
334 3394 492 3447 rum
530 3375 733 3466 copIa
768 3375 1065 3448 aliorum
1101 3377 1524 3450 habentium
1579 3397 1819 3450 sacras
1854 3381 2228 3452 conciones
2264 3381 2339 3451 in
2375 3379 2534 3451 aliis
2571 3379 2912 3466 ecclesiis,

256 3515 295 3558 ι
338 3490 654 3578 itemque
709 3487 1182 3561 imbuentium
1234 3507 1490 3581 pueros
1540 3492 1895 3581 mysteriis
1948 3491 2117 3565 fidei
2170 3492 2283 3564 vel
2336 3491 2410 3562 in
2462 3491 2748 3577 scholis,
2809 3487 2920 3560 vel

251 3625 293 3667 ι»
341 3601 415 3672 in
469 3601 821 3694 compitis.
878 3597 980 3673 Ne
1033 3604 1276 3692 itaque
1313 3602 1447 3675 sub
1499 3604 1696 3674 inani
1735 3604 2059 3691 istarum,
2100 3604 2547 3694 aliarumque
2582 3601 2921 3674 similium

253 3738 297 3784 ›
340 3713 880 3786 excusationum
933 3722 1309 3805 praetextu
1363 3722 1562 3788 tanta
1611 3715 2042 3790 christianae
2094 3716 2531 3808 reipublicae
2569 3714 2921 3805 pernicies

245 3851 294 3894 2
337 3831 685 3912 struatur,
742 3824 1061 3898 districte
1111 3828 1586 3919 praecipimus
1638 3827 1938 3920 siugulis
1991 3824 2504 3920 Hispaniarum
2558 3825 2921 3917 Archiepi-

237 3967 292 4007 ν
335 3940 574 4031 scopis
628 3944 699 4011 et
750 3935 1151 4031 Episcopis,
1210 3947 1287 4012 ut
1339 3941 1626 4013 omnino
1678 3940 2040 4031 efficiant,
2098 3942 2290 4032 quod
2342 3957 2590 4013 omnes
2642 3940 2735 4026 ii,
2794 3939 2919 4028 qui

233 4078 291 4121 ιι
333 4052 738 4125 animarum
786 4070 1025 4123 curam
1082 4058 1361 4144 gerunt,
1417 4053 1661 4123 munia
1712 4054 2076 4144 praedicta
2130 4071 2255 4144 per
2305 4071 2379 4125 se
2431 4054 2651 4144 ipsoS,
2689 4050 2801 4122 vel
2852 4050 2911 4122 si

228 4163 655 4256 »legitime
722 4164 1042 4256 impediti
1110 4162 1424 4252 fuerint,
1496 4182 1626 4257 per
1676 4164 1852 4236 alios
1920 4165 2213 4237 idoneos
2279 4164 2660 4256 diligenter
2711 4181 2912 4237 exse-

228 4303 283 4347 »
335 4286 683 4370 quantur.
723 4305 759 4348 »
2119 4349 2127 4358 .
2471 4351 2479 4358 .

402 4392 574 4462 314.
633 4388 1007 4482 Perperam
1073 4391 1364 4483 insuper
1414 4408 1455 4460 a
1507 4388 1836 4480 parochis
1904 4388 2330 4463 obiiceretur
2361 4443 2380 4478 ,
2436 4389 2572 4462 hoc
2621 4407 2907 4479 munus,

203 4503 677 4598 praesertim
729 4504 803 4575 in
856 4500 1385 4575 cathedralibus
1452 4496 1824 4591 Episcopis
1893 4501 2350 4591 incumbere,
2407 4503 2730 4593 adeoque
2782 4503 2919 4576 hac

205 4633 347 4689 ex
399 4632 617 4686 causa
670 4615 953 4687 eosdem
988 4612 1335 4709 parochos
1370 4612 1819 4685 immunitate
1863 4613 2325 4704 praedicandi
2364 4616 2697 4708 gaudere.
2737 4611 2918 4688 Nam

193 4725 533 4805 isthaec
609 4728 1087 4826 controversia
1141 4726 1234 4800 ad
1303 4726 1645 4799 trutinam
1712 4731 2041 4801 revocata
2094 4735 2202 4801 est
2251 4747 2293 4802 a
2346 4726 2417 4803 S.
2458 4727 2533 4803 C.
2574 4726 2797 4803 Cone.
2843 4730 2918 4801 in
