3497 5235
935 277 974 308 ο
1012 247 1134 323 Gap.
1157 249 1255 308 111.
1294 248 1368 305 Do
1406 247 1544 306 olore
1584 245 1857 304 unocului.
1896 247 1949 320 g.
1974 247 2021 305 1.
2734 241 2856 306 287

259 387 378 458 litas
414 383 918 471 consideretur,
975 401 1120 455 non
1173 402 1317 454 una
1372 381 1769 470 eademque
1822 382 2002 452 ratio
2055 386 2191 468 est,
2248 399 2435 470 quae
2488 380 2680 471 apud
2732 376 2862 451 Ca-

259 496 425 589 pitula
473 494 774 566 obtinet.
834 493 1017 566 Sunt
1068 494 1259 565 enim
1312 494 1386 564 in
1440 493 1686 584 primis
1742 510 1886 564 non
1940 490 2428 582 infrequentes
2479 490 2856 580 ecclesiae,

258 609 311 679 in
348 608 581 698 quibus
634 607 837 678 nulla
889 611 997 678 est
1047 606 1335 676 omnino
1388 603 1832 696 praebenda,
1873 608 1945 675 et
1997 603 2538 675 distributiones
2589 603 2665 675 in
2717 604 2865 676 sin-

259 720 409 812 gulas
453 718 662 790 boras
713 717 1154 810 singulorum
1209 716 1482 788 dierum
1537 721 1732 787 stant
1784 715 1935 788 loco
1988 714 2469 806 praebendae.

362 832 464 902 29.
521 827 736 914 Hisce
788 831 864 901 in
916 828 1202 901 casibus
1253 827 1512 899 docent
1563 845 1797 899 rerum
1852 826 2356 899 canonicarum
2408 828 2860 918 interpreteS‚

257 942 390 1015 duas
432 941 1020 1014 distributionum
1071 946 1315 1030 partes
1384 939 1840 1030 praebendae
1911 943 2242 1011 naturam
2297 957 2707 1029 assumere,
2766 941 2866 1012 ita

255 1061 314 1126 ut
350 1054 668 1127 absentes
730 1054 1015 1141 tertiam
1068 1058 1352 1124 tantum
1404 1052 1795 1139 amittant3
1850 1047 1958 1143 (S.
2017 1048 2092 1122 C.
2166 1048 2376 1122 Conc.
2434 1052 2509 1121 in
2575 1052 2863 1128 Valven.

253 1168 403 1240 Serv.
440 1167 630 1239 chor.
682 1166 803 1238 24.
846 1161 1192 1237 Novemb.
1243 1165 1456 1235 1838.
1513 1160 1588 1258 ἓ.
1630 1165 1790 1245 Ast,
1843 1163 1968 1234 ubi
2021 1162 2237 1235 iidem
2288 1163 2716 1253 interpretes
2767 1163 2873 1236 al-

253 1274 587 1374 legantur).
621 1275 938 1365 Cumque
976 1277 1051 1347 in
1088 1274 1337 1348 eadem
1368 1294 1583 1347 causa
1619 1274 1799 1346 illud
1833 1275 2068 1365 reipsa
2103 1275 2482 1362 accideret,
2515 1280 2596 1346 ut
2623 1292 2871 1348 omnes

254 1391 703 1462 canonicorum
759 1387 1028 1460 reditus
1080 1406 1119 1460 e
1172 1386 1803 1458 distributionibus
1856 1387 2286 1475 derivarent,
2326 1389 2686 1481 proposito
2739 1388 2873 1460 du-

253 1500 374 1574 bio:
423 1526 461 1568 ‹
499 1498 562 1572 1.
623 1500 729 1572 An
784 1505 853 1572 et
907 1498 1261 1589 quomodo
1325 1499 1791 1571 annuendum
1843 1499 1937 1570 sit
1985 1498 2317 1589 precibus
2369 1500 2872 1574 canonicorum

255 1613 521 1703 »quoad
557 1611 1015 1703 praebendae
1053 1611 1632 1683 constitutionem
1685 1611 1762 1680 in
1817 1609 2041 1683 casu?
2091 1607 2191 1681 II.
2249 1608 2358 1681 An
2393 1617 2465 1683 et
2519 1609 2873 1701 quomodo

254 1746 283 1792 ›
310 1725 475 1796 etad
502 1724 694 1814 quod
725 1730 1005 1814 tempus
1034 1721 1533 1794 concedendae
1562 1722 1709 1793 sint
1743 1724 2151 1795 vacationes
2187 1742 2229 1795 a
2257 1722 2525 1795 chorali
2553 1717 2872 1798 servitio?

254 1832 557 1927 ›(nullas
607 1836 799 1907 enim
851 1833 1226 1907 habebant
1276 1833 1601 1930 omnino)
1654 1832 1727 1905 S.
1785 1832 1860 1906 C.
1929 1835 2348 1928 respondit:
2412 1835 2514 1906 Ad
2567 1836 2874 1926 primum

251 1970 280 2016 ›
310 1950 620 2040 negative
652 2000 671 2036 ‚
729 1954 801 2019 et
849 1944 1248 2038 Episcopus
1300 1952 1498 2018 curet
1550 1945 1916 2018 reformari
1968 1954 2316 2020 statutum
2387 1947 2585 2018 iuxta
2639 1964 2876 2019 sacros

254 2082 283 2126 ›
313 2079 604 2132 canones
656 2061 785 2146 ita,
820 2064 896 2130 ut
949 2059 1131 2129 duas
1182 2075 1268 2129 ex
1322 2056 1551 2129 tribus
1601 2057 1931 2149 partibus
1976 2058 2562 2131 distributionum
2599 2058 2880 2132 lucren-

251 2192 282 2234 ›
312 2177 411 2242 tur
456 2173 656 2243 iuxta
707 2171 882 2241 iuris
916 2170 1453 2260 dispositionem
1505 2170 1581 2256 ii,
1625 2170 1747 2258 qui
1796 2168 2070 2242 tructus
2115 2170 2571 2261 praebendae
2607 2170 2880 2241 faciunt

257 2307 288 2348 ›
320 2301 488 2373 suos,
530 2285 807 2375 integre
859 2301 1024 2355 vero
1075 2283 1475 2373 percipiant
1527 2284 1602 2369 ii,
1655 2283 1780 2373 qui
1833 2300 1920 2354 ex
1973 2284 2144 2355 iuris
2179 2284 2467 2356 fictione
2517 2283 2882 2355 habentur

255 2418 286 2460 ›
317 2398 406 2467 uti
452 2402 869 2487 praesentes
905 2395 997 2465 ad
1034 2392 1416 2464 lucrandas
1469 2394 1682 2465 etiam
1719 2393 2287 2467 distributiones,
2334 2395 2434 2466 Ad
2487 2393 2882 2470 secundum

244 2507 714 2579 ›affirmative
786 2524 916 2598 pro
990 2504 1272 2577 duobus
1344 2504 1711 2577 mensibus
1764 2524 1926 2577 cum
1977 2507 2206 2579 solitis
2275 2506 2640 2595 clausulis,
2697 2505 2883 2578 iacto

248 2643 280 2684 ›
311 2620 509 2692 verbo
562 2638 723 2691 cum
779 2615 1018 2690 SSriio.
1056 2643 1094 2685 ›
1151 2613 1471 2709 Idipsum
1510 2614 1582 2688 S.
1625 2613 1968 2710 congreg.
2009 2620 2153 2689 iam
2206 2619 2608 2691 declaverat
2660 2620 2736 2690 in
2789 2617 2887 2690 11-

241 2729 471 2804 lerden.
529 2731 904 2805 Absentiae
953 2736 1017 2803 et
1068 2730 1347 2802 distrib.
1404 2731 1476 2801 3.
1536 2718 1740 2802 Mart.
1806 2732 2017 2802 1792.

370 2845 480 2915 30.
538 2840 880 2915 Usitatior
933 2847 1172 2914 tamen
1227 2860 1310 2913 ea
1365 2843 1542 2913 ratio
1595 2847 1728 2931 est,
1790 2848 1867 2913 ut
1918 2839 2242 2933 Capitula
2297 2861 2533 2914 arcam
2573 2859 2888 2913 commu-

243 2970 387 3025 nem
434 2953 780 3036 babeant‚
840 2972 1055 3043 quam
1110 2953 1533 3044 plerumque
1588 2972 1897 3026 massam
1948 2961 2240 3042 vocant,
2307 2960 2378 3027 et
2429 2973 2514 3026 ex
2570 2973 2712 3043 qua
2765 2953 2889 3025 de-

245 3073 601 3138 sumuntur
653 3065 1219 3153 distributiones,
1278 3084 1464 3156 quae
1516 3072 1797 3137 servata
1852 3084 2097 3136 norma
2150 3084 2277 3156 pro
2329 3065 2675 3137 varietate
2727 3084 2892 3155 par-

241 3178 405 3249 tium
436 3179 647 3251 officii
685 3179 908 3251 divini
963 3185 1035 3251 et
1070 3178 1343 3249 dierum
1381 3177 1885 3255 solemniorum
1924 3177 2427 3268 praesentibus
2462 3174 2884 3248 obveniunt.

376 3292 485 3361 31.
541 3288 684 3363 Ubi
735 3309 899 3362 vero
953 3290 1358 3361 huiusmodi
1413 3308 1648 3360 massa
1701 3292 2096 3362 communis
2147 3289 2621 3377 desideratur,
2673 3288 2892 3377 idque

237 3398 641 3494 plerumque
692 3403 1042 3493 contingit
1095 3404 1168 3474 in
1247 3402 1386 3472 illis
1451 3399 1846 3495 Capitulis,
1904 3420 2124 3493 penes
2196 3421 2381 3491 quae
2433 3401 2891 3493 praebendae

235 3514 676 3585 canonicales
729 3530 874 3584 non
930 3514 1001 3584 in
1055 3515 1453 3599 communi,
1502 3515 1628 3586 sed
1680 3516 2065 3604 separatim
2116 3515 2441 3606 singulae
2495 3535 2536 3585 a
2589 3512 2893 3605 singulis

237 3621 848 3711 administrantur,
907 3642 990 3695 eo
1044 3643 1214 3695 casu
1268 3624 1854 3698 distributionum
1916 3627 2068 3698 loco
2120 3627 2297 3699 illud
2349 3634 2701 3701 statutum
2755 3631 2890 3713 est,

233 3737 319 3801 ut
364 3742 708 3824 quantum
763 3735 1098 3808 absentes
1151 3738 1239 3809 de
1292 3737 1920 3811 distributionibus
1973 3741 2414 3829 amitterent,
2471 3746 2755 3813 tantum
2808 3736 2897 3810 de

237 3858 364 3912 suo
412 3865 571 3918 aere
624 3848 1060 3936 persolvant,
1107 3849 1298 3937 quod
1336 3850 1519 3921 inter
1570 3859 1984 3939 praesentes
2030 3852 2495 3924 dividendum
2530 3858 2665 3923 est:
2714 3866 2896 3940 quae

232 3959 533 4042 pecunia
589 3958 1013 4031 mulctatitia
1068 3959 1160 4030 ab
1231 3959 1659 4033 absentibus
1725 3964 2086 4054 persoluta
2148 3966 2344 4036 venit
2406 3964 2693 4036 nomine
2745 3962 2901 4035 vul·

232 4068 383 4155 gari
424 4075 1053 4160 punctaturarum.
1870 4084 1875 4089 ·

383 4182 499 4251 32.
555 4180 878 4254 Ceterum
918 4200 1102 4272 quae
1154 4185 1348 4276 leges
1381 4203 1596 4276 super
1631 4186 2258 4259 distributionibus
2294 4186 2565 4276 valent,
2606 4187 2901 4261 eaedem

225 4306 449 4380 super
498 4297 951 4385 punctaturis
1003 4296 1399 4368 servandae
1451 4304 1647 4385 sunt,
1705 4316 1787 4369 oo
1841 4305 2123 4370 tantum
2192 4297 2597 4373 discrimine
2631 4352 2650 4388 ,
2710 4300 2904 4390 quod

229 4399 582 4492 imprimis
619 4406 954 4479 absentes
990 4409 1487 4500 praestitutam
1526 4408 2102 4480 distributionem
2145 4410 2435 4482 minime
2471 4411 2899 4502 percipiant,

231 4509 323 4581 iu
372 4515 607 4589 alteris
660 4521 1008 4609 pecuniae
1046 4521 1183 4590 vim
1239 4521 1467 4592 eidem
1507 4519 1993 4593 distributioni
2038 4522 2592 4613 respondentem
2630 4524 2903 4599 solvere

227 4620 337 4693 de
388 4644 511 4701 suo
544 4636 954 4703 teneantur.
996 4629 1111 4703 Sic
1146 4650 1260 4704 ex.
1296 4652 1400 4724 gr.
1441 4633 1847 4708 obtinentes
1883 4632 2240 4706 indultum
2279 4634 2652 4711 absentiae
2688 4654 2906 4710 causa
