3497 5235
599 301 715 366 314
1348 300 1717 360 humationi·
1757 300 1812 359 Β.
1840 301 2024 377 congr.
2051 299 2197 359 Cone.
2240 300 2510 374 expo-itio.

605 462 644 508 ι
686 437 883 511 tibus
933 434 1283 528 Episcopo
1333 436 1712 509 dioecesim
1765 436 2130 523 visitanti,
2205 437 2315 508 vel
2383 430 2671 505 Missam
2739 433 3092 522 privatam
3145 450 3233 505 ce-

602 575 641 618 »
679 550 1019 622 lebranti.
1064 574 1102 617 ν

740 663 862 733 89.
903 657 989 732 In
1025 663 1374 734 Basanon.
1430 663 1569 735 VV.
1616 663 1743 735 SS.
1778 663 1922 735 LL.
1965 663 2038 733 6.
2072 659 2281 734 Febr.
2316 661 2531 734 1734.
2564 660 2864 733 dubium
2899 657 3236 749 discepta-

596 773 853 845 batur:
900 794 937 839 ‹
984 771 1085 844 An
1121 775 1482 846 canonicis
1517 774 1857 848 ecclesiae
1894 773 2324 845 cathedralis
2370 773 2874 845 assistentibus
2907 767 3233 862 Episcopo

599 911 638 954 ›
675 883 1117 956 Pontificalia
1169 886 1528 957 exercenti
1589 886 1699 957 vel
1761 886 1836 956 in
1895 903 2024 957 suo
2078 884 2371 976 palatio,
2414 884 2529 957 vel
2591 885 2663 956 in
2718 884 2876 955 aliis
2938 881 3235 953 ecclesiis

599 1021 638 1064 ›
676 1013 847 1068 suae
899 995 1242 1068 dioecesis
1293 996 1697 1068 debeantur
1758 998 2409 1069 anniversariorum
2471 997 3002 1082 emolumenta,
3071 1012 3233 1084 quae

597 1131 638 1178 ›
677 1125 764 1179 ex
799 1108 1166 1179 voluntate
1196 1114 1616 1179 testatorum
1653 1107 1983 1180 distribui
2022 1115 2545 1180 consueverunt
2572 1109 2801 1179 solum
2840 1108 3027 1177 inter
3056 1124 3239 1197 prae-

599 1243 636 1287 »
675 1214 955 1291 sentes?
996 1244 1033 1286 »
1073 1226 1146 1291 et
1197 1227 1556 1309 quatenus
1622 1214 2002 1311 Negative:
2048 1244 2086 1287 ‹
2140 1220 2245 1291 An
2312 1221 2406 1293 sit
2458 1217 2973 1291 consulendum
3040 1217 3233 1288 Ssriio

596 1355 635 1398 ›
675 1350 801 1422 pro
855 1333 1308 1404 concessione
1347 1333 1606 1404 indulti
1659 1352 1744 1406 ex
1784 1333 2011 1424 gratia
2065 1335 2136 1404 in
2181 1325 2401 1405 casu?
2441 1356 2479 1399 ν
2520 1350 2938 1423 responsum
2990 1330 3127 1403 fuit
3163 1331 3235 1403 ad

590 1452 1010 1536 utrumque:
1072 1467 1110 1511 ‹
1141 1440 1480 1534 Negative
1513 1469 1584 1515 ν.

734 1558 856 1629 90.
898 1555 1123 1628 Penes
1175 1552 1248 1628 S.
1290 1555 1365 1628 C.
1424 1554 1571 1629 Rit.
1617 1557 1690 1628 in
1745 1556 2127 1630 Ferentino
2177 1560 2249 1628 3.
2306 1553 2501 1648 Sept.
2567 1559 2777 1630 1661.
2844 1552 3128 1651 (relata
3177 1555 3233 1625 in

590 1669 782 1740 Folio
837 1670 1140 1742 Cuneen.
1183 1668 1455 1761 Pontis.
1521 1670 1634 1740 12.
1693 1667 1861 1741 Dec.
1924 1670 2136 1741 1829.
2192 1666 2266 1761 ἓ.
2325 1664 2897 1761 Verumtamen.)
2952 1669 3231 1741 dubium

587 1779 1147 1871 proponebatur.
1193 1801 1231 1844 ‹
1274 1779 1376 1850 An
1439 1777 1837 1871 Episcopus
1885 1782 2108 1873 possit
2161 1781 2582 1871 compellere
2635 1781 3008 1872 parochos,
3069 1778 3230 1875 (qui

589 1915 628 1957 ›
665 1908 924 1981 nempe
978 1891 1266 1962 insimul
1320 1893 1641 1964 canonici
1695 1887 1899 1986 sunt)
1953 1893 2040 1964 ad
2084 1895 2587 1983 praestandam
2641 1894 2780 1964 sibi
2832 1901 3230 1967 consuetam

589 2027 628 2070 ›
667 2004 1150 2076 assistentiam
1222 2005 1292 2075 in
1347 2001 1577 2075 Missis
1646 2023 1729 2075 ac
1780 2002 2111 2095 Vesperis
2180 2001 2761 2096 pontificalibus?
2804 2031 2841 2073 »
2882 2004 3232 2096 respondit

590 2136 628 2179 ι
668 2113 1089 2187 affirmative
1130 2141 1199 2203 »,
1237 2115 1366 2188 sed
1419 2116 1618 2189 addit
1652 2139 1688 2180 «ι
1727 2116 2300 2207 praecavendum
2342 2123 2613 2204 tamen,
2658 2136 2747 2188 ne
2802 2117 2978 2206 quid
3035 2115 3232 2188 detri-

589 2250 628 2293 »
670 2229 891 2299 menti
943 2227 1343 2300 animarum
1383 2229 1669 2300 servitio
1721 2229 2117 2320 contingat,
2162 2246 2301 2318 quo
2336 2235 2653 2319 tempore
2690 2226 3048 2318 parochus
3084 2223 3230 2317 Epi-

587 2358 629 2405 »
666 2355 876 2429 scopo
929 2339 1005 2408 in
1056 2338 1317 2410 divinis
1370 2338 1783 2411 famulatur.
1832 2365 1868 2407 »
1911 2335 1993 2410 In
2047 2340 2369 2413 eamdem
2418 2340 2850 2411 sententiam
2908 2340 2981 2410 in
3036 2335 3226 2409 simili

585 2447 759 2520 casu
811 2450 1176 2538 respondit
1231 2447 1304 2520 S.
1346 2447 1419 2520 C.
1461 2448 1673 2522 Conc.
1717 2452 1789 2521 in
1845 2450 2053 2523 modo
2103 2458 2493 2523 memorata
2551 2451 2854 2523 Cuneen.
2917 2450 3226 2541 Pontific.

584 2565 829 2632 contra
883 2560 1577 2655 archipresbyterum
1629 2569 1700 2636 et
1738 2563 2221 2656 praepositum
2275 2562 2712 2636 cathedralis
2748 2581 2993 2636 curam
3043 2577 3231 2653 paro-

583 2671 883 2745 chialem
935 2672 1309 2749 obeuntes,

727 2785 849 2855 91.
891 2786 1203 2877 Septimo
1241 2787 1391 2859 loco
1434 2807 1493 2860 5.
1541 2808 1634 2859 m.
1676 2784 2003 2860 Clemens
2036 2783 2165 2859 xl.
2208 2787 2606 2878 encyclicas
2641 2784 2919 2861 Literas
2963 2786 3053 2857 ad
3085 2785 3229 2856 uni-

578 2912 820 2967 versos
874 2892 1123 2970 Italiae
1162 2904 1230 2970 et
1279 2899 1670 2971 insularum
1708 2901 2187 2972 adiacentium
2241 2897 2629 2991 Episcopos
2665 2901 2816 2972 dari
2872 2900 3075 2971 iussit
3120 2898 3224 2969 die

584 3005 651 3076 1.
690 3004 1031 3081 Februar.
1082 3009 1294 3082 1700.
1335 3006 1552 3103 (quas
1587 3030 1714 3102 per
1750 3020 2128 3085 extensum
2162 3014 2365 3085 affert
2411 3011 2723 3085 Ferraris
2770 3012 2988 3085 verbo
3026 3014 3222 3084 Exer-

576 3118 750 3189 citia
800 3119 1212 3209 spiritualia
1265 3110 1338 3192 iz.
1379 3117 1521 3216 2.),
1563 3124 1634 3194 in
1684 3124 1947 3215 quibus
1982 3125 2397 3214 declaravit,
2441 3125 3026 3198 distributionum
3074 3140 3217 3215 par-

576 3229 827 3320 ticipes
879 3232 1030 3303 fieri
1086 3233 1244 3304 illos
1297 3237 1702 3325 canonicOS,
1745 3239 1871 3327 qui
1923 3240 2132 3310 certis
2183 3257 2311 3329 per
2361 3258 2630 3310 annum
2686 3237 2945 3310 diebus
2996 3238 3064 3307 in
3113 3252 3223 3305 ae-

575 3342 736 3415 dem
791 3341 1253 3435 Regularium
1291 3349 1664 3436 secedunt,
1708 3357 1787 3422 ut
1838 3352 2331 3442 spiritualibus
2368 3352 2722 3424 exercitiis
2774 3368 3055 3441 operam
3105 3366 3222 3418 na-

573 3462 786 3527 vent:
844 3456 983 3527 illis
1036 3460 1229 3529 enim
1281 3459 1537 3532 diebus
1587 3462 1757 3534 licet
1809 3463 2100 3534 chorum
2152 3483 2295 3535 non
2352 3465 2644 3552 adeant,
2711 3470 2955 3536 tamen
3005 3459 3220 3533 distri-

571 3565 992 3640 butionibus
1041 3589 1129 3642 ex
1204 3568 1568 3644 Pontificis
1631 3574 1820 3646 illius
1880 3576 2248 3666 privilegio
2301 3577 2628 3667 privandi
2690 3594 2834 3646 non
2888 3579 3083 3645 sunt.
3146 3568 3218 3640 At

571 3695 736 3749 vero
787 3678 1111 3754 Pontifex
1149 3683 1235 3753 ad
1279 3683 1685 3758 huiusmodi
1724 3687 2171 3778 privilegium
2223 3688 2735 3778 perfruendum
2777 3686 3038 3757 multas
3071 3700 3220 3754 con-

568 3789 878 3864 ditiones
929 3795 1256 3884 requirit.
1333 3792 1565 3868 Prima
1620 3804 1773 3887 est,
1842 3805 1918 3871 ut
1983 3796 2312 3891 Episcopi
2369 3799 2671 3872 facultas
2724 3799 2796 3870 in
2849 3796 3039 3867 banc
3087 3810 3215 3865 rem

568 3902 768 3992 prius
803 3903 1258 3994 obtineatur3
1316 3908 1606 3998 deinde,
1650 3929 1740 3982 ne
1781 3929 2099 3984 recessus
2149 3911 2560 3983 huiusmodi
2597 3918 2916 4000 tempore
2964 3907 3217 3978 Adven-

567 4018 710 4101 tuS‚
751 4011 1377 4105 Quadragesirnae,
1419 4020 1528 4091 vel
1567 4022 1638 4092 in
1677 4020 1876 4094 festis
1912 4021 2463 4094 solemnioribus
2499 4028 2954 4108 statuantur3
2996 4017 3210 4099 tertio,

566 4144 658 4197 ne
708 4144 959 4200 omnes
1011 4129 1219 4200 simul
1276 4132 1596 4204 canonici
1651 4131 1866 4205 hasce
1919 4135 2469 4209 exercitationes
2540 4132 2982 4225 susc-ipiant3
3038 4126 3220 4202 deni-

567 4255 733 4328 que,
777 4257 868 4310 ne
921 4239 1161 4311 divino
1212 4241 1445 4314 officio
1497 4244 2005 4317 detrimentum
2060 4243 2424 4319 obveniat.

710 4351 833 4421 92.
877 4345 1141 4424 Octavo
1196 4352 1375 4441 locO,
1420 4357 1761 4443 quoniam
1816 4357 2103 4429 Summo
2156 4355 2489 4430 Pontifici
2542 4375 2670 4452 pro
2724 4374 3050 4448 suprema
3103 4366 3217 4422 sua

566 4462 985 4536 auctoritate
1040 4465 1150 4534 ius
1187 4484 1271 4538 ac
1310 4483 1460 4537 mos
1514 4473 1623 4538 est
1659 4468 2050 4558 aliquando
2087 4471 2295 4542 iustis
2344 4469 2436 4542 de
2474 4472 2711 4542 causis
2756 4468 3214 4544 coadiutorem

564 4572 778 4644 alicui
831 4574 1258 4649 beneficiato
1309 4580 1728 4669 concedere,
1794 4581 1965 4653 hinc
2015 4584 2440 4672 coadiutus‚
2508 4583 2672 4656 licet
2726 4584 2878 4674 ipse
2932 4580 3213 4653 chorum

561 4703 711 4757 non
764 4686 1001 4777 adeat,
1045 4688 1317 4762 fructus
1355 4710 1602 4764 omnes
1639 4693 2096 4783 praebendae
2133 4712 2332 4783 suae,
2373 4713 2656 4768 necnon
2693 4691 3214 4767 distributiones
