3497 5235
994 269 1278 328 butruntio
1320 269 1373 327 8.
1403 267 1828 345 congregationi·
1869 269 2094 329 Concilii.
2786 270 2863 332 49

239 405 553 497 regimine
606 403 1107 491 ecclesiarum,
1162 420 1558 494 proponere
1633 402 1968 495 poterunt
2044 422 2202 477 oum
2273 402 2469 477 clara
2545 403 2714 478 facti
2790 411 2863 478 et

240 520 527 589 omnium
581 515 1281 588 circumstantiarum
1349 516 1844 607 expressione,
1900 522 2024 603 et,
2080 523 2434 606 quatenus
2502 516 2861 607 postulata

240 634 536 722 spectent
588 627 681 699 ad
735 628 1020 719 negotia
1072 625 1406 715 forensia,
1462 632 1847 717 exponant,
1904 646 1995 699 an
2048 646 2128 700 ea
2181 631 2324 701 sint
2376 632 2450 701 in
2512 629 2669 699 aliis
2740 630 2866 700 tri·
2995 637 3008 651 ·

241 737 607 811 bunalihus
659 738 1092 827 introducta,
1150 758 1243 812 an
1295 739 1535 812 adsint
1586 756 1801 828 super
1851 740 2103 812 iisdem
2173 741 2470 813 aliorum
2540 739 2867 814 tribuna-

240 852 385 924 lium
438 852 872 939 sententiae,
928 857 1036 936 ut,
1089 850 1419 945 omnibus
1472 858 1746 923 mature
1784 852 2127 941 pensatiS,
2186 852 2405 943 possit
2458 849 2530 922 S.
2564 848 2865 942 Congre-

244 966 403 1056 gatio
457 981 850 1053 congruum
904 961 1359 1052 suppeditare
1410 962 1794 1053 praedictis
1845 961 2222 1053 postulatis
2274 981 2709 1053 responsum.

358 1073 451 1147 Et
502 1074 683 1146 haec
734 1080 930 1161 sunt,
985 1091 1169 1162 quae
1220 1080 1617 1165 opportuna
1662 1074 1811 1145 visa
1850 1072 2161 1161 fuerunt,
2201 1076 2386 1145 utin
2426 1074 2561 1146 hae
2593 1070 2862 1146 Instru-

244 1188 451 1259 ctione
504 1186 939 1257 inserantur.
994 1178 1195 1264 Quod
1245 1185 1305 1255 si
1358 1184 1597 1274 aliqua
1634 1183 1925 1273 fuerint,
1966 1202 2150 1274 quae
2186 1182 2541 1276 Episcopi,
2587 1183 2865 1257 Archie-

242 1297 518 1388 piscopi,
577 1292 922 1367 Primates
971 1302 1041 1366 et
1093 1292 1542 1367 Patriarchae
1594 1313 1718 1386 pro
1770 1315 2059 1368 suarum
2112 1296 2504 1387 indigentia
2537 1298 2867 1369 ecciesia-

242 1425 373 1480 rum
418 1414 645 1496 atque
678 1407 1104 1480 dioecesium
1142 1406 1471 1480 addenda
1507 1409 2092 1498 existimaverint,
2132 1409 2359 1482 sciant
2394 1409 2528 1481 sibi
2566 1409 2866 1481 liberum

244 1539 401 1607 esse,
458 1537 650 1609 quae
703 1520 876 1611 ipsis
925 1518 1258 1591 addenda
1308 1519 1768 1610 videbuntur,
1825 1521 2087 1594 addere
2131 1527 2203 1593 et
2255 1521 2347 1593 ad
2383 1523 2705 1594 notitiam
2742 1518 2868 1592 Sa-

246 1650 384 1704 crae
431 1629 1015 1722 congregationis
1068 1631 1367 1718 deferre,
1424 1650 1609 1722 quae
1643 1651 1731 1706 ex
1766 1633 2135 1705 charitatis
2172 1639 2240 1705 et
2276 1634 2586 1706 iustitiae
2621 1651 2862 1704 norma

245 1762 352 1835 per
397 1761 475 1815 se
527 1743 891 1834 expediet,
947 1760 1133 1832 quae
1182 1746 1467 1835 poterit,
1508 1750 1578 1817 et
1631 1744 1893 1816 maiora
1929 1745 2021 1816 ad
2057 1746 2421 1817 Summum
2456 1742 2864 1816 Pontificem

246 1854 522 1942 deferet,
579 1855 706 1944 qui
741 1852 1109 1927 Fratribus
1142 1856 1291 1927 suis
1324 1852 1718 1948 EpiscopiS,
1759 1863 2111 1946 quantum
2146 1875 2306 1931 cum
2341 1854 2636 1928 Domino
2672 1854 2862 1945 iicet,

250 1965 612 2058 gratificari
661 1983 945 2059 semper
994 1965 1387 2061 exoptabit.

457 4793 630 4850 tumui,
663 4793 797 4842 risa.
825 4792 960 4842 sacr.
997 4795 1131 4850 Lim„
1161 4795 1277 4842 edit.
1314 4795 1401 4851 111,
1438 4794 1536 4843 Vol.
1570 4794 1610 4845 1.
2637 4770 2696 4819 '⁴¹'
