3497 5235
514 285 639 359 oq.
665 284 736 342 11.
774 285 848 344 n·
885 284 1150 359 nri-apo.
1187 284 1598 359 nmquam
1636 284 1867 344 Prin-t·
1906 283 1966 343 ot
2003 284 2334 347 Patrium
2376 286 2430 361 §-
2458 285 2509 343 a.
2740 284 2854 347 165

316 421 435 492 48.
495 417 787 491 Solvere
841 420 1412 510 procurationem
1471 425 1810 493 tenentur
1861 418 2080 492 etiam
2132 419 2467 492 sodalitia
2520 419 2856 493 ecclesia-

204 537 377 621 stica,
430 534 724 622 aliaque
763 533 879 623 pia
919 532 1097 605 loca.
1155 527 1240 603 In
1281 532 1701 604 Marsicana
1758 532 1885 603 15:
1918 533 2117 623 Sept.
2148 533 2371 605 1636.
2414 533 2489 604 S.
2522 530 2598 604 C.
2632 531 2847 604 Conc.
2918 613 2923 622 ,

202 645 588 737 respondit:
667 665 704 710 α
745 641 1177 734 Episcopum
1235 643 1528 714 visitare
1577 659 1786 733 posse
1836 643 2465 717 confraternitates
2518 645 2857 718 ecclesia-

206 759 494 844 macas,
552 763 626 829 et
678 756 820 842 alia
872 755 1024 827 loca
1077 755 1200 847 pia
1251 772 1793 845 quaecumque,
1853 761 1925 827 et
1977 754 2224 829 deberi
2280 758 2855 847 procurationem

208 897 237 938 ι
265 890 298 941 3
334 870 508 941 locis
546 867 851 939 visitatis
886 866 1620 959 proportionabiliter,
1652 865 1903 939 habita
1946 873 2183 939 tamen
2224 869 2501 941 ratione
2535 869 2856 942 omnium

213 1008 241 1050 ›
267 982 509 1055 eodem
548 982 669 1054 die
703 981 1250 1052 visitandorum.
1281 1006 1318 1049 ›
1359 977 1521 1051 Lib.
1558 981 1676 1051 15.
1708 979 1979 1054 decret.
2017 1000 2184 1072 pag.
2213 981 2416 1070 422.,
2448 979 2674 1073 Crisp.
2707 981 2760 1052 l.
2784 1000 2854 1055 c.

209 1113 268 1166 n.
303 1095 414 1165 12.
473 1090 663 1166 Item
717 1092 794 1164 in
829 1092 1244 1166 Auximana
1293 1092 1365 1163 8.
1409 1089 1618 1164 Febr.
1660 1095 1732 1163 et
1773 1093 1889 1163 15.
1934 1089 2144 1164 Mart.
2184 1093 2399 1164 1727.
2442 1092 2663 1164 dubia
2700 1111 2866 1184 pro-

208 1209 402 1302 posita
454 1213 683 1279 sunt:
743 1227 782 1273 ι
828 1206 894 1276 1.
934 1202 1045 1277 An
1095 1206 1502 1296 procuratio
1554 1207 1650 1278 sit
1701 1205 2136 1297 praestanda
2188 1224 2316 1297 per
2369 1205 2862 1279 contributum

212 1319 347 1392 »ab
397 1318 744 1390 omnibus
802 1317 1160 1409 parochiS,
1216 1315 1688 1406 beneficiatis,
1745 1320 2089 1405 ecclesiis,
2148 1319 2621 1390 monasteriis.
2667 1315 2864 1412 (vide

211 1450 332 1501 ›n.
371 1429 569 1526 56.),
626 1436 699 1502 et
751 1428 1466 1501 confraternitatibus
1519 1430 1784 1502 montis
1826 1425 2304 1503 Philottrani‘t
2359 1426 2448 1503 Et
2501 1435 2864 1520 quatenus

211 1543 737 1631 ›affirmative3
796 1543 868 1613 2.
925 1540 1027 1613 An
1097 1541 1433 1631 parochi,
1500 1543 1628 1632 qui
1679 1542 2218 1615 substituerunt
2288 1548 2516 1614 totum
2580 1539 2866 1632 pondus

210 1654 786 1746 »procurationis
838 1654 914 1725 in
963 1655 1335 1725 retroactis
1387 1654 1922 1728 visitationibus
1974 1656 2120 1727 sint
2161 1652 2867 1746 proportionabiliter

211 1793 241 1833 ›
269 1766 780 1858 reintegrandi,
811 1771 884 1838 et
918 1784 956 1836 a
987 1782 1130 1854 quo
1159 1762 1421 1837 debeat
1463 1765 1614 1837 fieri
1653 1766 1987 1856 repetitio
2025 1776 2098 1838 et
2133 1767 2410 1839 exactio
2440 1766 2514 1837 in
2545 1760 2804 1837 causa?
2822 1787 2861 1831 »

207 1875 263 1950 S.
288 1875 356 1949 C.
398 1876 776 1968 respondit
808 1895 828 1946 ε
889 1899 926 1941 ι
961 1876 1066 1947 Ad
1108 1877 1174 1947 1.
1209 1875 1678 1965 affirmative3
1721 1876 1816 1948 ad
1850 1879 1923 1949 2.
1967 1877 2394 1950 affirmative
2428 1895 2556 1970 pro
2593 1876 2869 1948 ultimis

210 1987 917 2079 ›procurationibuS,
975 1993 1048 2059 et
1099 1989 1439 2080 ampliuS,
1496 1984 1725 2080 (quod
1780 1996 1916 2079 est,
1957 1991 2373 2083 etamplius
2426 2011 2568 2064 non
2611 2009 2872 2082 propo-
2950 2051 2957 2064 .

209 2099 464 2197 mur).
497 2125 539 2169 ›
596 2096 784 2171 Item
838 2099 912 2169 in
969 2099 1179 2172 civit.
1228 2102 1419 2175 Cast.
1476 2102 1599 2171 28.
1660 2096 1838 2173 Nov.
1888 2103 2137 2190 1733„
2195 2109 2270 2175 et
2316 2104 2391 2175 9.
2434 2099 2592 2174 Ian.
2641 2102 2858 2174 1734.

209 2214 383 2285 adi.
425 2220 502 2287 et
556 2211 776 2297 alibi3
831 2213 1248 2302 praesertim
1287 2212 1729 2285 consulenda
1782 2220 1892 2287 est
1943 2215 2157 2285 etiam
2214 2211 2290 2285 S.
2330 2211 2406 2285 Γ..
2447 2211 2739 2285 Concilii
2793 2214 2872 2284 in

213 2325 666 2419 Senoqallien.
713 2324 1014 2395 Procur.
1073 2323 1167 2395 ad
1217 2323 1408 2395 diem
1466 2324 1581 2394 11.
1624 2321 1792 2397 Dec.
1842 2326 2055 2397 1765.
2115 2345 2158 2396 3
2207 2323 2283 2420 ξ.
2329 2327 2554 2398 Sacra
2610 2325 2865 2417 Conqr.

209 2444 266 2510 ct
307 2456 498 2528 seq„
557 2435 688 2507 ubi
739 2434 983 2526 plures
1034 2435 1169 2506 hac
1220 2435 1309 2507 de
1362 2453 1438 2506 re
1493 2433 2013 2509 declarationes
2065 2444 2572 2528 congeruntur.

329 2550 456 2622 49.
505 2549 560 2619 Α
595 2548 1095 2639 procuratione
1147 2547 1490 2620 solvenda
1543 2548 1902 2621 immunes
1956 2566 2101 2621 non
2149 2555 2319 2622 sunt
2354 2545 2804 2641 Regulares
2789 2547 2868 2637 ri,

208 2663 315 2752 qui
359 2660 763 2733 visitationi
818 2660 1206 2751 episcopali
1277 2659 1583 2733 subiecti
1645 2666 1860 2747 sunt,
1929 2661 2066 2743 nisi
2135 2680 2265 2755 pro
2327 2679 2471 2733 non
2520 2659 2872 2733 solvenda

205 2773 696 2864 procuratione
747 2770 1060 2859 speciale
1110 2778 1180 2844 et
1233 2772 1683 2844 individuum
1754 2770 2078 2844 habeant
2141 2773 2619 2864 privilegium.
2677 2769 2751 2842 S.
2793 2768 2870 2843 C.

205 2887 270 2957 in
316 2887 746 2961 Passavien.
811 2885 879 2953 1.
921 2879 1078 2955 Oct.
1137 2884 1385 2972 1661.,
1444 2902 1660 2974 quam
1715 2883 1933 2956 refert
1965 2882 2190 2977 Crisp.
2236 2883 2369 2955 loc.
2412 2884 2532 2955 cit.
2595 2900 2667 2952 n.
2717 2881 2870 2966 13..

205 3000 610 3091 Auqustana
668 2995 785 3066 14.
828 2992 1164 3067 Decemb.
1202 2995 1417 3068 1630.
1459 2990 1621 3086 (lib.
1661 2996 1779 3065 14.
1813 2994 2080 3068 decret.
2128 3014 2290 3086 pag.
2325 2990 2561 3087 356.).
2602 2991 2878 3064 Consu-

206 3109 400 3182 lcnda
456 3106 911 3183 collectanea
948 3104 1258 3179 Bizzarri
1313 3124 1476 3199 pag.
1519 3108 1724 3196 291.,
1782 3107 1909 3179 ubi
1961 3108 2396 3194 declaratur,
2453 3122 2595 3177 non
2658 3104 2878 3177 licere

205 3216 549 3311 Episcopo
601 3225 997 3291 conventus
1033 3236 1290 3309 parvos
1325 3219 1646 3290 visitanti
1682 3218 1958 3309 aliquid
1996 3220 2317 3311 accipere
2355 3216 2882 3308 procurationis

210 3349 517 3405 nomine.

338 3446 467 3517 50.
523 3441 975 3532 Quandoque
1010 3443 1301 3530 accidit,
1358 3448 1438 3515 ut
1492 3444 1925 3534 inquiratur,
1983 3462 2078 3514 an
2131 3443 2520 3535 municipia
2575 3441 2668 3513 ad
2720 3458 2886 3531 pro-

208 3558 647 3628 curationem
698 3554 1113 3626 solvendam
1167 3561 1578 3627 teneantur.
1648 3551 1733 3626 In
1791 3554 2460 3645 Caesarauqustana
2510 3548 2733 3648 (quae
2780 3569 2889 3623 re-

209 3665 425 3738 lertnr
460 3668 538 3739 in
576 3666 746 3737 folio
783 3665 1206 3740 Tudertinae
1233 3666 1534 3739 Procur.
1578 3666 1721 3738 diei
1759 3668 1880 3739 30.
1913 3663 2052 3738 Iul.
2093 3667 2373 3762 1735.),
2420 3690 2457 3732 ι
2484 3685 2640 3738 cum
2682 3682 2890 3757 prae-

209 3802 245 3845 >
279 3780 475 3852 sides
527 3779 845 3850 locorum
882 3784 954 3850 et
989 3779 1413 3871 oppidorum
1458 3778 2001 3869 Archiepiscopo
2037 3797 2122 3849 ea
2168 3779 2487 3851 visitanti
2543 3776 2886 3850 victualia

212 3913 246 3955 ›
280 3897 352 3963 et
402 3890 721 3980 hospitia
773 3896 1136 3980 praestare
1188 3891 1754 3978 consuevissent,
1794 3890 2006 3980 eique
2058 3909 2100 3961 a
2153 3896 2425 3962 rectore
2478 3895 2550 3961 et
2603 3886 2889 3959 vicariis

209 4026 243 4067 ι
277 4002 656 4096 perpetuis
710 4002 1225 4091 parochialium
1273 4002 1738 4074 ecclesiarum
1784 4002 2061 4073 ratione
2099 4002 2400 4073 aliorum
2438 4006 2886 4090 sumptuum,

209 4137 241 4179 ι
278 4131 470 4204 quos
515 4114 893 4185 occasione
949 4114 1376 4186 visitationis
1426 4113 1577 4185 fieri
1617 4113 2109 4205 contingebat,
2152 4112 2507 4202 quaedam
2550 4109 2893 4200 pecunia-

207 4249 244 4290 »
279 4243 447 4297 rurn
497 4244 780 4298 summa
833 4227 1382 4317 persolveretur,
1454 4227 1641 4299 idem
1697 4225 2290 4318 Arcbiepiscopus
2355 4223 2704 4295 declarari
2771 4238 2899 4312 po-

209 4362 244 4403 »
278 4338 611 4426 stulavit,
670 4356 768 4408 an
823 4355 948 4428 per
997 4336 1207 4410 Conc.
1249 4334 1441 4409 Trid.
1501 4356 1564 4410 c.
1606 4340 1679 4410 3.
1735 4356 1915 4410 sess
1957 4336 2079 4407 24.
2141 4340 2379 4429 posset
2430 4333 2610 4406 haec
2655 4332 2901 4405 obser-

209 4471 245 4514 »
278 4450 536 4520 vantia
573 4449 1075 4538 antiquissima
1111 4450 1326 4540 exigi.
1357 4475 1393 4518 ›
1450 4447 1541 4520 Et
1590 4446 1663 4521 S.
1697 4446 1771 4520 C.
1813 4446 1951 4520 sub
1988 4465 2180 4518 anno
2221 4446 2436 4518 1581.
2480 4446 2894 4536 respondit:

210 4581 245 4625 ‹
280 4560 739 4633 servandam
791 4577 949 4632 esse
1001 4561 1593 4633 consuetudinem
1648 4559 1993 4632 ecclesiae
2051 4558 2330 4644 utilem,
2387 4557 2445 4627 si
2501 4558 2900 4631 communi-

214 4677 487 4744 »tates
535 4690 684 4745 non
735 4680 1313 4762 conquerantur3
1369 4670 1810 4745 laudabilius
1879 4677 2123 4744 tamen
2177 4686 2376 4758 esse,
2434 4675 2515 4744 ut
2582 4688 2718 4743 nec
2774 4669 2899 4741 illo
