3497 5235
515 291 523 298 .
545 235 625 298 88
1300 236 1668 305 halat-notionis
1710 236 1765 292 8.
1794 235 1976 309 Gongr.
2005 236 2150 294 Ocno.
2191 236 2461 310 expositio.

691 372 810 443 78.
870 367 1026 442 Non
1079 389 1237 442 raro
1289 371 1471 443 solet
1537 369 1611 442 S.
1661 368 1734 442 C.
1794 367 2182 461 Episcopos
2230 369 2367 441 hac
2418 370 2493 440 in
2545 386 2622 440 re
2675 365 3065 452 adhortari,
3124 371 3203 437 ut
3252 350 3261 359 ’

543 483 1029 576 praebendam
1080 483 1315 555 adhuc
1366 490 1635 555 rectore
1689 483 2087 576 praeditam
2140 483 2216 553 iu
2266 499 2472 553 usum
2511 478 2822 569 theologi
2874 477 2982 548 vel
3033 493 3207 567 poe·

545 594 940 667 nitentiarii
993 615 1034 666 a
1083 612 1157 666 se
1211 594 1408 686 prius
1458 594 1909 685 designatam
1961 593 2244 666 decreto
2298 609 2425 664 suo
2478 590 2843 663 destinent
2880 607 2963 662 ac
2997 588 3209 660 insti-

544 711 783 793 tuant,
841 705 1033 794 quod
1085 705 1414 778 effectum
1466 723 1673 786 suum
1705 706 2045 778 sortiatur
2079 723 2220 795 quo
2256 705 2563 794 primum
2599 710 2915 792 tempore
2951 699 3207 773 eadem

544 816 959 911 praebenda
1014 819 1394 889 vacaverit.
1452 814 1537 889 Id
1589 824 1829 889 autem
1882 834 1964 888 eo
2015 815 2310 890 consilio
2359 815 2822 910 praecipitur,
2887 820 2967 886 ut
3020 813 3212 904 peri-

544 929 786 1001 culum
839 935 1277 1018 amoveatur,
1335 948 1424 1001 ne
1476 929 1916 1019 privatorum
1968 928 2266 1015 utilitaS‚
2324 945 2450 999 ceu
2503 942 2717 1017 saepe
2755 925 2861 1013 fit,
2902 923 3212 997 difficul-

555 1046 737 1112 tates
789 1041 1092 1133 ingerat.
2700 1097 2710 1107 .

696 1152 813 1224 79.
874 1148 962 1222 In
996 1153 1348 1224 erectione
1384 1151 1842 1245 praebendae
1877 1151 2298 1243 theologalis
2331 1158 2404 1224 et
2445 1149 3040 1242 poenitentiariae
3080 1166 3209 1239 pro

547 1263 1030 1355 computanda
1065 1282 1378 1355 congrua
1415 1264 1790 1352 utriusque
1828 1263 2017 1351 dote,
2057 1261 2312 1334 deduci
2350 1262 2619 1333 debent
2655 1280 2898 1348 onera,
2940 1260 3209 1350 quibus

547 1374 839 1446 eaedem
889 1380 1480 1466 praegravantur.
1535 1369 1717 1444 Nam
1778 1376 1853 1445 in
1913 1374 2356 1447 camerinen.
2417 1374 2667 1446 Praeb.
2724 1372 3091 1465 theoloqal.
3148 1377 3216 1444 et

538 1487 803 1576 poenit.
839 1487 910 1556 3.
945 1484 1280 1558 Decemb.
1320 1485 1534 1555 1735.
1575 1486 1957 1577 propositis
1991 1484 2274 1556 dubiis:
2319 1506 2356 1550 ‹
2392 1486 2458 1554 1.
2488 1484 2592 1554 An
2623 1502 2931 1576 congrua
2969 1483 3212 1556 favore

549 1622 586 1664 ι»
626 1599 1203 1688 praebendarum
1229 1597 1648 1688 theologalis
1684 1603 1757 1670 et
1789 1598 2383 1691 poenitentiariae
2411 1597 2750 1669 ecclesiae
2780 1595 3218 1669 cathedralis

552 1732 590 1778 »
628 1709 721 1780 ad
771 1710 1093 1782 tramites
1143 1707 1406 1780 Concil.
1464 1704 1673 1778 Rom.
1733 1709 1853 1780 lib.
1898 1708 1966 1781 1.
2008 1727 2165 1798 cap.
2202 1708 2273 1780 6.
2331 1714 2402 1779 et
2452 1705 2750 1780 Constit.
2810 1707 3213 1794 Pastoralis

554 1845 592 1891 »
630 1822 833 1915 officii
884 1821 1284 1913 supplenda
1332 1838 1560 1911 usque
1597 1820 1689 1892 ad
1725 1839 2079 1892 summam
2115 1828 2375 1894 scutat.
2409 1823 2529 1894 60.
2571 1822 2664 1893 sit
2699 1819 3211 1913 computanda,

551 1961 588 2005 ιι
631 1933 957 2008 deductis
1007 1935 1344 2007 oneribus
1396 1935 1744 2008 dictarum
1799 1935 2370 2025 praebendarum
2424 1935 2938 2026 et‘respective
2989 1932 3222 2004 bene-

552 2068 589 2112 »
633 2045 954 2116 liciorum
990 2045 1465 2117 uniendorum
1504 2046 1578 2116 in
1614 2040 1833 2117 casu‘3
1887 2047 1960 2132 2.
2000 2045 2101 2115 An
2138 2044 2595 2135 praebendae
2630 2045 3042 2136 theologali,
3082 2061 3218 2115 seu

552 2180 591 2223 >
634 2157 872 2246 potius
922 2157 1418 2248 poenitentiali
1472 2164 1833 2249 competat
1881 2158 2230 2249 praelatio
2275 2158 2348 2229 in
2387 2159 2651 2231 unione
2702 2157 3051 2229 dictorum
3087 2154 3223 2230 be-

553 2292 592 2335 »
632 2267 1044 2340 neficiorum
1082 2261 1157 2338 in
1192 2262 1410 2342 casu?
1439 2293 1476 2337 ιι
1520 2266 1593 2339 S.
1627 2266 1701 2339 C.
1737 2268 2147 2361 respondit:
2208 2291 2245 2335 ‹
2274 2270 2374 2342 Ad
2414 2271 2720 2362 primum
2757 2267 3214 2341 affirmative.

555 2404 593 2448 ›
633 2376 739 2450 Ad
791 2379 1211 2468 secundum,
1254 2381 1327 2451 in
1365 2399 1562 2468 casu,
1619 2381 1709 2452 de
1763 2399 1904 2471 quo
1958 2383 2217 2473 agitur,
2275 2382 2593 2455 unienda
2630 2400 2784 2455 esse
2821 2381 3220 2470 unicuique

407 2565 412 2570 ,
554 2515 591 2559 >
632 2507 758 2580 pro
811 2492 1194 2564 medietate
1245 2498 1319 2563 et
1369 2491 1703 2582 amplius,
1739 2516 1779 2561 >

420 2690 427 2699 ‚
697 2603 817 2674 80.
877 2600 1267 2693 Utramque
1321 2603 1807 2695 praebendam
1863 2610 2144 2695 oportet
2214 2605 2506 2696 insuper
2557 2623 2713 2677 esse
2765 2603 3067 2677 liberam
3121 2602 3219 2675 ab

550 2717 745 2787 omni
779 2717 1147 2806 pensione,
1188 2722 1268 2788 ut
1302 2717 1771 2789 communiter
1805 2717 2062 2789 docent
2099 2725 2449 2804 auctoreS,
2493 2736 2670 2807 quos
2708 2716 2970 2809 allegat
3005 2714 3221 2788 Petra

548 2824 722 2927 (loc.
765 2829 884 2903 cit.
928 2849 1003 2902 n.
1046 2824 1235 2927 19.).
1292 2827 1488 2902 Haec
1538 2840 1780 2903 autem
1834 2831 1961 2903 dos
2015 2831 2211 2904 iuxta
2259 2830 2586 2903 eamdem
2621 2828 2919 2903 Constit.
2967 2829 3227 2900 Pasto-

553 2940 730 3011 razis
769 2941 972 3033 officia·
1025 2959 1151 3030 pro
1186 2936 1394 3013 ltalia
1434 2947 1505 3013 et
1539 2942 1794 3013 insulis
1830 2941 2328 3014 adiacentibus
2363 2961 2508 3015 non
2544 2926 2760 3015 cebet
2794 2959 2950 3013 esse
2988 2941 3227 3012 minor

553 3057 737 3125 scut.
779 3052 872 3124 60
927 3059 1251 3124 monetae
1304 3050 1697 3125 Romanae.
1758 3051 2063 3126 Possunt
2112 3059 2355 3126 tamen
2404 3050 2482 3126 in
2529 3054 2764 3126 dotem
2820 3053 3226 3142 computari

551 3165 767 3236 etiam
820 3165 1359 3237 distributiones
1410 3167 1875 3255 quotidianae
1926 3184 2013 3238 ex
2065 3168 2329 3259 apertis
2382 3167 2619 3240 verbis
2670 3166 2988 3239 eiusdem
3038 3162 3226 3236 Con-

550 3278 970 3351 stitutionis.
1011 3274 1194 3358 Quin
1233 3278 1372 3349 imo
1408 3279 1465 3348 si
1505 3278 1960 3367 praebendae
1994 3298 2240 3351 omnes
2276 3281 2349 3351 in
2384 3277 3015 3351 distributionibus
3048 3295 3226 3349 con-

552 3389 838 3477 sistant,
895 3407 1055 3460 cum
1109 3388 1243 3460 boc
1293 3390 1366 3459 in
1422 3407 1594 3460 casu
1628 3390 1781 3462 loco
1816 3390 2275 3482 praebendae
2311 3391 2726 3478 succedant,
2768 3408 2913 3461 non
2949 3388 3222 3462 idcirco

555 3499 1010 3590 praebendae
1045 3499 1463 3591 theologalis
1500 3500 1610 3572 vel
1646 3503 2239 3591 poenitentiariae
2275 3503 2534 3575 erectio
2579 3497 3227 3592 praetermittenda

555 3617 689 3683 est.
747 3607 1240 3705 Tbeologalem
1292 3612 1480 3683 enim
1533 3611 1947 3704 erigendam
2000 3631 2182 3701 esse,
2240 3614 2566 3704 quamvis
2619 3631 2867 3707 omues
2908 3611 3231 3702 Capituli

555 3723 828 3795 reditus
878 3722 1504 3795 distributionibus
1555 3724 1996 3814 quotidianis
2050 3732 2403 3814 constent,
2462 3725 2850 3800 declaravit
2903 3723 2975 3798 S.
3017 3724 3093 3797 C.
3145 3728 3231 3798 in

560 3835 984 3927 squillacen.
1019 3836 1138 3905 29.
1170 3831 1329 3905 Maii
1366 3835 1576 3907 1601.
1612 3830 1776 3931 (lib.
1804 3834 1875 3908 9.
1909 3836 2098 3908 decr.
2129 3832 2541 3930 paq.136.)
2574 3839 2897 3913 Casalen.
2938 3840 3054 3910 12.
3082 3836 3236 3912 No-

558 3947 795 4019 vemb.
829 3946 1042 4019 1661.
1066 3940 1292 4041 (decr.
1317 3944 1566 4019 lib.22.
1589 3942 1980 4042 paq.698.)
2010 3948 2270 4020 etalibi
2302 3951 2493 4040 apud
2522 3949 2803 4024 Petram
2832 3952 2963 4024 Μ).
2994 3971 3067 4023 η.
3087 3951 3222 4024 21.

702 4059 821 4130 81.
867 4058 973 4130 Ad
1008 4076 1330 4130 normam
1364 4054 1575 4128 Conc.
1610 4054 1800 4129 Trid.
1843 4059 2326 4152 praebendam
2383 4062 2607 4152 primo
2662 4071 3074 4136 vacaturam
3130 4082 3231 4136 ex

555 4187 770 4242 causa
806 4171 1305 4261 resignationis
1343 4170 1417 4240 in
1456 4185 1659 4244 usum
1713 4171 2174 4264 praebendae
2208 4172 2630 4265 theologalis
2682 4175 2792 4245 vel
2845 4176 3236 4265 poeniten-

554 4282 804 4353 tiariae
831 4281 1177 4374 deputare
1206 4281 1643 4372 prohibitum
1671 4293 1807 4356 est:
1843 4301 2028 4374 quae
2055 4284 2438 4375 probibitio
2475 4286 2614 4355 vim
2651 4283 2919 4356 babere
2955 4285 3237 4358 intelli-

561 4391 791 4483 genda
825 4400 931 4464 est
968 4395 1040 4464 in
1079 4394 1582 4485 resignatione,
1623 4414 1810 4485 quae
1847 4397 2195 4469 emittitur
2229 4395 2325 4468 ad
2357 4396 2708 4488 favorem,
2762 4402 2841 4467 ut
2894 4396 3239 4470 animad-

556 4505 765 4575 vertit
793 4523 954 4576 cum
982 4505 1391 4580 doctoribus
1418 4507 1490 4579 S.
1512 4504 1585 4579 C.
1605 4504 1679 4578 C.
1715 4508 1792 4579 in
1813 4509 2044 4579 Amer.
2073 4507 2305 4581 Erect.
2331 4508 2575 4597 prael).
2603 4506 2701 4579 th.
2724 4503 3232 4579 2.1un.1860.

557 4612 629 4709 g.
676 4615 873 4700 Quod
911 4636 1099 4698 vero,
1144 4638 1272 4709 per
1312 4621 1504 4691 Sum.
1552 4619 1753 4692 Prec.
1796 4614 2131 4714 (Consule
2165 4620 2379 4690 etiam
2415 4615 2697 4690 Petram
2735 4617 2785 4688 l.
2818 4637 2881 4690 c.
2923 4637 2999 4689 n.
3023 4616 3230 4713 220.
