3497 5235
1025 300 1149 381 θη.
1178 303 1276 364 m.
1315 301 1389 360 Do
1428 297 1562 358 olm
1604 298 1872 362 mutilari.
1914 301 1967 377 g.
1995 304 2044 363 8.
2752 304 2862 368 421

213 436 527 529 Cumque
578 438 1090 530 disputaretur,
1148 456 1291 528 qua
1343 436 1432 508 de
1485 442 1770 509 moneta
1841 437 2360 529 intelligeretur
2410 456 2687 511 summa
2741 440 2862 512 illa

212 559 736 643 argenteorum,
775 570 836 622 s.
882 570 976 621 rn.
1016 545 1389 619 Innocent.
1434 543 1634 618 XIII.
1672 549 1743 619 in
1781 550 2106 639 superius
2143 556 2527 622 memorata
2563 549 2857 623 Constit.

210 664 587 756 Apostolici
639 661 1017 734 ministerii
1085 660 1626 747 determinavit,
1685 677 1844 730 eam
1905 678 2254 732 summam
2325 662 2862 753 intelligendam

207 794 362 849 esse
411 776 498 847 de
548 775 840 847 scutatis
893 772 1238 865 argenteis
1293 772 1641 864 juliorum
1691 771 1922 844 decem
1970 778 2283 845 monetae
2321 773 2676 847 Romanae
2730 794 2864 868 pro

208 887 507 981 quolibet
559 892 854 959 scutato.

352 1000 527 1071 295.
569 994 767 1079 Quod
806 999 1116 1087 pertinet
1150 996 1242 1068 ad
1277 997 1753 1069 emolumenta
1790 996 2250 1088 parochialia,
2282 1016 2452 1089 prae
2478 998 2701 1070 oculis
2736 998 2866 1069 ha-

208 1110 450 1183 benda
501 1115 699 1199 sunt,
742 1127 926 1200 quae
962 1109 1097 1181 hac
1132 1111 1206 1181 in
1244 1128 1317 1182 re
1355 1128 1442 1182 ex
1478 1109 1897 1180 auctoritate
1935 1108 2023 1181 de
2060 1106 2252 1180 Luca
2289 1109 2506 1181 tradit
2540 1106 2863 1182 Pitonius

213 1223 519 1314 Discept.
561 1222 726 1293 eccl.
768 1219 890 1294 46.
933 1241 1007 1293 n.
1054 1220 1168 1294 10.
1218 1229 1283 1294 et
1320 1220 1434 1294 Η.
1486 1218 1961 1292 Nihilominus
2011 1220 2597 1311 distinguendum
2653 1227 2724 1293 et
2760 1222 2868 1293 di-

212 1334 521 1407 cendum
547 1339 683 1422 est,
726 1356 762 1398 ‹
797 1335 976 1405 inter
1011 1335 1282 1406 incerta
1321 1334 1458 1405 alia
1496 1350 1678 1420 esse,
1712 1350 1895 1422 quae
1932 1339 2101 1406 sunt
2139 1352 2324 1406 mere
2353 1333 2757 1407 eventualia
2794 1339 2865 1405 et

214 1473 250 1515 ιι
290 1447 722 1536 voluntaria,
755 1464 940 1536 quae
980 1445 1293 1536 pendent
1329 1463 1368 1517 e
1404 1444 1551 1517 sola
1589 1444 1833 1535 populi
1874 1444 2273 1531 devotione,
2315 1464 2616 1535 quorum
2653 1446 2869 1516 ratio·

216 1587 251 1631 ›
290 1577 457 1631 nem
494 1578 638 1632 non
674 1576 829 1631 esse
865 1557 1274 1629 hahendam
1311 1576 1434 1648 pro
1464 1575 1803 1647 congrua,
1846 1556 2080 1627 firmat
2117 1556 2203 1629 de
2239 1553 2431 1629 Luca
2469 1553 2702 1653 (Disc.
2743 1555 2860 1631 18.

216 1695 252 1738 ι
289 1689 490 1743 num.
529 1668 644 1741 12.
685 1670 767 1741 de
801 1665 1193 1764 Parocho),
1231 1675 1301 1741 et
1338 1669 1475 1740 alia
1512 1670 1779 1741 incerta
1832 1669 2171 1741 solvenda
2216 1670 2582 1742 occasione
2620 1669 2871 1741 Sacra-

217 1807 253 1850 »
293 1787 693 1854 mentorum
746 1782 856 1853 vel
909 1782 1344 1871 sepulturae,
1389 1798 1573 1870 quae
1625 1787 1794 1853 sunt
1842 1780 2247 1869 aliqualiter
2300 1786 2519 1867 certa,
2562 1796 2864 1870 quorum

219 1921 254 1966 ›
292 1896 475 1970 ratio
526 1893 774 1966 haberi
827 1891 1066 1981 debet,
1109 1911 1267 1965 cum
1321 1893 1617 1984 proinde
1652 1891 1961 1983 populus
2014 1910 2157 1963 non
2201 1893 2424 1982 possit
2476 1911 2618 1964 non
2660 1892 2859 1981 mori,

219 2032 255 2075 ι
293 2026 439 2079 non
493 2008 720 2095 nasci,
764 2024 907 2079 non
959 2005 1338 2098 baptizari,
1379 2012 1448 2077 et
1503 2023 1644 2076 non
1699 2003 2116 2075 contrahere
2164 2005 2723 2091 matrimonium,
2783 2009 2863 2076 ut

220 2146 254 2186 ›
291 2119 664 2210 subiungit
715 2119 901 2190 idem
955 2115 1375 2205 cardinalis,
1417 2116 1540 2189 uhi
1595 2117 1813 2189 etiam
1866 2121 2093 2203 notat,
2136 2115 2328 2205 quod
2380 2118 2454 2187 in
2505 2116 2865 2208 plerisque

217 2258 252 2298 v
292 2230 646 2321 parochiis
700 2229 975 2302 nullum
1027 2229 1248 2300 alium
1318 2227 1624 2299 reditum
1678 2226 2114 2300 habentibus
2184 2228 2319 2300 ista
2372 2228 2521 2299 sola
2591 2228 2867 2300 emolu-

220 2368 253 2408 »
292 2348 533 2414 menta
585 2342 675 2413 ob
728 2341 971 2431 populi
1010 2339 1592 2411 numerositatem
1647 2339 1825 2411 adeo
1860 2358 2198 2429 magnum
2253 2339 2557 2412 reditum
2606 2341 2869 2411 consti·

218 2478 253 2523 ›
291 2461 550 2541 tuunt,
622 2455 743 2544 qui
813 2453 1122 2525 sufficiat
1189 2453 1403 2523 etiam
1474 2451 1567 2523 ad
1632 2452 2228 2523 sustentationem
2281 2450 2600 2543 collegii,
2660 2452 2865 2523 cuius

219 2591 255 2633 ι
291 2564 638 2638 beneficia
692 2565 869 2638 adeo
921 2563 1216 2657 pinguia
1268 2569 1732 2657 reputantur,
1785 2569 1865 2636 ut
1915 2563 2130 2635 etiam
2183 2562 2649 2654 pensionibus
2704 2582 2870 2657 gra-

215 2704 254 2746 »
292 2685 574 2750 ventur.
618 2704 657 2746 ν
696 2675 964 2750 Girald.
1007 2677 1121 2749 Ius
1177 2679 1391 2749 Pont.
1434 2679 1644 2749 Part.
1687 2676 1783 2747 ΙΙ.
1825 2684 1989 2749 sect.
2028 2673 2149 2748 23.
2193 2675 2315 2748 sub
2365 2676 2531 2767 fin„
2587 2695 2867 2750 necnon

213 2788 284 2863 S.
325 2787 666 2881 Congreg.
725 2787 1014 2860 Concilii
1075 2790 1150 2860 in
1204 2789 1549 2859 Fir-mana
1616 2787 1737 2858 24.
1801 2785 1963 2858 Maii
2021 2788 2235 2860 1788.
2294 2784 2366 2882 ἓ.
2421 2788 2870 2881 Illeqitimus,

212 2902 548 2976 Arbor-en.
593 2900 901 2974 Condon.
951 2901 1065 2971 18.
1106 2897 1295 2971 Iunii
1353 2899 1565 2970 1831.
1615 2895 1688 2992 ἓ.
1735 2901 1985 2970 Perre.

356 3014 528 3085 296.
568 3009 761 3094 Quae
813 3013 1280 3104 proprietates
1332 3011 1635 3085 vicariae
1687 3018 2077 3101 perpetuae
2114 3009 2560 3097 inhaereant,
2604 3012 2873 3085 descri-

210 3103 330 3199 bit'
370 3124 797 3198 consultatio
849 3122 921 3195 S.
964 3122 1037 3195 C.
1079 3122 1320 3215 Episc.
1360 3129 1431 3195 et
1481 3120 1739 3213 Regul.
1784 3124 1857 3194 in
1905 3131 2291 3195 memorata
2353 3123 2649 3214 Carpcn.
2689 3120 2764 3218 ἓ.
2811 3107 2876 3198 Ε

207 3240 333 3313 ben
371 3242 565 3319 noto,
603 3255 815 3326 quem
853 3237 1081 3308 locum
1120 3239 1216 3307 ita
1254 3236 1476 3308 latine
1512 3234 1921 3306 reddimus:
1985 3231 2493 3326 ‹Compertum
2533 3244 2640 3308 est
2675 3234 2869 3310 Eiiiis

211 3379 248 3419 ›
291 3347 650 3437 PatribuS,
692 3350 813 3438 qui
866 3348 1043 3439 legis
1079 3347 1370 3420 effectus
1422 3365 1509 3418 ex
1563 3346 1825 3417 vicaria
1859 3353 2208 3439 perpetua
2262 3347 2611 3421 derivent.
2668 3346 2873 3432 Quis-

213 3488 250 3533 »
292 3461 458 3553 quis
508 3461 758 3532 eadem
810 3459 1176 3549 praeditus
1243 3465 1377 3546 est,
1435 3459 1959 3531 institutionem
2015 3457 2104 3529 ab
2177 3456 2557 3532 Ordinario
2608 3463 2868 3553 accipit

209 3599 248 3645 ›
291 3574 388 3645 ad
440 3571 997 3644 nominationem
1049 3571 1338 3643 rectoris
1372 3569 1813 3661 principaliS,
1855 3570 2058 3641 cuius
2103 3570 2290 3642 vices
2326 3573 2400 3642 iu
2448 3579 2870 3664 perpetuum

211 3714 249 3755 »
289 3685 469 3758 obit.
510 3682 710 3756 ldem
762 3685 1252 3756 consideratur
1304 3685 1404 3755 uti
1459 3681 1959 3771 beneficiatus,
2000 3682 2355 3773 siquidem
2408 3702 2571 3755 vero
2625 3691 2698 3756 et
2751 3703 2868 3757 ca-

211 3825 248 3866 »
290 3798 547 3868 nouico
599 3794 928 3867 beneficii
982 3795 1185 3867 titulo
1237 3796 1531 3885 potitur,
1574 3812 1811 3884 neque
1864 3795 2017 3866 sine
2069 3801 2412 3867 canonica
2468 3794 2689 3867 forma
2745 3815 2872 3887 po-

208 3935 246 3979 »
289 3917 430 3982 test
484 3908 818 3980 amoveri.
865 3905 1140 3979 Vicaria
1193 3912 1537 3998 perpetua
1589 3905 2146 3998 incompatibilis
2199 3913 2307 3979 est
2343 3926 2501 3979 cum
2556 3908 2695 3980 alio
2745 3909 2873 3981 be-

209 4050 243 4091 »
289 4021 546 4095 neficio
595 4019 1080 4092 residentiali:
1139 4019 1231 4091 ad
1283 4017 1742 4092 residentiam
1794 4018 2107 4111 obligat,
2158 4026 2229 4091 et
2280 4019 2553 4092 confort
2607 4021 2869 4094 vicario

205 4159 243 4203 ι»
285 4136 363 4206 in
416 4133 714 4205 ecclesia
766 4150 896 4203 sua
930 4149 1088 4203 eam
1141 4138 1592 4223 potestatem,
1637 4149 1823 4220 quae
1875 4133 2058 4202 veris
2093 4132 2421 4225 parochis
2476 4135 2862 4225 competit;

205 4275 242 4316 »
283 4249 364 4321 in
419 4263 504 4318 eo
554 4261 867 4334 namque
920 4263 1089 4315 cura
1139 4243 1440 4315 actualis
1493 4242 1795 4329 residet,
1854 4250 2189 4314 manente
2252 4242 2607 4315 habituali
2660 4244 2868 4316 dum-

208 4385 246 4429 »
287 4363 497 4433 taxat
548 4357 739 4448 apud
776 4374 966 4445 eum,
1005 4356 1207 4430 cuius
1244 4357 1395 4447 ipse
1449 4356 1636 4427 vices
1672 4355 2005 4442 sustinet,
2046 4354 2193 4425 sive
2246 4356 2306 4426 is
2345 4352 2707 4428 Praelatus
2742 4358 2861 4447 sit,

209 4499 247 4543 ι
289 4473 442 4545 sive
480 4468 835 4562 DignitaS,
875 4470 1023 4541 sive
1065 4467 1327 4555 Abbas,
1369 4474 1493 4539 aut
1528 4467 1710 4537 alius
1743 4465 1957 4538 huius
1997 4468 2299 4556 generis,
2334 4468 2457 4557 qui
2496 4476 2867 4560 propterea

209 4609 246 4654 »
288 4601 440 4657 non
476 4588 708 4673 potest
744 4588 988 4654 contra
1016 4580 1257 4654 vicarii
1297 4578 1731 4651 voluntatem
1769 4576 2225 4650 Sacramenta
2261 4580 2788 4657 administrare.
2823 4607 2863 4653 ι

204 4693 494 4771 Ibidem
545 4696 686 4768 alia
736 4693 1170 4782 subduntur,
1212 4708 1397 4783 quae
1448 4689 1709 4765 reterre
1761 4690 1877 4763 hic
1928 4690 2219 4783 longum
2273 4699 2488 4766 esset.
