3497 5235
1059 324 1180 400 0⁸1».
1204 325 1300 383 111.
1339 326 1412 385 De
1452 325 1585 384 olere
1626 326 1899 385 nuclei.
1938 328 1991 402 ἓ.
2017 328 2067 384 5.
2780 328 2900 391 377

248 490 281 532 ›
320 469 637 553 tempore
690 462 1174 552 deputationis
1223 461 1706 535 confessiones
1761 470 1925 536 actu
1978 463 2206 551 audit,
2263 462 2507 535 deberi
2561 461 2901 535 distribu-

246 575 550 646 »tiones
602 573 1060 663 quotidianas
1112 592 1254 645 non
1308 592 1512 647 secus
1564 592 1650 646 ac
1697 575 1758 646 si
1812 573 2072 648 divinis
2122 576 2402 647 intersit
2453 576 2525 646 in
2581 573 2889 646 choro.»

240 684 578 759 Eamdem
630 687 846 759 etiam
897 685 1112 758 refert
1162 684 1433 758 Bened.
1473 682 1664 756 XIV.
1723 686 1961 758 Instit.
2002 686 2169 758 eccl.
2213 685 2377 759 107.
2421 706 2496 758 η.
2538 687 2660 759 55.

374 798 549 870 205.
591 794 800 870 Iuvat
836 799 1052 870 etiam
1088 797 1301 869 aliam
1340 797 1428 870 de
1456 798 2004 888 poenitentiario
2040 798 2595 873 declarationem
2632 798 2897 871 addere

235 911 492 985 editam
547 910 623 981 in
677 911 1054 983 Pisauren.
1119 912 1279 986 Cas.
1322 911 1478 981 ReS.
1535 911 1657 981 21.
1696 905 2041 982 Novemb.
2090 910 2338 999 1761.,
2396 912 2469 981 in
2527 927 2670 999 qua
2720 910 2897 983 haec

239 1022 450 1096 dubia
486 1022 889 1114 disceptata
924 1029 1131 1095 sunt:
1193 1043 1231 1089 αι
1260 1024 1325 1095 1.
1362 1022 1469 1093 An
1503 1020 1898 1113 Episcopus
1933 1023 2157 1112 possit
2191 1038 2438 1114 cogere
2475 1023 2897 1097 canonicum

245 1162 278 1201 ι
314 1136 922 1226 poenitentiarum
976 1133 1069 1206 ad
1119 1132 1610 1225 accipiendam
1662 1132 2180 1225 delegationem
2235 1132 2599 1205 facultatis
2661 1131 2898 1204 absol-

242 1272 273 1312 »
314 1246 526 1320 vendi
564 1247 1014 1339 poenitentes
1066 1266 1105 1318 a
1160 1246 1445 1318 casibus
1497 1241 1924 1318 reservatis?
1960 1283 2009 1298 -
2052 1242 2143 1318 Et
2178 1252 2536 1335 quatenus
2577 1242 2898 1317 Affirma-

244 1382 275 1426 ›
312 1360 453 1431 tive
496 1397 546 1412 -
599 1360 671 1430 2.
728 1357 835 1430 An
889 1363 1218 1431 teneatur
1268 1355 1665 1449 Episcopus
1717 1357 2065 1448 deputare
2133 1357 2541 1449 sumptibus
2590 1357 2895 1448 propriis

245 1495 278 1537 ›
315 1470 535 1542 alium
589 1470 1028 1543 sacerdotem
1074 1468 1264 1542 dicta
1317 1468 1661 1542 facultate
1696 1463 2130 1560 praeditum?
2167 1472 2239 1543 3.
2288 1469 2389 1540 An
2441 1468 2895 1542 comminatio

243 1607 276 1649 ›
311 1584 807 1674 suspensionis
842 1603 884 1655 a
919 1583 1180 1655 divinis
1217 1584 1371 1674 ipso
1406 1582 1592 1654 facto
1628 1581 2058 1662 incurrenda
2092 1577 2578 1655 sustineatur?
2610 1604 2648 1647 ›
2706 1576 2780 1650 S.
2813 1578 2887 1654 C.

237 1695 637 1787 rescripsit:
700 1720 736 1762 αι
767 1694 874 1767 Ad
915 1696 982 1765 1.
1025 1694 1445 1767 affirmative
1498 1700 1569 1766 et
1620 1695 1954 1786 amplius.
2015 1694 2122 1768 Ad
2172 1697 2244 1766 2.
2287 1690 2628 1784 Negative
2681 1700 2753 1765 et
2802 1692 2897 1766 ad

241 1829 275 1870 >
310 1814 653 1879 mentem.
701 1805 801 1879 Ad
839 1809 911 1878 3.
954 1805 1406 1879 affirmative.
1435 1831 1474 1872 ι»
1512 1803 1725 1878 Porro
1762 1806 2353 1896 poenitentiarius
2389 1807 2508 1878 ille
2543 1803 2894 1897 Episcopo

235 1917 692 2007 pertinaciter
724 1917 1126 2006 obstiterat,
1187 1918 1566 2008 quominus
1605 1917 2124 2009 delegationem
2179 1917 2596 1991 absolvendi
2647 1919 2896 2008 poeni-

234 2034 464 2101 tentes
528 2048 569 2100 a
631 2029 917 2102 casibus
974 2030 1352 2103 reservatis
1403 2032 1792 2121 reciperet:
1852 2030 2097 2121 itaque
2146 2027 2542 2122 Episcopus
2593 2046 2896 2120 suspen-

234 2140 500 2214 sionem
555 2142 869 2214 minatus
920 2140 1182 2231 fuerat,
1238 2143 1299 2213 si
1352 2142 1702 2215 voluntati
1755 2143 2141 2234 supeuoris
2194 2142 2491 2214 ulterius
2542 2141 2884 2214 obstaret.

239 2247 435 2326 Mens
487 2260 730 2327 autem
783 2275 823 2324 a
878 2249 949 2324 S.
990 2252 1207 2346 Cong.
1249 2254 1548 2346 pandita
1586 2256 1658 2326 in
1696 2254 2010 2329 secundo
2045 2254 2264 2326 dubio
2302 2254 2462 2343 tuit,
2503 2253 2695 2344 quod
2730 2254 2891 2325 bor-

236 2366 496 2438 tandus
532 2371 723 2439 esset
772 2364 1192 2460 Episcopus,
1234 2376 1313 2441 ut
1349 2368 1508 2440 aliis
1543 2369 1758 2441 etiam
1796 2368 2035 2459 probis
2082 2368 2534 2441 confessariis
2568 2367 2893 2442 eamdem

235 2474 646 2550 facultatem
682 2477 1072 2569 delegaret,
1115 2498 1302 2569 quae
1337 2497 1539 2552 mens
1575 2481 1934 2573 colligitur
1959 2499 2045 2553 ex
2066 2481 2228 2554 Ind.
2256 2481 2483 2553 Resol.
2515 2480 2732 2553 verbo
2763 2481 2895 2555 Ca-

230 2589 521 2662 nonicus
577 2590 1174 2664 Poenitentiarius
1228 2597 1396 2664 tom.
1437 2589 1558 2666 31.
1625 2592 1958 2667 Thesaur.
2018 2593 2244 2667 Resol.
2303 2593 2399 2667 ad
2451 2611 2626 2666 ann.
2672 2591 2886 2666 1761.

221 2721 298 2792 p.
353 2701 530 2773 241.
587 2704 771 2775 circa
824 2703 1166 2777 medium.

372 2817 546 2889 206.
604 2811 940 2896 Quamvis
991 2834 1077 2887 ex
1112 2817 1439 2908 pluribus
1475 2801 1780 2892 decretis
1822 2819 1895 2890 S.
1928 2816 2002 2889 C.
2041 2814 2193 2889 Rit.
2238 2818 2535 2890 tetitum
2569 2816 2891 2889 edicatur

237 2927 663 3017 generaliter
721 2928 1086 3001 canonicis
1135 2925 1658 3002 Poenitentiam
1712 2928 2287 3002 ministrantibus
2339 2930 2445 3000 uti
2482 2926 2888 3000 choralibus

226 3038 696 3128 indumentiS,
739 3041 837 3112 ita
872 3047 952 3113 ut
990 3041 1355 3130 quaelibet
1405 3043 1762 3114 contraria
1811 3043 2251 3116 consuetudo
2304 3049 2672 3130 tamquam
2713 3039 2893 3111 abu-

224 3167 350 3221 sus
384 3156 459 3222 et
494 3151 896 3242 corruptela
936 3152 1383 3243 reprobanda
1435 3154 1530 3227 sit
1580 3148 1740 3246 (19.
1779 3154 1945 3226 Iulii
1982 3152 2199 3227 1773.
2230 3191 2279 3206 -
2307 3152 2425 3226 16.
2458 3153 2629 3244 Apr.
2666 3149 2882 3225 1831.

215 3300 273 3316 -
300 3260 372 3333 7.
405 3263 579 3354 Apr.
607 3262 822 3336 1832.
857 3302 906 3316 -
938 3262 1054 3338 10.
1088 3265 1259 3356 Apr.
1298 3265 1513 3340 1842.
1539 3264 1732 3338 -23,
1766 3266 1944 3340 Maii
1976 3263 2189 3338 1846.
2225 3265 2319 3337 ad
2345 3262 2417 3336 3.
2451 3270 2515 3336 et
2550 3257 2669 3359 4.)
2704 3262 2892 3334 nihi-

213 3372 534 3445 lominus
585 3375 647 3445 si
699 3381 953 3466 agatur
1002 3377 1091 3449 de
1141 3379 1719 3469 poenitentiariO,
1779 3377 1903 3466 qui
1957 3377 2206 3449 eadem
2277 3375 2720 3449 canonicalia
2782 3375 2893 3446 in-

209 3484 568 3557 dumenta
621 3504 709 3557 ex
762 3489 1279 3561 consuetudine
1335 3497 1558 3581 gerat,
1615 3489 1787 3562 dum
1841 3490 1916 3559 in
1968 3487 2362 3563 cathedrali
2409 3487 2890 3559 confessiones

207 3598 514 3687 excipit,
555 3596 740 3669 hanc
777 3600 1369 3672 consuetudinem
1421 3601 1689 3673 servari
1735 3601 1959 3674 edixit
2010 3596 2082 3671 S.
2125 3597 2200 3670 C.
2239 3598 2451 3672 Conc.
2492 3599 2566 3670 in
2604 3598 2891 3688 Ripana

207 3707 403 3782 Can.
447 3710 664 3780 Poen.
707 3712 777 3781 2.
819 3706 984 3783 Iun.
1031 3710 1243 3783 1860.
1291 3731 1424 3803 per
1461 3714 1996 3805 Summ.·prec.;
2047 3711 2348 3801 ideoque
2403 3711 2505 3784 uti
2556 3726 2892 3812 praesenj-

197 3825 370 3891 tem
422 3821 497 3891 in
551 3819 763 3893 choro
816 3824 1116 3910 censeri,
1173 3841 1305 3895 nec
1357 3823 1987 3898 distributionibus
2037 3841 2246 3915 posse
2298 3823 2590 3915 privari.

372 3933 544 4004 207.
602 3928 1122 4006 Tractationem
1176 3935 1264 4007 de
1322 3935 1644 4028 theologo
1704 3943 1775 4009 et
1824 3920 2375 4027 poenitentiario
2444 3932 2732 4005 insimul
2783 3932 2893 4004 in-

190 4043 553 4117 choatam
607 4044 896 4116 insimul
947 4047 1165 4118 etiam
1217 4048 1791 4136 terminabimuS,
1850 4048 2210 4140 proposita
2247 4046 2751 4133 controversia,
2794 4062 2890 4116 an

184 4155 595 4246 theologus
647 4176 730 4230 ac
783 4158 1371 4248 poenitentiarius
1423 4161 1927 4250 capitularium
1979 4177 2195 4232 onera
2242 4157 2421 4231 ferre
2454 4151 2886 4230 teneantur?

180 4264 298 4341 In
361 4265 497 4340 hac
544 4286 622 4341 re
674 4274 866 4340 totus
917 4265 1436 4342 controversiae
1488 4269 1701 4343 cardo
1756 4272 1831 4342 in
1882 4288 1966 4343 eo
2018 4271 2195 4341 verti
2247 4269 2554 4357 videtur,
2607 4287 2700 4341 an
2734 4267 2891 4341 offi-

173 4381 438 4467 cium,
495 4378 587 4451 de
641 4398 782 4470 quo
834 4385 1114 4472 agatur,
1170 4382 1625 4472 compatibile
1676 4382 1769 4455 sit
1822 4400 1985 4452 cum
2039 4398 2331 4452 munere
2392 4380 2705 4471 theologi
2773 4380 2887 4452 vel

168 4491 780 4585 poenitentiarii.
838 4490 1008 4565 Cum
1063 4495 1255 4565 enim
1307 4494 1572 4585 proprii
1617 4492 1932 4565 muneris
1983 4492 2550 4584 implementum,
2595 4501 2671 4567 ut
2707 4511 2887 4566 sana

164 4603 403 4678 ratio
448 4603 719 4694 dictat,
777 4606 1042 4696 primas
1078 4605 1214 4677 sibi
1252 4611 1492 4696 partes
1543 4605 1694 4676 iure
1746 4621 1876 4675 suo
1929 4604 2293 4678 vindicare
2346 4603 2649 4694 debeat,
2707 4605 2889 4680 illud

153 4720 573 4806 superest,
630 4722 737 4804 ut,
792 4717 854 4788 si
905 4718 1046 4789 alia
1099 4715 1407 4809 Capituli
1460 4716 1742 4808 negotia
1795 4716 2011 4789 iidem
2062 4735 2151 4790 ex
2202 4715 2337 4789 hoc
2370 4716 2886 4809 impedimento
