3497 5235
634 265 756 331 308
1387 264 1758 323 annotant·
1798 262 1853 322 8.
1881 262 2065 338 Gom.
2093 262 2238 322 Οοιιο.
2279 263 2550 339 expetitio.

632 402 865 476 tulum
918 401 1090 472 anni
1133 400 1345 472 1539.
1388 394 1550 497 (tib.
1593 398 1664 470 5.
1708 399 1963 471 decret.
2014 418 2183 490 paq.
2224 394 2477 494 287.),
2515 417 2699 488 quae
2749 399 2851 470 sic
2899 415 2976 470 se
3028 396 3259 470 habet:

637 537 678 582 ι
715 510 917 596 Quod
968 513 1027 585 si
1079 530 1167 584 ex
1218 530 1435 584 causa
1488 510 1937 602 negotiorum
1987 509 2298 601 Capituli
2351 510 2683 583 recedere
2743 510 3092 583 voluerint
3136 505 3269 605 (ca-

637 648 679 695 )
717 625 957 698 nonici
992 640 1248 717 nempe
1284 628 1408 695 aut
1445 623 1566 693 alii
1603 622 1817 694 choro
1844 619 2170 716 addicti),
2203 622 2568 713 percipere
2604 628 2752 695 tam
2789 622 3060 694 fructus
3090 640 3268 712 prae·

636 759 678 806 ›
715 737 1039 824 bendae‚
1097 753 1314 827 quam
1366 733 1953 823 distributiones,
2012 752 2146 806 nec
2196 751 2352 805 esse
2406 735 2882 807 necessariam
2934 735 3267 807 licentiam

637 872 679 919 ›
717 847 1286 940 Archiepiscopi‚
1343 847 1436 920 ad
1487 848 1690 919 cuius
1759 853 2002 918 tamen
2053 845 2366 919 officium
2418 846 2810 937 pertinebit
2860 847 3271 935 examinare,

637 982 679 1029 ›
716 979 813 1032 an
863 979 1080 1032 causa
1130 959 1576 1050 negotiorum
1632 976 1795 1031 vere
1847 958 2122 1044 subsit,
2198 965 2272 1032 et
2322 975 2816 1049 quascumque
2878 958 3275 1029 collusiones

638 1095 690 1141 ι
715 1078 789 1144 et
838 1071 1125 1145 illicitas
1175 1071 1626 1144 remissiones
1678 1071 1866 1141 inter
1917 1068 2296 1140 canonicos
2346 1068 2810 1160 probibere.»

783 1183 903 1254 75.
962 1183 1035 1254 Si
1086 1191 1332 1256 tamen
1385 1189 1640 1274 agatur
1674 1181 1764 1254 de
1801 1180 1951 1268 lite,
1995 1198 2180 1270 quae
2227 1187 2551 1252 versatur
2586 1181 2774 1251 circa
2810 1178 3274 1271 praebendam

631 1294 1137 1386 particularem
1192 1294 1493 1367 alicuius
1544 1292 1897 1380 canonici,
1939 1291 2029 1364 ob
2068 1310 2285 1382 quam
2322 1293 2746 1363 canonicum
2797 1292 3013 1364 istum
3050 1311 3089 1361 a
3122 1292 3280 1364 resi-

633 1406 883 1478 dentia
933 1406 1181 1496 procul
1233 1423 1390 1477 esse
1441 1406 1856 1496 contingat,
1915 1410 2087 1477 tunc
2136 1400 2471 1494 Episcopi
2539 1402 2827 1475 licentia
2895 1404 3278 1476 necessaria

634 1523 795 1606 est3
849 1536 1020 1590 nam
1072 1517 1149 1589 in
1209 1517 1639 1591 Cavallicen.
1692 1517 1924 1589 Distr.
1980 1515 2292 1587 resoluta
2360 1515 2503 1587 die.
2548 1515 2664 1586 13.
2723 1510 2861 1585 Iul.
2926 1514 3169 1602 1667„
3220 1520 3278 1586 et

631 1629 860 1704 relata
911 1631 986 1700 in
1024 1629 1173 1700 Fol.
1217 1628 1507 1700 Imolen.
1560 1628 1851 1714 Distrib.
1907 1623 1982 1721 ἓ.
2026 1627 2167 1698 Nec
2205 1625 2421 1709 idem,
2458 1627 2577 1697 28.
2620 1622 2780 1697 Ian.
2828 1624 3040 1697 1736.
3083 1644 3283 1716 quae-

632 1739 970 1812 rebatur:
1033 1761 1071 1805 «
1116 1737 1219 1809 An
1267 1739 1700 1831 praeposit0‚
1759 1757 1887 1811 seu
1939 1738 2301 1810 canonicis
2354 1737 2780 1810 absentibus
2814 1757 3033 1810 causa
3069 1739 3281 1810 litium

636 1851 1217 1924 concernentium
1270 1851 1615 1923 interesse
1667 1867 1959 1922 suarum
2012 1849 2589 1942 praebendarum
2624 1850 3028 1923 debeantur
3063 1850 3282 1924 distri-

633 1962 971 2037 butiones
1006 1960 1518 2054 quotidianae?
1549 1990 1588 2032 ›
1642 1982 2068 2056 responsum
2104 1961 2281 2034 fuit:
2322 1963 2380 2027 ‘‹
2413 1960 2875 2050 Affirmative‚
2918 1961 3286 2035 dummodo

639 2099 680 2146 ›
719 2075 1097 2149 accesserit
1152 2075 1439 2148 licentia
1492 2072 1855 2168 Episcopi.
1891 2100 1929 2143 ν
1970 2070 2165 2171 (Lib.
2197 2072 2320 2147 29.
2365 2075 2620 2147 decret.
2652 2094 2824 2167 paq.
2860 2068 3107 2170 506.).

786 2188 905 2258 76.
965 2181 1051 2256 ln
1103 2185 1237 2257 bac
1289 2187 1588 2258 materia
1642 2187 1843 2259 iuvat
1894 2186 2172 2276 afferre,
2216 2204 2404 2278 quae
2459 2193 2787 2278 prostant
2841 2187 2914 2258 in
2947 2189 3124 2280 folio
3157 2190 3286 2262 Mo·

636 2299 1022 2371 nasterien.
1080 2298 1194 2370 15.
1238 2295 1403 2369 Maii
1460 2298 1674 2370 1723.
1731 2294 1806 2392 ἓ.
1854 2296 2125 2382 Quoad.
2189 2321 2227 2364 ι
2258 2295 2505 2380 Quoad
2559 2300 2941 2371 canonicos
2990 2299 3282 2390 denique

639 2434 680 2479 ν
721 2409 1084 2498 absentes,
1139 2416 1223 2481 ut
1271 2411 1614 2484 assistant
1648 2410 1755 2482 liti
1791 2429 1959 2483 suos
1994 2399 2460 2482 canonicatus
2494 2410 2929 2502 respicienti,
2970 2411 3283 2482 nonnulli

640 2544 681 2591 ›
721 2527 1043 2609 censent,
1085 2520 1329 2594 deberi
1367 2523 1639 2595 tructus
1675 2528 1746 2596 et
1781 2521 2324 2594 distributiones
2360 2519 2690 2615 (Barbos.
2730 2522 2900 2612 Cap.
2927 2521 3048 2592 2⁴.
3084 2521 3278 2592 η.25.

640 2657 681 2702 ›
718 2638 785 2705 et
834 2652 974 2725 seq.
1013 2633 1097 2705 de
1145 2631 1479 2730 Canem).
1542 2634 1947 2725 Aliquando
2000 2635 2133 2708 tuit
2187 2633 2374 2707 facta
2428 2635 2793 2707 distinctio
2846 2636 3036 2707 inter
3087 2652 3289 2725 nego-

640 2767 679 2813 »
719 2743 929 2832 tium,
987 2744 1180 2834 quod
1230 2746 1595 2818 commode
1647 2764 1775 2837 per
1826 2751 2350 2837 procuratorem
2407 2748 2695 2819 tractari
2732 2753 2995 2845 potest,
3052 2753 3120 2818 et
3171 2764 3289 2817 ne-

641 2880 682 2925 »
724 2857 1017 2947 gotium,
1065 2857 1269 2949 *quod
1320 2857 1767 2948 personalem
1819 2858 2118 2948 requirit
2170 2859 2652 2931 assistentiam
2691 2859 3044 2947 canonici,
3085 2860 3178 2930 ita
3212 2862 3287 2927 ut

638 2990 680 3037 ›
717 2969 794 3040 in
846 2969 1159 3041 secundo
1210 2988 1382 3042 casu
1434 2968 1834 3042 debeantur
1868 2969 2440 3058 distributioneS‚
2497 2971 2750 3041 nonin
2785 2971 3044 3060 primo,
3098 2965 3287 3059 (Pas-

640 3102 679 3148 ιι
717 3080 937 3152 serin.
979 3079 1073 3152 ad
1115 3080 1283 3172 Cap.
1323 3080 1516 3152 unic.
1549 3082 1634 3154 de
1658 3085 1827 3155 cler.
1861 3101 2002 3154 non
2039 3100 2174 3154 reS.
2209 3083 2286 3153 in
2318 3082 2386 3153 6.
2420 3079 2603 3153 Rota
2641 3099 2879 3154 coram
2917 3077 3280 3170 Seraphin.

641 3214 680 3260 ιι
721 3192 929 3263 Deer.
974 3190 1188 3265 1131.
1233 3212 1307 3263 η.
1349 3188 1459 3287 4.)
1510 3194 1756 3266 relicta
1809 3191 2183 3266 Ordinario
2236 3192 2579 3265 facultate
2628 3192 3027 3278 iudicandi,
3082 3208 3173 3261 an
3221 3186 3285 3257 id

638 3328 679 3373 ν
717 3305 1034 3394 requirat
1086 3304 1529 3395 personalem
1567 3306 2051 3377 assistentiam
2091 3305 2288 3376 iuxta
2326 3304 2828 3376 resolutionem
2884 3300 2959 3375 S.
3000 3300 3289 3391 Congre-

639 3440 678 3486 ν
722 3417 1052 3508 gationiS‚
1092 3433 1278 3505 quae
1316 3417 1414 3488 ita
1451 3435 1528 3488 se
1563 3416 1826 3489 habet:
1890 3440 1927 3480 ‹<
1976 3417 2254 3489 Petente
2306 3421 2587 3497 curato,
2621 3421 2700 3487 ut
2734 3414 2868 3486 sibi
2905 3412 3290 3486 concedere-

638 3552 677 3598 »
718 3534 834 3601 tur
887 3527 1175 3599 licentia
1227 3527 1605 3600 assistendi
1658 3528 1772 3600 liti
1821 3546 2027 3618 super
2062 3527 2329 3599 iuribus
2382 3526 2709 3598 ecelesiae
2761 3527 2837 3596 in
2889 3525 3087 3605 urbe,
3128 3522 3295 3595 Cott-

637 3666 677 3713 ›
718 3642 1029 3734 qreqatio
1082 3642 1383 3722 censuit,
1420 3641 1514 3713 ad
1549 3660 1671 3711 sex
1723 3660 2022 3722 menses,
2073 3640 2444 3712 dummodo
2494 3646 2730 3712 tamen
2768 3640 2854 3709 lis
2903 3657 3059 3712 vere
3094 3636 3185 3708 sit
3216 3631 3291 3703 de

639 3779 679 3823 ›
714 3753 1038 3835 ecclesia,
1073 3758 1137 3824 et
1177 3751 1563 3825 ordinario
1612 3751 1972 3834 videatur,
2013 3751 2300 3824 Oratori
2344 3752 2812 3823 necessarium
2846 3756 3021 3832 esse,
3055 3755 3134 3823 ut
3173 3761 3291 3836 per

641 3890 680 3933 »
719 3885 789 3937 se
841 3865 1069 3955 ipsum
1119 3864 1233 3937 liti
1284 3863 1602 3936 assistat.
1665 3863 2065 3952 Aliquando
2118 3863 2430 3953 denique
2481 3862 2729 3935 habita
2767 3862 2907 3934 fuit
2943 3857 3290 3933 distinctio

640 4001 679 4047 ιι
720 3977 907 4048 inter
955 3975 1154 4047 litem
1205 3992 1420 4066 super
1471 3975 1679 4047 titulo
1730 3973 2089 4063 beneficii,
2130 3982 2200 4046 et
2239 3975 2433 4045 litem
2470 3993 2685 4067 super
2721 3974 3125 4065 praeteritis
3160 3968 3301 4039 dis-

641 4113 680 4156 »
729 4086 1290 4176 tributionibuS‚
1349 4086 1776 4178 denegando
1848 4086 1919 4157 in
1988 4086 2123 4158 hoc
2174 4086 2490 4158 secundo
2558 4104 2728 4157 casu
2800 4084 3295 4157 admissionem

639 4225 678 4268 ›
717 4200 810 4273 ad
861 4200 1402 4273 distributiones
1453 4218 1581 4290 pro
1619 4206 1935 4288 tempore
1971 4197 2339 4270 absentiae
2396 4198 2591 4269 iuxta
2628 4197 3131 4268 resolutionem
3167 4189 3300 4258 bu·

636 4335 677 4375 »
716 4313 826 4384 ius
879 4310 948 4383 S.
994 4310 1068 4384 C.
1125 4314 1202 4383 in
1236 4312 1599 4403 Aquilaria
1634 4313 1754 4382 23.
1800 4308 1965 4381 Maii
2007 4312 2217 4382 1626.
2262 4306 2423 4403 (lib.
2471 4308 2587 4381 13.
2628 4309 2885 4382 decret.
2922 4327 3085 4400 paq.
3129 4293 3294 4392 5.).·

634 4448 673 4491 ›
717 4425 790 4496 S.
837 4424 1169 4516 Conqreq.
1210 4424 1513 4505 censuit,
1550 4423 2074 4496 distributiones
2120 4423 2379 4513 petitas
2426 4440 2559 4512 pro
2594 4427 2930 4513 tempore,
2964 4436 3093 4511 quo
3134 4426 3305 4504 pro·-

636 4559 676 4603 »
713 4535 1027 4626 sequitur
1064 4536 1255 4608 litem
1307 4536 1382 4606 in
1419 4535 1624 4608 curia
1668 4554 1800 4625 pro
1836 4534 2332 4607 consuetudine
2382 4533 2699 4604 aliarum
2733 4529 3305 4606 distributionum

639 4671 682 4715 ι
719 4646 784 4718 ei
835 4646 1232 4719 debitarum
1283 4666 1425 4719 non
1476 4647 1733 4731 deberi.
1773 4671 1810 4715 ›
