3497 5235
603 264 724 327 484
1364 266 1736 326 humationi·
1776 266 1830 323 8.
1858 266 2042 339 congr.
2073 266 2220 327 Gonu.
2249 271 2520 344 expositio.

603 404 923 476 tramites
972 402 1183 476 Conc.
1242 401 1477 491 Trid.,
1535 404 1606 476 S.
1648 401 1723 474 C.
1765 400 1840 474 C.
1898 400 2303 495 respondit,
2361 405 2449 477 de
2502 416 2587 476 ea
2640 411 2996 477 constare.
3064 402 3268 478 Idem

602 516 809 590 docet
861 513 1294 590 Monacellus
1349 516 1581 589 Form.
1624 516 1753 609 leq.
1796 516 1909 587 tit.
1954 514 2071 589 13.
2110 517 2327 608 form.
2367 516 2441 590 3.
2486 536 2684 589 num.
2730 517 2905 605 16.,·
2949 518 3052 591 ait
3090 519 3286 590 enim

599 624 1029 719 Episcopum
1083 624 1385 700 Ordines
1422 627 1741 701 conferre
1781 645 1988 720 posse
2039 649 2076 693 ‹
2109 629 2197 699 ad
2237 629 2527 700 titulum
2569 629 3079 721 assignationis
3117 649 3284 722 per-

604 761 643 807 ν
682 745 942 833 petuae
980 739 1335 812 fructuum
1366 740 1768 830 aliquorum
1796 739 2148 811 bonorum
2176 724 2573 830 stabilium,
2604 741 2727 830 qui
2756 739 3122 814 sufficiant
3150 758 3281 833 pro

603 874 640 918 »
682 866 992 942 congrua
1030 851 1553 924 sustentatione
1605 851 1920 923 ordinati
1973 846 2080 943 (S.
2122 849 2198 921 C.
2240 849 2451 923 Conc.
2499 852 2615 923 12.
2659 849 3002 923 Februar.
3052 855 3275 926 1598.

603 983 643 1031 ›
684 959 998 1053 Pirliing,
1054 960 1305 1035 Garcia
1338 958 1446 1058 )».
1504 960 1714 1035 Hisce
1767 980 1930 1036 vero
1981 961 2450 1052 temporibuS,
2495 962 2774 1053 quibus
2811 982 2992 1036 nova
3032 965 3274 1056 legum

602 1073 1269 1165 hypothecariarum
1324 1076 1505 1147 ratio
1557 1076 1838 1149 invecta
1892 1080 2042 1160 est,
2109 1072 2388 1146 facilius
2456 1074 2865 1147 huiusmodi
2929 1075 3277 1168 obligatio

602 1187 863 1277 poterit
914 1187 1222 1274 admitti,
1265 1187 1771 1279 hypothecaria
1826 1188 1900 1258 in
1946 1188 2100 1259 eius
2135 1188 2590 1260 securitatem
2644 1189 3112 1278 inscriptione
3163 1209 3281 1261 as-

603 1303 888 1388 sumpta
950 1306 1513 1389 conservataque
1573 1299 1772 1371 iuxta
1834 1317 1958 1387 ea,
2016 1316 2203 1389 quae
2257 1299 2332 1370 in
2383 1298 2779 1390 Compsano
2831 1318 2993 1371 mox
3047 1300 3278 1375 relata

601 1405 677 1480 S.
719 1406 794 1478 C.
853 1407 1063 1481 Conc.
1108 1411 1599 1502 praescripsit.

746 1521 914 1591 412.
973 1519 1200 1613 Super
1249 1523 1428 1595 haec
1478 1521 2094 1596 animadversione
2147 1524 2365 1615 digna
2418 1529 2590 1595 sunt
2624 1541 2736 1610 ea,
2779 1534 2969 1613 quae
3021 1525 3277 1598 scribit

597 1630 868 1706 Bened.
932 1631 1120 1706 XIV.
1178 1636 1307 1707 loc.
1350 1635 1472 1708 cit.
1515 1653 1589 1705 η.
1635 1633 1792 1715 14„
1831 1634 1967 1707 ibi:
2014 1658 2052 1700 ς
2081 1630 2316 1706 Verba
2353 1634 2428 1707 S.
2463 1633 2572 1723 C.,
2614 1653 2802 1725 quae
2849 1636 3068 1726 paulo
3107 1644 3277 1709 ante

599 1770 638 1813 ι
678 1746 1053 1820 retulimus
1103 1743 1210 1840 (in
1262 1747 1531 1819 declar.
1590 1764 1714 1819 an.
1776 1744 2060 1839 4573.),
2119 1763 2279 1818 vere
2327 1751 2394 1819 et
2446 1746 2700 1839 absque
2765 1747 2917 1818 ulla
2968 1747 3275 1838 frande,

597 1883 636 1926 ι
675 1865 742 1931 et
791 1859 867 1929 in
917 1858 1157 1949 forma
1208 1859 1385 1930 iuris
1422 1858 1671 1930 valida
1706 1854 2165 1930 Tridentinae
2203 1855 2469 1948 Synodi
2510 1861 2947 1930 sententiam
2989 1865 3273 1931 tantum

599 1993 637 2038 a>
678 1970 1041 2061 explicant
1091 1963 1314 2064 (SeSS.
1354 1968 1478 2041 21.
1535 1986 1692 2061 cap.
1732 1969 1808 2041 2.
1849 1968 1932 2041 de
1988 1969 2295 2059 Reform.
2297 1963 2374 2064 ),
2429 1969 2503 2040 in
2557 1986 2699 2059 qua
2753 1970 2858 2041 sic
2909 1971 3270 2042 traditur:

598 2105 637 2150 a»
676 2101 752 2153 eo
787 2100 1051 2174 quoque
1076 2083 1280 2172 prius
1307 2088 1695 2171 perspecto,
1723 2081 2240 2172 patrimonium
2276 2080 2490 2163 illud,
2526 2081 2632 2154 vel
2660 2082 3076 2172 pensionem
3123 2102 3278 2155 vere

600 2219 639 2260 a>
679 2196 766 2266 ab
816 2194 914 2266 eis
966 2194 1289 2268 obtineri.
1345 2190 1531 2264 Hinc
1567 2194 1968 2266 necessario
2004 2194 2356 2283 sequitur,
2399 2209 2530 2264 nec
2567 2192 2909 2282 legitima,
2955 2210 3092 2264 nec
3138 2194 3272 2265 iuri

600 2330 637 2374 »
677 2307 1018 2377 canonico
1070 2307 1535 2397 congruentia
1589 2324 1673 2378 ea
1727 2307 2157 2396 patrimonia
2210 2305 2537 2393 iudicari,
2580 2321 2766 2394 quae
2802 2322 2890 2375 ex
2919 2296 3146 2376 bonis
3182 2298 3275 2377 ad

600 2440 637 2484 »
678 2417 895 2488 alium
952 2418 1058 2489 vel
1111 2419 1412 2510 integre,
1470 2418 1578 2488 vel
1633 2436 1891 2509 magna
1947 2438 2034 2490 ex
2092 2425 2292 2509 parte
2344 2406 2842 2508 spectantibus
2873 2416 3281 2489 conficiun-

596 2552 635 2595 ι
676 2534 819 2613 tur;
878 2528 974 2600 ita
1031 2535 1107 2600 ut
1158 2529 1532 2602 ordinatus
1566 2547 1688 2600 eos
1726 2512 2316 2601 fructus'annuos
2353 2530 2717 2622 percipere
2755 2535 3107 2620 nequeat,
3150 2531 3276 2621 qui

597 2664 635 2709 a>
676 2660 718 2711 a
755 2638 1039 2732 Synodo
1074 2643 1325 2715 statuti
1363 2642 1677 2731 fuerunt3
1721 2643 1912 2733 quod
1953 2644 2219 2735 pariter
2252 2644 2341 2716 de
2379 2643 2519 2717 illis
2552 2644 2760 2714 bonis
2795 2644 3275 2715 statuendum

596 2760 829 2841 rest,
888 2772 1110 2844 quae,
1169 2754 1447 2827 adiecto
1500 2755 1894 2827 redimendi
1950 2762 2197 2846 pact0,
2256 2758 2456 2847 prius
2507 2756 2874 2828 divendita
2928 2755 3267 2845 fuerant,

595 2887 632 2931 »
674 2865 922 2936 celatis
990 2872 1115 2937 aut
1184 2866 1780 2939 conventionibus
1851 2874 1975 2939 aut
2027 2875 2442 2940 contractu.
2523 2865 2880 2939 Postremo
2941 2886 2982 2937 a
3049 2871 3274 2941 sacris

595 2999 634 3042 »
676 2978 1169 3049 sanctionibus
1222 2978 1457 3050 aliena
1492 2985 1660 3050 sunt
1697 2998 1780 3052 ea
1819 2979 2277 3069 patrimonia,
2331 2980 2402 3050 in
2443 2979 2707 3068 quibus
2743 2993 3118 3067 expressa,
3160 2980 3271 3051 vel

596 3089 890 3161 »tacita
945 3090 1320 3161 conventio
1372 3087 1792 3178 intercedit,
1850 3098 1930 3163 ut
1985 3089 2186 3162 fundi
2241 3092 2592 3180 possessio
2643 3107 2927 3180 semper
2962 3090 3057 3161 ad
3105 3109 3270 3162 eum

596 3224 633 3267 ιο
675 3202 1059 3291 pertineat,
1093 3201 1213 3291 qui
1245 3202 1519 3273 ratione
1546 3202 1774 3274 solum
1805 3203 2208 3292 patrimonii
2241 3204 2570 3275 eumdem
2603 3201 2899 3273 fundum
2932 3203 3270 3292 contulit,

596 3337 633 3381 »
675 3314 822 3385 sive
876 3320 955 3386 ut
1006 3315 1377 3386 ordinatus
1430 3314 1664 3385 nullos
1701 3313 2016 3401 fructus,
2074 3312 2183 3386 vel
2228 3314 2508 3385 illorum
2546 3319 2826 3386 tantum
2865 3320 3143 3402 partem
3183 3332 3276 3384 ex

595 3449 634 3494 ›
674 3442 756 3496 eo
793 3423 1014 3496 fundo
1052 3426 1408 3512 desumat,
1451 3425 1613 3498 licet
1648 3425 1980 3518 publicae
2020 3425 2316 3498 tabulae
2355 3426 2773 3516 obsignatae
2829 3428 3276 3498 contrarium

594 3562 632 3607 a>
674 3536 1066 3608 declarent.
1108 3531 1328 3606 Nemo
1365 3537 1630 3628 quippe
1671 3555 1815 3607 non
1853 3537 2045 3609 videt
2082 3536 2433 3626 fraudem,
2476 3555 2662 3626 quae
2699 3536 3065 3626 obiicitur,
3109 3555 3277 3608 cum

593 3673 632 3716 ›
671 3647 761 3718 de
814 3665 889 3718 re
944 3648 1355 3738 gravissima
1409 3648 1768 3738 negotium
1823 3647 2202 3720 habeatur.
2245 3646 2701 3739 Disceptatur
2735 3651 2984 3737 etiam,
3027 3657 3278 3720 utrum

591 3783 630 3828 a»
670 3778 935 3851 parens
985 3760 1218 3830 omnia
1273 3778 1403 3829 sua
1456 3758 1643 3830 bona
1699 3759 1845 3830 filio
1908 3776 2034 3849 pro
2096 3762 2569 3850 suscipiendis
2634 3756 3032 3831 Ordinibus
3097 3761 3286 3850 legi-

592 3897 631 3940 »
673 3872 842 3942 time
893 3872 1258 3962 assignare
1310 3872 1557 3961 possit,
1615 3870 1779 3941 licet
1829 3877 2073 3961 partes
2126 3872 2623 3959 haereditatiS,
2664 3889 2850 3961 quae
2888 3873 3149 3942 ceteris
3185 3872 3280 3941 li-

593 4008 632 4049 »
670 3980 864 4054 beris
900 3982 1050 4054 iure
1078 3989 1382 4054 naturae
1412 3980 1794 4068 debentur,
1827 3980 1959 4053 hoc
1987 3988 2197 4071 pacto
2226 3983 2401 4073 ipsis
2430 3982 2959 4069 anteferantur3
3001 3980 3281 4054 deinde

594 4118 632 4163 a>
675 4101 912 4167 utrum
965 4093 1038 4164 id
1092 4103 1349 4183 parens
1404 4094 1696 4182 exsequi
1751 4093 2002 4184 possit,
2062 4093 2121 4164 si
2175 4095 2465 4164 unicum
2504 4091 2769 4165 habeat
2808 4093 3036 4164 filium
3074 4111 3287 4166 eam-

594 4231 631 4272 »
673 4223 814 4295 que
868 4203 1346 4276 conditionem
1401 4205 1836 4295 interponat,
1886 4210 1964 4276 ut
1999 4204 2135 4275 sibi
2175 4204 2265 4275 ad
2302 4206 2517 4276 vitam
2560 4204 2966 4277 necessaria
3003 4220 3289 4293 suppe—

593 4341 633 4384 >
673 4316 1016 4388 ditentur.
1043 4312 1354 4386 Primum
1393 4316 1710 4405 quidem,
1738 4334 1896 4386 cum
1935 4316 2443 4387 detrimentum
2473 4316 2772 4405 reliquis
2800 4314 2969 4386 filiis
3003 4314 3293 4385 iniera-

592 4450 630 4495 ι»
672 4435 814 4514 tur,
856 4426 1053 4497 nulla
1091 4428 1366 4498 ratione
1403 4427 1881 4518 permittitur3
1939 4427 2335 4498 secundum
2374 4445 2537 4498 vero
2577 4428 2973 4518 legitimum
3012 4425 3292 4499 haberi

587 4562 626 4605 ›
668 4539 946 4628 nequit,
1004 4539 1143 4610 nisi
1197 4539 1271 4609 in
1323 4538 1670 4611 bonorum
1725 4539 2207 4630 resignatione
2261 4540 2497 4610 omnia
2552 4540 2972 4631 singillatim
3038 4539 3300 4629 expli-

587 4671 628 4718 >
671 4658 964 4739 centur,
1021 4658 1102 4723 ut
1156 4650 1431 4723 illorum
1486 4670 1810 4740 summa,
1868 4649 2284 4742 fructusque
2321 4652 2546 4724 annui
2598 4650 3290 4744 deprehendantur,
