3497 5235
560 201 677 262 :322
1306 198 1679 259 Iam-notionis
1721 199 1775 257 Β.
1810 196 1991 270 Gongr.
2022 197 2169 258 Ocno.
2213 199 2484 274 expositio.

563 344 633 408 et
686 338 866 407 ratio
918 333 1143 430 (quod
1198 354 1339 407 non
1394 336 1742 406 immerito
1794 336 2141 407 coniicere
2195 331 2393 430 licet)
2447 353 2531 407 ea
2584 336 2745 424 fuit,
2786 336 2984 426 quod
3019 353 3237 407 cano-

563 448 794 534 nicuS,
853 466 1011 520 cum
1066 448 1139 519 in
1192 449 1303 519 ius
1354 454 1645 541 vocatus
1718 446 1974 534 luerit,
2034 448 2294 518 iustam
2349 446 2717 519 absentiae
2768 466 3111 535 causam,
3173 448 3279 518 si,

560 557 961 649 habuisset,
1018 560 1326 650 allegare
1378 565 1694 649 poterat,
1753 560 2076 648 adeoque
2129 558 2321 629 idem
2381 565 2581 646 erat,
2655 577 2738 631 ac
2803 561 2865 630 si
2926 560 3022 631 ad
3070 577 3233 630 eam

565 669 796 759 ipsam
848 689 1137 742 causam
1189 670 1641 762 allegandam
1695 670 1893 741 iuxta
1946 687 2071 757 ea,
2130 688 2316 759 quae
2368 670 2693 743 doctores
2751 673 3229 758 constituunt,

567 799 898 876 expresse
951 791 1242 856 vocatus
1295 782 1573 854 suisset.

717 897 880 968 105.
922 891 1123 976 Quod
1161 895 1220 966 si
1259 895 1648 984 ignoretur,
1683 892 1810 964 ubi
1847 893 2170 965 canonici
2209 892 2554 966 absentes
2590 902 2987 981 versentur,
3024 919 3064 960 ε
3089 913 3233 966 non

569 1036 606 1077 ι»
650 1009 823 1079 satis
859 1012 967 1078 est
1018 1001 1153 1099 (sic
1188 1003 1405 1076 Giral.
1452 1006 1567 1076 Ius
1598 1005 1811 1076 Pont.
1853 1007 1943 1077 P.
1972 1007 2030 1076 Ι.
2078 1006 2225 1077 Sec.
2259 1004 2432 1077 354.
2475 1005 2571 1077 ad
2606 1027 2763 1098 cap.
2803 1004 2909 1079 Ex
2947 1013 3119 1078 tuae
3154 1007 3236 1078 de

568 1147 605 1188 ι»
645 1121 812 1192 cler.
855 1138 995 1190 non
1048 1137 1183 1189 res.
1223 1115 1294 1212 ξ.
1340 1117 1532 1213 Iino)
1587 1117 1861 1207 lapsus.
1900 1118 2116 1189 trium
2171 1136 2523 1189 annorum
2556 1171 2575 1206 ,
2632 1120 2794 1206 sed,
2869 1126 3232 1191 transacto

566 1259 604 1300 »
644 1233 878 1321 tertie,
936 1231 1203 1303 citandi
1257 1236 1425 1302 sunt
1476 1230 1707 1301 trinae
1761 1230 2120 1301 citationis
2171 1230 2405 1302 edicto
2458 1231 2551 1302 ad
2586 1231 2829 1303 valvas
2858 1232 3229 1319 ecclesiae,

567 1368 605 1411 »
645 1350 716 1416 et
750 1349 999 1434 postea
1050 1340 1509 1432 exspectandi
1551 1359 1676 1432 per
1712 1347 1856 1412 tres
1896 1359 2203 1430 menses,
2257 1348 2647 1430 antequam
2687 1344 2777 1414 ad
2815 1344 3235 1434 privationis

567 1481 605 1524 »
645 1456 1078 1528 sententiam
1131 1454 1554 1525 deveniatur
1609 1454 1807 1523 iuxta
1862 1452 2157 1523 formam
2214 1455 2727 1544 praescriptam
2783 1455 2850 1525 in
2889 1456 3013 1527 cit.
3062 1455 3228 1546 Cap.

567 1594 604 1639 ›
645 1566 753 1639 Ex
803 1574 1013 1654 tuae,
1072 1583 1286 1655 quam
1325 1561 1818 1636 Tridentinum
1875 1582 2019 1635 non
2072 1565 2523 1653 immutavit,
2578 1571 2659 1637 ut
2712 1564 2979 1637 ibidem
3032 1572 3235 1637 notat

568 1705 606 1748 »
645 1677 1030 1770 Fagnanus
1083 1698 1277 1749 num.
1319 1675 1441 1749 35.
1477 1700 1515 1743 »

714 1791 879 1862 106.
937 1787 1213 1880 Regula
1267 1809 1307 1859 a
1361 1787 1757 1878 praemissa
1791 1785 2002 1860 Cone.
2044 1783 2442 1859 Tridentini
2475 1787 2702 1860 forma
2737 1788 2825 1860 de
2861 1789 3231 1862 servandis

568 1903 908 1997 gradibus
960 1903 1279 1974 derivata
1335 1925 1371 1966 ‹
1405 1921 1550 1973 non
1605 1920 1834 1992 aeque
1869 1901 2189 1993 procedit
2226 1896 2357 1995 (sic
2392 1902 2520 1993 fol.
2565 1903 2640 1972 in
2678 1909 3066 1974 memorata
3112 1904 3233 1976 Ca-

568 2043 608 2085 »
649 2015 1004 2087 strimaris
1057 2011 1245 2085 Priv.
1287 2012 1554 2084 Canon.
1616 2014 1732 2084 14.
1790 2010 2109 2084 Ianuarii
2161 2013 2375 2083 1741.
2432 2011 2506 2107 ξ.
2556 2013 2732 2109 At),
2788 2013 2913 2084 ubi
2966 2013 3230 2086 reditus

569 2154 606 2199 ›
650 2145 895 2198 omnes
948 2127 1411 2198 canonicatus
1464 2126 1536 2196 in
1592 2125 2032 2215 quotidianis
2082 2122 2712 2196 distributionibus
2788 2127 3223 2211 consistunt;

566 2267 607 2309 a>
651 2248 825 2312 tunc
876 2240 1098 2326 enim,
1157 2257 1299 2308 non
1352 2237 1652 2309 servatis
1702 2237 1918 2309 etiam
1973 2235 2506 2326 praedictarum
2554 2254 2945 2325 poenarum
3006 2237 3228 2328 gradi-

569 2377 607 2420 »
645 2350 810 2439 hus,
865 2351 1078 2421 licere
1128 2345 1478 2439 Episcopo
1530 2349 1622 2419 ad
1676 2346 2140 2419 canonicatus
2192 2347 2665 2436 privationem
2718 2354 2878 2438 post
2911 2349 3225 2439 elapsum

567 2489 608 2531 a>
648 2462 1080 2550 triennium,
1140 2479 1281 2550 quo
1350 2461 1736 2531 canonicus
1797 2459 2034 2530 renuit
2085 2457 2178 2528 ad
2233 2458 2700 2529 residentiam
2753 2478 2828 2531 se
2883 2459 3215 2548 conferre,

569 2600 606 2642 ι»
649 2573 934 2664 praevia
988 2573 1303 2665 legitima
1355 2573 1670 2645 eiusdem
1726 2571 2052 2643 canonici
2106 2569 2475 2657 citatione,
2522 2571 2935 2661 procedere,
2979 2572 3218 2645 docent

568 2710 606 2753 »
647 2683 1132 2776 Ventriglia...
1192 2682 1688 2775 PignattelluS,
1729 2682 2142 2771 Clericatus,
2186 2678 2537 2771 Pitonius,
2577 2681 2891 2754 Barbosa
2928 2684 3014 2756 de
3056 2686 3214 2758 Can.

568 2823 605 2864 ι»
643 2803 709 2868 et
764 2798 977 2889 Diqn.
1036 2817 1192 2889 cap.
1231 2797 1355 2869 20.
1413 2817 1609 2869 num.
1652 2795 1811 2877 48„
1864 2794 1988 2866 ubi
2058 2800 2401 2881 testatur,
2460 2796 2531 2866 S.
2574 2791 2648 2866 C.
2690 2794 3218 2888 Archiepiscopo

565 2933 606 2975 a»
647 2904 1029 2981 Tarentino
1066 2909 1538 2999 rescripsisse,
1580 2908 1763 2998 quod
1796 2907 2076 2978 etiamsi
2111 2925 2345 2977 omnes
2384 2905 2648 2977 reditus
2688 2908 2763 2977 in
2801 2908 3215 2997 quotidianis

568 3044 606 3087 »
646 3019 1254 3092 distributionibus
1307 3020 1733 3100 consistunt,
1779 3038 1911 3109 pro
1958 3019 2189 3107 primo
2239 3023 2305 3088 et
2356 3018 2656 3089 secundo
2701 3038 2895 3090 anno
2922 3018 3212 3109 privatio

567 3130 872 3203 »indici
925 3152 1064 3202 non
1120 3133 1353 3218 debet;
1405 3131 1574 3222 quia
1625 3150 1784 3202 cum
1836 3131 1979 3201 sint
2031 3128 2530 3220 quotidianae,
2582 3134 2649 3199 et
2702 3148 2840 3200 non
2888 3129 3214 3219 percipiat

567 3268 604 3308 »
644 3242 1029 3313 canonicus
1083 3262 1222 3313 non
1276 3242 1673 3323 residendo,
1725 3242 1899 3313 satis
1952 3246 2053 3311 est
2095 3241 2427 3329 privatus
2480 3246 2545 3311 et
2592 3259 2724 3329 pro
2766 3241 3006 3331 primo
3038 3248 3099 3313 et
3130 3259 3219 3311 se-

568 3378 605 3419 »
645 3353 900 3425 cundo.
958 3350 1048 3424 Et
1103 3352 1427 3425 delinivit
1480 3371 1760 3425 sacrum
1813 3348 2155 3422 Tribunal
2210 3352 2284 3420 in
2340 3350 2719 3424 Cathacen.
2767 3338 3076 3434 Canon„
3110 3350 3216 3422 ubi

568 3489 606 3532 »
645 3464 964 3535 discusso
1017 3466 1204 3536 inter
1255 3471 1490 3535 cetera
1541 3463 1762 3534 dubio
1815 3463 2065 3534 tertio:
2126 3463 2236 3534 An
2274 3481 2360 3533 esc
2411 3480 2519 3544 eo,
2556 3464 2739 3554 quod
2774 3465 3219 3535 canonicatus

567 3599 605 3642 »
654 3575 1060 3662 Cathacen.‚
1117 3582 1458 3666 quatenus
1511 3576 1726 3647 etiam
1794 3574 2200 3645 consisteret
2266 3574 2343 3644 in
2397 3574 2564 3645 sotis
2631 3574 3218 3646 distributionibus

568 3712 605 3753 ι»
646 3688 795 3757 sine
835 3686 1276 3777 praebenda,
1325 3693 1391 3758 et
1442 3687 1591 3757 sine
1642 3686 1795 3757 alia
1846 3703 2084 3756 massa
2127 3704 2374 3774 qrossa
2419 3686 2496 3756 in
2536 3685 2728 3757 illius
2759 3687 3218 3776 privationem

567 3822 608 3864 a»
646 3798 725 3868 ob
778 3816 918 3868 non
980 3798 1471 3878 residentiam,
1547 3799 1896 3871 dictorum
1969 3803 2359 3888 temporum
2434 3797 2810 3868 dilationes
2878 3797 3218 3889 potuerint

567 3932 608 3974 a>
648 3908 911 3989 omitti,
963 3928 1038 3980 eo
1088 3909 1258 4000 quia
1293 3910 1486 3981 illius
1522 3909 1885 4001 dispositio
1922 3928 2059 3980 non
2098 3908 2537 4000 applicatur,
2571 3928 2659 3980 ea:
2693 3928 2859 4001 quo,
2892 3909 3217 4000 fructibus

570 4045 608 4088 ν
648 4038 790 4091 non
840 4021 1328 4102 existentibus,
1375 4039 1514 4092 non
1566 4020 1805 4093 valeat
1847 4020 2130 4112 procedi
2169 4019 2265 4091 ad
2302 4020 2588 4091 illorum
2623 4021 3218 4112 sequestrationem

567 4153 606 4200 ν
647 4149 771 4201 nec
826 4131 900 4202 in
947 4137 1188 4222 parte,
1224 4151 1346 4203 nec
1382 4133 1457 4202 in
1495 4137 1745 4213 totum,
1801 4151 1921 4203 nec
1975 4133 2051 4201 in
2098 4132 2367 4222 primo,
2404 4151 2527 4203 nec
2564 4131 2639 4203 in
2676 4133 2982 4204 secundo
3014 4149 3213 4208 anno,

567 4264 606 4311 ν
648 4242 807 4312 licet
834 4242 1033 4315 hodie
1066 4262 1101 4313 e
1135 4262 1465 4315 converso
1491 4243 1866 4315 succedant
1895 4243 2039 4313 loco
2067 4243 2428 4326 fructuum
2456 4250 2522 4315 et
2543 4243 2983 4335 praebendae
3010 4242 3216 4314 dictae

566 4375 605 4422 ν
647 4353 1203 4438 distributiones,
1230 4355 1335 4426 vel
1372 4374 1617 4427 earum
1645 4360 1855 4447 quota
1888 4374 1975 4426 ea:
2003 4355 2456 4445 dispositione
2489 4356 2792 4426 eiusdem
2826 4347 3208 4429 Canciliib

566 4464 702 4534 sub
741 4465 855 4537 die
897 4463 1418 4538 14.Novembr.
1451 4467 1663 4538 1671.
1706 4466 2337 4556 rescriptum'fuit:
2385 4488 2422 4530 ‹
2455 4466 2563 4539 Ad
2597 4464 2707 4537 3..·
2748 4467 2824 4539 in
2861 4487 3032 4540 casu
3064 4479 3212 4557 pro-

571 4598 610 4644 »
641 4577 870 4666 posito
911 4598 1111 4669 posse
1161 4577 1390 4651 omitti
1442 4578 2017 4670 sequestrationes
2067 4579 2463 4668 fructuum,
2505 4596 2647 4650 non
2684 4585 2919 4651 autem
2952 4575 3214 4652 dilatio·
