3497 5235
1075 339 1361 398 Instruetic
1403 338 1456 396 8.
1485 336 1668 410 Oougr.
1708 336 1879 411 Epire.
1916 334 1973 392 et
2009 332 2193 407 Begul.
2846 325 2964 386 535

452 468 856 544 XXXVIII.
897 471 1323 564 Comparitio
1375 490 1501 562 pro
1537 470 2019 563 appellatione
2073 464 2399 543 facienda
2445 468 2552 535 est
2604 459 2788 532 inira
2826 465 2970 531 ter-

304 582 579 655 minum
635 585 880 656 decem
958 585 1233 656 dierum
1288 604 1327 655 a
1401 583 1886 655 notificatione
1954 566 2399 663 sententiae3
2456 593 2597 664 quo
2661 573 2964 644 termino

304 695 653 767 inutiliter
705 696 974 786 elapso,
1015 698 1372 769 sententia
1428 696 1580 785 ipsa
1638 696 1710 766 in
1764 692 2204 766 executionis
2255 696 2449 761 statu
2503 686 2876 777 reperitur.

460 803 794 877 XXXIX.
842 804 1270 899 Interposita
1323 807 1804 899 appellatione
1841 805 2021 878 inira
2059 805 2299 877 decem
2339 802 2518 885 dies,
2561 799 2752 870 curia
2807 795 2975 867 abs-

308 937 450 1010 que
520 938 715 992 mora
766 922 1064 993 remittit
1132 920 1223 991 ad
1298 920 1796 993 auctoritatem
1863 916 2412 989 ecclesiasticam
2482 909 2962 1001 superiorem,

308 1030 504 1121 apud
558 1049 770 1119 quam
828 1033 1214 1125 appellatio
1268 1032 1454 1104 facta
1507 1039 1640 1116 est,
1680 1048 1930 1102 omnes
1980 1033 2182 1099 actus
2232 1042 2492 1097 causae
2559 1020 2970 1112 originaleS,

307 1140 494 1213 idest
545 1160 982 1232 processum,
1024 1145 1456 1231 restrictum,
1499 1142 1957 1215 detensiones
1992 1146 2063 1212 et
2112 1136 2574 1209 sententiam.

456 1252 610 1325 XL.
657 1256 1051 1328 Auctoritas
1101 1257 1578 1328 ecclesiastica
1643 1253 1992 1344 superior,
2050 1248 2260 1340 capta
2314 1246 2715 1337 cognitione
2770 1249 2974 1313 actus

310 1366 839 1455 appellationiS,
883 1367 1214 1439 intimare
1252 1368 1421 1439 facit
1458 1367 1878 1458 appellanti,
1923 1371 2000 1435 ut
2044 1360 2229 1433 inira
2281 1361 2668 1432 terminum
2720 1353 2970 1444 viginti

309 1476 582 1548 dierum
636 1476 1081 1549 defensorem
1148 1480 1584 1566 constituat,
1642 1477 1768 1567 qui
1822 1473 2205 1566 approbari
2271 1469 2488 1543 debet
2557 1465 2648 1538 ab
2719 1464 2972 1538 eadem

306 1590 652 1679 superiori
707 1590 1156 1665 auctoritate.

454 1695 643 1770 XLI.
691 1698 998 1773 Decurso
1051 1703 1238 1775 dicto
1291 1703 1594 1775 termino
1643 1699 2119 1792 peremptorio
2157 1694 2432 1784 absque
2484 1693 2768 1780 effectu,
2811 1710 2978 1764 cen·-

310 1816 508 1882 setur
559 1814 935 1904 appellans
988 1815 1320 1885 nuntium
1376 1816 1650 1886 misisse
1703 1810 2207 1904 appellationis
2258 1806 2634 1889 beneficiO,
2675 1814 2747 1876 et
2797 1805 2975 1877 haec

313 1931 830 2012 consequenter
880 1933 1253 2017 perempta
1306 1925 1709 1998 declaratur
1762 1944 1803 1995 a
1855 1920 2201 2014 superiori
2256 1918 2707 1989 auctoritate.

312 2180 413 2233 v1.
456 2183 515 2234 Si
557 2197 712 2234 nemo
751 2190 1090 2249 compareat,
1134 2187 1233 2236 aut
1271 2185 1319 2237 si
1357 2183 1760 2249 appellationis
1788 2185 1917 2234 acta
1943 2181 2302 2244 negligenter
2334 2178 2424 2229 vel
2451 2174 2734 2228 malitiose
2763 2177 2983 2238 protra-

453 2265 683 2331 hantur,
709 2283 1019 2333 congruens
1046 2275 1265 2334 tompus
1292 2287 1326 2324 ι
1350 2271 1407 2324 S.
1427 2269 1877 2334 Congregationo
1909 2268 2289 2331 praefiniet-ur,
2316 2279 2422 2329 quo
2448 2262 2740 2312 inutiliter
2769 2259 2979 2325 elapso,

454 2365 620 2403 causa
659 2353 880 2405 deserta
920 2366 1235 2422 censeatur,
1276 2362 1335 2409 et
1373 2357 1655 2408 sent-»ntia
1692 2357 1880 2406 curiae
1920 2352 2257 2418 episcopalis
2303 2348 2617 2401 executioni
2668 2346 2978 2398 mandetur.

313 2434 445 2486 VII.
486 2436 620 2500 Reo,
665 2443 766 2489 aut
806 2440 928 2504 illi,
972 2442 1067 2506 qui
1108 2441 1228 2493 eius
1266 2441 1643 2492 defensionem
1683 2441 1960 2504 suscepit,
2003 2435 2315 2489 tradendus
2353 2439 2443 2486 est
2490 2433 2809 2482 restrictus
2863 2444 2983 2494 pro-

457 2534 665 2588 cessus,
708 2525 804 2588 qui
843 2540 875 2574 a
916 2527 1095 2577 iudice
1136 2527 1382 2579 relatore
1420 2526 1732 2578 conficitur.
2904 2584 2911 2591 ,

311 2603 476 2660 VIII.
515 2608 930 2676 Allegationes,
975 2628 1067 2664 seu
1115 2611 1467 2663 defensiones
1507 2609 1994 2663 Eminentissimis
2029 2605 2302 2659 Patribus
2351 2600 2775 2656 distribuendae
2822 2600 2984 2667 typis

457 2709 563 2744 non
602 2700 1051 2764 committantur,
1096 2701 1210 2752 nia-i
1252 2699 1417 2751 iudex
1461 2702 1676 2751 relator
1719 2696 2073 2764 imprimendi
2116 2696 2340 2746 veniam
2381 2692 2624 2743 dederit.

316 2773 422 2829 IX.
462 2780 643 2831 Causa
681 2782 975 2834 definietur
1015 2788 1169 2835 stata
1207 2784 1294 2835 die
1322 2786 1404 2835 -ab
1442 2783 1927 2836 Eminentissimis
1965 2781 2234 2834 Patribus
2269 2780 2328 2829 in
2363 2780 2519 2842 pleno
2544 2773 2835 2828 Auditorio
2859 2786 2981 2822 con·

460 2867 732 2927 gregatis,

315 2945 390 2997 X.
431 2947 627 2998 Eidem
667 2951 1099 3015 congregationi
1146 2955 1478 3004 Procurator
1524 2952 1818 3004 Generalis
1865 2950 2020 3012 fisci,
2069 2953 2125 3000 et
2167 2948 2332 2999 iudex
2379 2947 2589 2997 relator
2642 2944 2980 2994 intererunt.

312 3029 418 3081 XI.
460 3031 635 3083 Iudex
673 3035 883 3086 relator
919 3037 984 3088 de
1025 3041 1144 3090 toto
1180 3043 1336 3089 statu
1376 3052 1574 3088 causae
1612 3038 1678 3087 ad
1722 3035 2214 3088 Eminentissimos
2252 3034 2450 3083 Patres
2479 3031 2670 3091 refert,
2701 3035 2757 3079 et
2785 3029 2983 3078 Procu-

462 3121 617 3167 rator
639 3118 934 3172 Generalis
962 3123 1079 3172 flsci
1116 3123 1296 3173 stabit
1319 3138 1415 3186 pro
1435 3121 1591 3171 curia
1614 3121 1937 3186 episcopali,
1965 3135 2200 3184 suasque
2227 3117 2608 3168 conclusiones
2633 3111 2982 3177 explanabit.

315 3199 451 3251 XII.
493 3202 625 3252 Post
666 3206 797 3256 haec
836 3207 1289 3259 Eminentissimi
1341 3209 1539 3258 Patres
1594 3206 1862 3257 iudicium
1901 3205 2220 3270 proferent,
2262 3199 2599 3252 sententiam
2650 3198 2837 3248 curiae
2873 3196 2989 3259 epi-

461 3289 700 3350 scopalis
738 3298 837 3341 aut
877 3293 1267 3366 confirmando,
1309 3298 1410 3343 aut
1452 3291 1801 3354 infirmando,
1846 3294 1944 3341 aut
1983 3290 2154 3340 etiam
2197 3285 2565 3338 reformando.

315 3368 484 3420 XIII.
524 3372 754 3424 Prolata
795 3377 1084 3427 sententia
1123 3392 1230 3427 una
1268 3392 1388 3426 cum
1430 3377 1685 3426 omnibus
1737 3375 1883 3427 actis
1932 3389 2132 3426 causae
2184 3372 2253 3423 ad
2292 3370 2532 3423 eamdem
2582 3369 2807 3421 Curiam
2851 3364 2984 3428 Epi-

461 3457 734 3519 scopalem
774 3462 1108 3525 remittitur,
1154 3466 1215 3512 ut
1255 3477 1374 3512 eam
1415 3464 1774 3526 exsequatur.

314 3537 473 3590 XIV.
521 3541 783 3600 Revisio,
828 3559 921 3595 seu
972 3549 1278 3609 recognitio
1316 3547 1399 3599 rei
1440 3547 1720 3598 iudicatae
1769 3559 1878 3596 non
1928 3541 2270 3604 conceditur,
2322 3539 2436 3590 nisi
2484 3539 2608 3589 eius
2655 3533 2985 3587 tribuendae

459 3627 709 3687 potestas
746 3641 779 3676 a
816 3629 1135 3682 Sanctitate
1176 3634 1288 3685 Sua
1327 3634 1479 3684 facta
1519 3632 1722 3693 fuerit,
1768 3635 1825 3680 et
1867 3631 2093 3680 subsint
2133 3626 2502 3690 gravissimae
2549 3638 2777 3686 causae,
2822 3634 2986 3685 super

462 3709 667 3772 quibus
703 3713 950 3775 cognitio
988 3718 1045 3766 et
1083 3716 1350 3767 iudicium
1388 3718 1457 3768 ad
1499 3715 1806 3782 plenariam
1847 3712 2347 3776 congregationem
2387 3709 2683 3774 pertinet..

319 3791 445 3845 XV.
487 3792 685 3846 Sciant
712 3795 950 3863 denique
981 3801 1168 3852 curiae
1202 3802 1581 3865 Episcolales,
1616 3815 1712 3866 per
1739 3801 2081 3850 novissimas
2112 3799 2282 3860 leges,
2314 3809 2454 3861 quae
2486 3792 2555 3844 ad
2585 3788 2990 3853 investiganda

460 3881 518 3928 et
564 3882 859 3932 coercenda
896 3886 1135 3942 crimina
1171 3901 1270 3949 pro
1307 3886 1697 3937 tribunalibus
1738 3886 1903 3936 laicis
1961 3884 2342 3950 promulgatae
2382 3885 2548 3943 sunt,
2605 3877 2749 3928 nihil
2798 3876 2987 3926 detra·

458 3967 609 4016 ctum
648 3983 767 4019 esse
804 3970 869 4021 de
908 3970 1108 4023 formis
1145 3980 1202 4023 et
1242 3974 1456 4035 regulis
1494 3973 1799 4038 canonicis,
1844 3986 1981 4037 quas
2024 3970 2250 4034 proinde
2297 3967 2453 4034 sequi
2501 3967 2720 4018 omnino
2759 3964 2980 4024 debent,

462 4062 570 4099 non
608 4053 760 4104 modo
800 4054 861 4105 in
907 4057 1244 4108 conficiendo
1293 4071 1570 4122 processu,
1623 4058 1692 4108 ad
1742 4072 1901 4123 quem
1954 4059 2214 4122 spectant
2263 4054 2396 4105 haec
2447 4053 2616 4103 verba
2657 4049 2830 4101 edicti
2874 4046 2990 4097 diei

461 4133 516 4185 5.
547 4137 875 4191 Novembris
905 4142 1086 4194 leam
1125 4140 1293 4190 Nihil
1333 4143 1682 4202 innovetur,
1716 4152 2005 4207 quantum
2041 4139 2115 4188 ad
2146 4138 2383 4188 iudicia
2413 4135 2830 4186 ecclesiastica
2853 4148 2989 4196 per-

463 4222 616 4271 tinet
644 4251 682 4259 —
710 4241 898 4277 verum
938 4227 1107 4276 etiam
1148 4227 1208 4275 in
1247 4227 1439 4291 poenis
1478 4225 1852 4292 decernendis,
1897 4222 2345 4292 quemadmodum
2388 4223 2447 4271 in
2492 4219 2794 4286 appendice
2842 4218 2995 4269 eius-

458 4304 578 4358 dem
628 4310 796 4361 edicti
848 4313 934 4361 ita
979 4318 1201 4361 cautum
1248 4314 1367 4361 est:
1423 4310 1785 4360 Tribunoelia
1837 4310 2298 4360 iurisdictionis
2351 4307 2570 4357 miaetae
2626 4305 2879 4354 clericos
2934 4310 2991 4352 et

446 4409 742 4459 personas
785 4397 1230 4446 ecclesiasticas
1272 4397 1352 4446 iis
1385 4397 1601 4459 poenis
1644 4399 2055 4456 mulctabant,
2109 4412 2254 4461 quas
2311 4392 2639 4445 secundum
2692 4405 2985 4454 canones,

458 4489 517 4531 et
566 4481 1047 4532 Constitutiones
1091 4483 1474 4547 Apostolicas
1520 4483 1799 4531 tribunal
1841 4483 2317 4532 ecclesiasticum
2360 4479 2574 4530 iisdem
2616 4479 2995 4540 ira-cyanu—

1453 4640 1503 4692 1.
1544 4639 1611 4694 A.
1656 4642 1859 4694 caru).
1902 4640 2073 4694 Sana
2111 4642 2537 4694 PRAm-nc‘rns

1454 4742 1504 4797 1.
1542 4741 1877 4796 Patriarcha
1916 4743 2599 4808 constantinopolitanus,
2632 4741 2845 4793 Secret-
