3497 5235
638 325 757 387 510
1387 324 1761 383 Iun-notioni·
1803 323 1855 381 8.
1886 322 2069 397 Oongr.
2098 319 2245 379 (ione.
2287 319 2556 395 expositio.

643 459 837 532 Ordo
871 460 1102 532 divini
1152 458 1356 551 officii
1405 457 1759 530 recitandi
1773 477 1876 530 -ac
1919 457 2122 529 Sacri
2164 454 2585 546 peraqendi,
2637 454 2847 546 vulgo
2896 453 3320 527 calendario

642 573 1103 661 quaestiones
1161 579 1307 642 tum
1361 590 1400 641 a
1458 570 1855 660 theologiae
1911 567 2221 652 moralis,
2266 574 2415 638 tum
2454 584 2494 635 a
2532 583 2776 648 sacrae
2827 566 3163 656 liturgiae
3217 567 3326 638 di-

639 683 965 773 sciplinis
1020 683 1283 773 petitae
1335 689 1856 772 proponantur,
1915 699 2097 770 quas
2147 677 2608 752 ecclesiastici
2662 677 2818 765 viri,
2860 677 3182 769 legitimo
3230 696 3320 750 ne

637 800 895 866 coeant
947 792 1459 884 impedimento
1511 794 1780 864 detenti
1838 792 1910 862 in
1947 791 2231 882 scriptis
2284 797 2669 862 teneantur
2720 797 3055 862 accurate
3092 791 3318 862 resol-

642 921 833 990 vere,
890 910 961 976 et
996 904 1088 975 ad
1125 905 1396 975 curiam
1448 904 1925 994 episcopalem
1979 902 2283 974 fideliter
2337 902 2660 989 mittere3
2717 901 2912 971 curia
2951 919 3119 973 vero
3170 901 3322 991 epi-

643 1014 947 1104 scopalis
998 1016 1444 1106 singulorum
1516 1016 1778 1106 scripta
1849 1014 2096 1086 sedulo
2149 1014 2560 1105 expendat,
2636 1021 2707 1085 et
2760 1013 2879 1085 ubi
2934 1034 3118 1105 opus
3171 1018 3318 1105 sit,

642 1126 978 1199 emendet
1026 1146 1111 1199 ac
1146 1128 1476 1218 corrigat,
1534 1135 1606 1200 et
1659 1130 1758 1199 ita
1811 1128 2194 1200 emendata
2231 1133 2302 1199 et
2338 1134 2649 1200 correcta
2702 1130 2852 1200 suis
2904 1130 3324 1202 auctoribus

641 1248 1045 1332 opportune
1099 1242 1439 1313 remittat.

793 1353 961 1424 465.
1014 1349 1209 1434 Quae
1248 1372 1494 1424 norma
1532 1352 1607 1424 in
1646 1352 2285 1425 ecclesiasticorum
2325 1358 2805 1424 conventuum
2844 1350 3330 1424 celebratione

639 1464 999 1536 servanda
1052 1465 1170 1551 sit,
1230 1463 1444 1554 plane
1496 1463 1745 1535 edocet
1803 1463 2180 1535 methodus
2233 1484 2271 1533 a
2326 1460 2593 1535 Bened.
2636 1459 2841 1534 XIII.
2886 1464 2958 1534 in
3013 1460 3331 1534 Romani

642 1574 933 1647 Concilii
987 1576 1382 1666 appendice
1433 1574 1568 1646 sub
1625 1593 1920 1647 numero
1977 1571 2200 1645 xvll.
2261 1575 2554 1663 tradita,
2614 1594 2829 1665 quam
2877 1574 3225 1646 dabimus
3259 1577 3330 1646 in

644 1686 1005 1758 volumine
1063 1682 1193 1756 111.
1248 1686 1382 1758 sub
1439 1705 1639 1757 num.
1698 1687 1818 1757 41.
1878 1683 2057 1756 Nam
2109 1684 2491 1779 Episcopi,
2569 1688 2691 1776 qui
2746 1688 2934 1757 intra
2986 1682 3330 1757 Pisanam

640 1804 720 1871 et
769 1797 1175 1888 Capuanam
1231 1799 1668 1891 provinciam
1721 1799 2225 1887 continentur,
2299 1799 2528 1871 eidem
2601 1815 2677 1869 se
2740 1796 3195 1869 conformare
3245 1816 3330 1870 ex

648 1910 805 2000 lege
858 1916 1236 1982 tenentur:
1313 1910 1436 1999 qui
1490 1928 1653 1981 vero
1707 1915 1938 2003 extra¹
1978 1928 2098 1982 eos
2168 1909 2428 1981 limites
2482 1909 2969 1982 extenduntur
3003 1961 3024 1997 ‚
3102 1928 3193 1980 ex
3245 1927 3327 1980 ea

649 2019 925 2091 babent
958 2021 1389 2111 exemplum,
1435 2019 1629 2110 quod
1684 2021 1944 2092 imitari
2000 2021 2299 2112 possint.
2360 2016 2662 2110 Insuper
2707 2021 2780 2091 S.
2821 2017 2894 2091 C.
2940 2020 3128 2092 solet
3164 2017 3332 2110 Epi-

652 2150 904 2223 scopos
940 2132 1235 2215 hortari,
1270 2139 1344 2204 ut
1382 2132 1617 2204 bacin
1647 2151 1721 2203 re
1761 2133 2140 2204 consulant
2168 2124 2529 2204 Benedicti
2562 2128 2754 2203 XIV.
2790 2133 2968 2204 Inst.
3003 2133 3178 2204 eccl.
3201 2131 3320 2205 32.

651 2250 729 2317 et
781 2245 1076 2336 insuper
1133 2245 1296 2318 102.
1342 2266 1425 2318 ac
1464 2244 1672 2327 103„
1708 2247 1784 2315 in
1822 2245 2088 2334 quibus
2125 2245 2480 2333 quidquid
2526 2243 2617 2315 ad
2655 2244 2787 2317 hoc
2824 2254 3326 2336 argumentum

659 2356 997 2446 pertinet,
1056 2359 1336 2446 copiose
1389 2359 1770 2449 exponitur
1819 2364 1889 2429 et
1941 2357 2364 2447 explicatur.

806 2466 972 2538 466.
1033 2463 1117 2537 ln
1155 2469 1647 2559 expendendis
1698 2464 2210 2560 Episcoporum
2264 2468 2489 2539 literis
2525 2468 2615 2540 de
2648 2473 2840 2541 statu
2889 2468 3329 2554 dioecesum,

656 2579 1074 2671 praesertim
1112 2586 1514 2653 exterarum
1554 2581 1901 2672 gentium,
1945 2580 2137 2653 haud
2193 2597 2349 2651 raro
2386 2579 2765 2671 colligitur,
2817 2580 3127 2652 inveniri
3165 2577 3337 2671 Epi-

656 2709 933 2785 scopOS,
977 2695 1097 2782 qui
1150 2695 1225 2764 in
1278 2693 1847 2767 sacerdotalibus
1896 2693 2299 2766 huiusmodi
2340 2692 2659 2764 coetibus
2703 2692 3058 2765 habendis
3096 2692 3338 2762 varias

658 2807 1118 2894 quaestiones
1154 2807 1243 2878 de
1281 2826 1354 2879 re
1392 2807 1821 2898 dogmatica,
1882 2807 1971 2879 de
2026 2807 2176 2877 iure
2213 2807 2580 2893 canonico,
2638 2804 2726 2876 de
2762 2804 2976 2876 rebus
3014 2803 3331 2890 biblicis‚

661 2916 963 3006 aliisque
1017 2918 1087 2991 id
1144 2937 1367 3010 genus
1420 2919 1804 3010 disceptari
1857 2916 2181 2990 iubeant.
2237 2913 2446 2988 Hunc
2500 2934 2710 2987 usum
2763 2913 2835 2986 S.
2878 2913 2950 2990 C.
3003 2933 3147 2985 non
3203 2916 3344 2986 im-

660 3028 958 3120 probat,
1027 3035 1244 3119 atque
1298 3031 1476 3102 adeo
1530 3029 1823 3116 laudat,
1896 3029 2282 3101 dummodo
2336 3036 2575 3100 tamen
2627 3027 3187 3117 disceptationes
3243 3026 3340 3098 de

661 3142 1061 3232 disciplinis
1116 3141 1507 3214 moralibus
1543 3147 1614 3212 et
1652 3141 1995 3232 liturgicis
2035 3159 2121 3211 ne
2159 3140 2424 3226 desint,
2484 3140 2658 3229 quin
2696 3139 2834 3209 imo
2869 3138 3339 3230 praecipuam

661 3251 799 3323 sibi
853 3253 1219 3326 vindicent
1255 3260 1559 3344 partem.
1626 3250 1812 3325 Alias
1865 3255 2154 3343 insuper
2206 3251 2399 3323 baud
2440 3270 2593 3323 raro
2647 3251 2931 3339 accidit,
2988 3256 3067 3322 ut
3113 3269 3344 3338 quae-

661 3364 929 3435 stiones
965 3383 1005 3437 e
1041 3366 1287 3437 morali
1331 3365 1680 3458 theologia
1718 3366 1975 3437 discuti
2013 3365 2331 3451 soleant,
2387 3364 2513 3435 sed
2550 3363 3089 3453 disciplinarum
3130 3361 3342 3431 litur-

669 3474 982 3565 gicarum
1038 3479 1495 3567 pertractatio
1548 3478 2035 3549 desideretur:
2094 3477 2423 3566 quocirca
2465 3494 2607 3547 non
2642 3475 2904 3547 omittit
2954 3474 3344 3565 diligenter

666 3586 960 3673 instare,
1003 3594 1080 3658 ut
1120 3588 1254 3660 hae
1291 3607 1576 3679 quoque
1613 3588 1832 3661 rebus
1870 3587 2258 3659 moralibus
2292 3589 2583 3658 omnino
2618 3588 3164 3658 interserantur.

819 3698 985 3770 467.
1045 3696 1148 3770 Ex
1202 3703 1637 3794 praescripto
1694 3696 1997 3772 Romani
2050 3698 2339 3771 Concilii
2393 3699 2691 3791 singulis
2760 3695 3344 3771 bebdomadibus

664 3809 1126 3882 ecclesiastici
1165 3812 1292 3883 viri
1333 3814 1709 3884 convenire
1760 3811 2134 3898 deberent,
2193 3813 2289 3882 ita
2346 3818 2424 3883 ut
2476 3811 2769 3883 alternis
2805 3809 3084 3882 vicibus
3130 3827 3338 3880 casus

665 3921 954 3992 moralis
1007 3921 1116 3993 vel
1170 3923 1542 4014 liturgicus
1593 3922 1967 3996 enodetur.
2033 3921 2131 3993 Ab
2170 3924 2301 3996 hoc
2357 3929 2595 3994 tamen
2647 3924 2877 4014 rigore
2914 3923 3342 4013 aliquantis-

665 4051 794 4124 per
831 4040 1302 4124 temperatum
1341 4043 1493 4122 est3
1552 4054 1716 4106 nam
1774 4036 1845 4107 S.
1887 4033 2102 4127 Cong.
2153 4036 2607 4109 conniventia
2646 4053 2728 4107 ac
2763 4034 3338 4106 dissimulatione

665 4147 916 4235 utitur,
977 4148 1256 4236 quoties
1308 4146 1844 4235 animadvertit,
1904 4147 2094 4237 quod
2135 4148 2449 4239 ‚singulis
2501 4146 2907 4236 quindecim
2966 4145 3220 4216 diebus
3259 4149 3344 4213 et

663 4258 878 4329 etiam
919 4258 1241 4347 quolibet
1280 4276 1523 4330 mense
1577 4260 1762 4330 coire
1817 4260 2118 4345 soleant,
2180 4261 2276 4331 ita
2314 4265 2583 4344 tamen,
2640 4264 2712 4328 ul
2769 4257 2845 4327 in
2884 4258 3133 4329 eodem
3169 4274 3350 4327 con-

666 4376 883 4441 ventu
937 4376 1009 4441 et
1057 4389 1266 4444 casus
1320 4370 1602 4441 moralis
1653 4379 1723 4443 et
1765 4371 2133 4461 liturgicus
2183 4377 2681 4462 pertractetur.
2739 4364 2940 4450 Quod
2981 4389 3140 4442 vero
3177 4385 3352 4458 per·

664 4481 849 4554 tinet
884 4481 974 4552 ad
1012 4479 1401 4573 Episcopos
1436 4490 1633 4556 extra
1677 4484 2108 4573 provinciam
2149 4479 2543 4554 Romanam
2590 4482 3045 4569 constitutos,
3088 4498 3354 4571 quam-

668 4593 776 4661 vis
802 4597 1207 4667 eorumdem
1238 4602 1564 4667 coetuum
1604 4594 2082 4684 frequentiam
2119 4595 2327 4667 enixe
2366 4595 2837 4681 commenlet,
2871 4594 3350 4666 nibilominus

667 4701 730 4769 si
766 4704 1001 4776 minus
1037 4725 1251 4796 quam
1292 4708 1664 4781 duodecim
1720 4708 2020 4799 vicibuS,
2078 4716 2251 4800 quot
2304 4726 2557 4801 nempe
2600 4717 2771 4781 sunt
2815 4711 2991 4781 anni
3027 4723 3346 4795 menses,
