3497 5235
567 229 684 303 ⁰⁸1³·
711 230 781 288 ΙΙ.
821 231 896 288 Do
936 231 1199 306 Episcopo,
1240 231 1651 306 Archiopinoopo,
1689 232 1918 290 Printto
1958 231 2016 289 ot
2051 231 2376 290 Putrinroha.
2419 233 2471 307 g.
2500 232 2549 288 3.
2775 229 2891 292 199

283 393 311 431 ›
339 364 819 439 ecclesiastico?
846 393 884 433 ι»
923 368 1297 457 respondit
1325 368 1664 460 Neyative
1699 362 1895 461 (Lib.
1931 368 2051 438 47.
2084 367 2351 439 decret.
2393 386 2466 457 p.
2501 367 2670 437 331.
2711 361 2891 438 Vide

279 479 370 550 fol.
418 481 482 550 in
527 480 850 552 Elboren.
908 480 1182 552 dubior.
1241 480 1335 551 ad
1388 480 1575 552 diem
1613 481 1701 551 ·2.
1748 478 1924 571 Aug.
1982 480 2195 552 1721.
2251 475 2325 573 ξ.
2369 474 2633 572 Item).
2690 473 2892 549 Idem

277 590 344 661 de
386 590 780 664 ordinandis
831 593 1039 665 titulo
1091 593 1456 683 pensionis
1507 593 1583 662 in
1635 591 1883 664 eodem
1938 592 2103 664 folio
2156 591 2538 664 dicendum
2587 590 2894 663 traditur

278 718 343 771 ex
370 705 765 775 auctoritate
805 700 1150 776 Monacel.
1195 705 1429 776 Form.
1471 706 1634 795 Leq.
1679 701 1869 776 Part.
1905 700 1965 773 I.
2007 705 2120 776 tit.
2155 706 2226 775 3.
2269 703 2473 776 [orm.
2520 704 2635 774 17.
2677 724 2750 776 n.
2787 704 2887 791 1.‚

276 812 368 900 qui
410 813 495 883 ita
543 813 792 886 scribit
848 838 886 879 ι
924 810 1015 887 Et
1067 815 1260 905 quod
1294 816 1556 888 dicitur
1591 816 1680 888 de
1716 816 2174 905 patrimonio,
2214 815 2533 909 procedit
2570 816 2644 886 in
2683 817 2892 888 titulo

276 948 304 988 ›
334 926 692 1015 pensionis,
751 930 920 1017 quia
954 927 1137 999 baec
1170 928 1448 1000 nullum
1485 927 1707 1000 babet
1759 930 1872 999 ius
1922 928 2295 1018 spirituale
2332 945 2723 1016 annexum,
2763 928 2893 1000 sed

274 1039 619 1111 »consistit
672 1040 748 1110 in
800 1058 992 1111 mera
1045 1040 1604 1131 temporalitate,
1645 1041 1855 1111 sicuti
1893 1040 2436 1130 patrimonium3
2496 1046 2566 1111 et
2617 1045 2894 1112 utrum-

274 1165 443 1236 »que
490 1151 852 1242 siguificat
902 1149 1113 1224 Conc.
1172 1149 1363 1224 Trid.
1423 1150 1612 1224 Sess.
1665 1154 1787 1223 22.
1845 1171 2005 1243 cap.
2047 1153 2119 1222 2.
2161 1151 2244 1223 de
2281 1152 2629 1243 Reform„
2684 1152 2895 1241 quid-

270 1281 297 1323 »
327 1260 472 1347 quid
507 1262 894 1333 dicendum
926 1271 1140 1351 esset,
1174 1265 1496 1354 praecisa
1524 1264 1713 1337 dicta
1742 1261 1947 1335 Bulla
1985 1264 2075 1335 de
2113 1262 2442 1333 familiari
2472 1263 2886 1351 triennali,»

262 1367 416 1442 iuxta
465 1391 759 1446 sensum
812 1375 1277 1465 antiquarum
1331 1376 1895 1447 declarationum
1948 1371 2020 1446 S.
2062 1372 2136 1444 (1.
2176 1371 2495 1445 Concilii.

373 1478 561 1563 Quod
613 1493 967 1577 superest,
1025 1489 1086 1558 si
1124 1489 1285 1577 quis
1339 1488 1517 1557 alias
1569 1488 2086 1558 controversias
2139 1504 2225 1557 ex
2261 1486 2396 1556 hoc
2431 1486 2663 1576 capite
2700 1485 2892 1557 deri-

259 1601 500 1684 vanteS,
561 1616 953 1687 earumque
1007 1599 1479 1670 resolutiones
1548 1598 1761 1688 plene
1812 1614 2235 1688 cognoscere
2286 1602 2618 1687 expetet,
2675 1597 2888 1669 adeat

258 1702 584 1779 laudatum
636 1706 1126 1783 Honorantem
1180 1711 1313 1782 loc.
1354 1711 1476 1783 cit.
1533 1730 1694 1802 cap.
1742 1712 1808 1781 1.
1867 1711 2054 1782 Nota
2105 1708 2508 1781 duodecimo
2559 1728 2600 1779 a
2652 1705 2724 1803 ξ.
2772 1708 2893 1781 Ce-

256 1821 470 1901 terum,
524 1822 618 1892 ad
673 1821 890 1893 finem
945 1842 1110 1915 pag.
1153 1823 1276 1894 24.
1336 1841 1419 1896 ac
1471 1841 1626 1913 seq.

372 1930 526 2001 102.
586 1928 936 2012 Quoniam
991 1953 1154 2006 vero
1208 1935 1315 2022 fit,
1358 1942 1436 2007 ut
1474 1936 1635 2024 quis
1672 1953 1760 2007 ex
1795 1935 2073 2007 diversa
2112 1952 2326 2005 causa
2366 1932 2665 2005 diversis
2716 1931 2890 2003 sub-

252 2037 490 2113 iiciatur
523 2040 926 2135 Episcopis,
967 2047 1404 2137 disputatur,
1448 2065 1541 2117 an
1578 2046 1743 2118 talis
1780 2047 1851 2117 in
1891 2041 2236 2117 Ordinum
2273 2045 2681 2135 receptione
2717 2041 2889 2135 Epi-

245 2166 499 2241 scopum
552 2173 684 2227 suo
737 2155 970 2228 lubitu
1025 2160 1301 2229 variare
1355 2158 1602 2249 possit.
1661 2153 1747 2228 In
1803 2166 2180 2246 utramque
2234 2162 2508 2246 partem
2558 2161 2886 2246 pugnant

248 2260 558 2354 doctoreS‚
593 2286 774 2356 quos
811 2274 1053 2341 tamen
1092 2271 1422 2342 conciliat
1458 2268 1664 2341 Card.
1699 2266 1906 2342 Petra
1942 2266 2133 2340 Tom.
2179 2267 2243 2336 1.
2285 2267 2378 2337 ad
2414 2265 2712 2339 Constit.
2756 2286 2882 2339 un.

243 2368 384 2446 Urb.
423 2373 524 2448 II.
579 2384 756 2450 sect.
795 2381 862 2450 1.
905 2399 980 2451 n.
1016 2381 1171 2469 64„
1212 2383 1671 2454 distinctione
1722 2379 2054 2452 videlicet
2092 2380 2483 2470 proposita,
2526 2387 2601 2450 ut
2641 2380 2878 2467 liceat,

242 2483 290 2553 si
329 2489 619 2561 variatio
674 2490 798 2563 fiat
848 2510 1009 2563 cum
1067 2492 1256 2563 bona
1301 2493 1471 2587 sule,
1513 2493 1721 2565 aliter
1757 2492 1816 2563 si
1854 2491 1979 2563 fiat
2019 2493 2092 2563 in
2130 2490 2478 2562 fraudem.
2519 2487 2722 2563 Idem
2760 2492 2887 2563 do-

241 2604 330 2668 cet
377 2601 445 2672 S.
486 2599 562 2674 C.
605 2600 816 2675 Conc.
875 2606 950 2678 in
1007 2605 1268 2678 Pesan.
1328 2625 1457 2679 seu
1517 2604 1789 2680 Clusin.
1833 2605 2014 2678 Duo.
2060 2604 2235 2678 Ord.
2293 2604 2412 2675 26.
2454 2598 2614 2674 Ian.
2664 2603 2878 2674 1732.

239 2703 299 2801 ἓ.
335 2714 460 2785 Sed
506 2721 605 2796 et,
660 2716 963 2790 afferens
1018 2718 1477 2800 Fundanam,
1528 2720 1651 2790 27.
1690 2715 1900 2789 Febr.
1949 2717 2193 2802 1666„
2234 2717 2311 2786 in
2349 2734 2492 2805 qua
2531 2732 2889 2805 propone-

237 2817 474 2897 bantur
522 2826 704 2901 baec
756 2828 1020 2900 dubia:
1102 2854 1140 2895 ‹
1187 2831 1250 2900 1·.
1295 2830 1403 2902 An
1456 2831 1530 2901 in
1583 2828 2058 2920 suscipiendis
2109 2824 2496 2899 Ordinibus
2566 2827 2657 2896 sit
2728 2843 2889 2916 per-

239 2956 271 2998 ›
306 2939 506 3010 missa
560 2942 890 3028 variatiO,
948 2943 1047 3013 ita
1103 2948 1224 3030 ut,
1284 2943 1406 3031 qui
1462 2941 1552 3012 ab
1607 2939 1960 3032 Episcopo
2013 2939 2304 3029 originis
2367 2954 2494 3008 seu
2548 2936 2886 3008 domicilii

243 3069 272 3109 ν
305 3053 615 3139 tonsura,
650 3052 741 3124 ab
782 3054 1006 3126 altero
1034 3050 1426 3126 Ordinibus
1462 3053 1860 3125 minoribus
1897 3053 2221 3123 initiatus
2257 3048 2496 3136 fuerit,
2529 3051 2752 3138 possit
2791 3049 2885 3121 ad

237 3180 270 3220 ι
301 3158 505 3232 alium
541 3159 884 3262 Ordinem
926 3167 1268 3237 minorem
1309 3164 1400 3236 ab
1437 3162 1790 3256 Episcopo
1826 3163 2153 3235 beneficii
2193 3154 2637 3253 promoveri?
2676 3161 2747 3229 2.
2782 3160 2885 3231 An

240 3291 270 3329 ι
304 3271 387 3342 sit
434 3275 781 3362 permissa
835 3277 1133 3348 variatio
1187 3276 1279 3347 ab
1332 3276 1746 3367 acolythatu
1802 3275 1892 3347 ad
1946 3264 2603 3346 subdiaconatum?
2658 3272 2729 3341 3.
2779 3271 2882 3341 An

236 3402 269 3440 ›
301 3382 385 3454 sit
431 3386 854 3474 permissum
926 3387 1366 3460 subdiacono
1437 3388 1512 3457 in
1566 3387 2007 3478 promotione
2060 3386 2153 3457 ad
2206 3384 2710 3470 diaconatum,
2769 3382 2880 3454 vel

237 3512 270 3552 ν
303 3491 589 3566 diacono
626 3498 700 3567 in
739 3500 1182 3587 promotione
1227 3499 1319 3571 ad
1365 3499 1841 3571 sacerdotium
1896 3492 2222 3569 variare?
2263 3521 2300 3564 »
2359 3494 2430 3567 S.
2473 3493 2547 3565 (1.
2591 3513 2885 3585 respon-

233 3597 365 3672 dit:
418 3628 453 3669 «
493 3604 974 3681 variationem
1032 3612 1106 3681 in
1160 3628 1594 3700 unoquoque
1648 3628 1736 3681 ex
1790 3609 2270 3700 praenarratis
2306 3606 2591 3679 casibus
2645 3600 2888 3696 (dum—

236 3733 269 3774 »
308 3718 497 3789 modo
525 3736 668 3790 non
700 3719 1127 3792 intrandam
1157 3718 1316 3815 fiat)
1357 3722 1624 3795 licitam
1654 3738 1887 3792 esse.»
1919 3716 2113 3815 (Lib.
2139 3720 2260 3790 25.
2295 3720 2562 3791 decret.
2598 3737 2670 3808 p.
2691 3713 2879 3811 52.).

373 3827 524 3899 103.
567 3828 761 3902 Duas
800 3849 1114 3922 nuperas
1149 3833 1483 3906 addimus
1519 3851 1776 3906 causas
1813 3833 2006 3923 apud
2044 3829 2116 3903 S.
2141 3829 2215 3902 (1.
2240 3828 2480 3924 Episc.
2515 3837 2586 3901 et
2622 3826 2881 3919 Regul.

230 3936 536 4028 agitatas,
571 3959 759 4031 quae
788 3943 1169 4032 similibuS,
1213 3963 1356 4015 non
1398 3943 1976 4033 infrequentibus
2011 3942 2298 4016 casibus
2328 3960 2643 4012 normam
2676 3957 2883 4030 prae-

227 4041 383 4118 bere
414 4060 710 4140 queunt.
744 4052 1051 4127 Clericus
1081 4073 1166 4126 ex
1202 4056 1670 4145 Aquinatensi
1699 4056 2010 4127 dioecesi
2048 4060 2338 4125 tonsura
2370 4061 2440 4124 et
2470 4051 2885 4141 acolythatu

227 4156 315 4227 ab
345 4157 681 4254 Episcopo
718 4163 1185 4255 Aquinatensi
1223 4168 1606 4257 insignitus
1643 4165 1733 4237 ad
1773 4165 2203 4239 beneficium
2239 4164 2681 4236 sacerdotale
2721 4182 2882 4235 cum

227 4272 585 4347 residentia
644 4277 1058 4348 nominatus
1111 4277 1345 4348 luerat
1396 4279 1469 4348 in
1522 4278 1830 4349 dioecesi
1874 4274 2259 4363 Verulana,
2301 4277 2374 4347 in
2412 4276 2613 4346 cuius
2665 4275 2878 4346 semi-

227 4385 411 4456 nario
459 4388 856 4459 studiorum
910 4389 1345 4460 curriculum
1390 4389 1691 4460 obierat.
1752 4386 1843 4460 Ut
1895 4389 2109 4478 igitur
2145 4386 2236 4458 ab
2272 4384 2626 4478 Episcopo
2662 4384 2887 4460 Veru-

229 4489 377 4565 lano
423 4498 734 4571 ordinari
791 4500 940 4589 ipse
992 4506 1263 4590 posset,
1304 4499 1397 4571 ab
1437 4500 1729 4591 originis
1765 4497 2116 4591 Episcopo
2162 4500 2406 4571 literas
2443 4499 2884 4575 dimissorias

233 4602 679 4701 flagitaverat,
738 4613 861 4701 qui
914 4628 1037 4683 eas
1090 4612 1227 4703 ipsi
1280 4612 1661 4703 denegavit
1731 4616 2137 4702 propterea,
2195 4613 2389 4704 quod
2440 4614 2701 4688 iudicio
2753 4631 2883 4686 suo
