3497 5235
556 202 635 264 76
1299 202 1670 261 humationis
1710 200 1766 257 8.
1795 200 1980 275 Oongt.
2006 200 2159 258 Ocno.
2200 197 2479 272 expositio.

559 366 598 410 ›
637 340 1145 413 beneficiorum
1197 344 1674 429 sequestrare.
1735 360 1774 404 ›
1829 332 2186 407 Consonat
2240 335 2313 404 S.
2355 331 2428 407 C.
2470 328 2682 403 Conc.
2743 330 2819 401 in
2870 326 3235 401 Asculano

552 453 675 524 21.
719 449 1012 523 Ianuar.
1061 452 1273 523 1721.
1318 458 1389 522 et
1441 451 1514 522 in
1551 451 1942 521 Rossanen.
2006 446 2121 517 11.
2166 442 2373 517 Mart.
2423 445 2638 516 1741.

703 562 823 634 54.
867 560 971 633 Ex
1022 562 1162 652 bis,
1218 580 1405 652 quae
1458 562 1777 651 proxime
1829 560 1920 631 de
1974 558 2356 630 refectione
2410 574 2494 628 ac
2543 555 2847 629 tuitione
2898 549 3238 625 ecclesia-

555 692 713 747 rum
765 675 1190 764 simplicium
1244 674 1563 764 exposita
1616 679 1813 759 sunt,
1870 672 2036 744 licet
2088 687 2413 761 arguere,
2470 666 2797 741 eamdem
2833 665 3235 737 doctrinam

557 785 790 857 locum
844 785 1112 856 habere
1165 786 1376 857 etiam
1433 785 1504 854 in
1560 784 1854 873 capellis
1917 781 2182 854 ibidem
2236 782 2418 870 sitiS‚
2460 781 2635 870 quin
2690 780 2905 851 etiam
2942 779 3017 849 in
3051 779 3238 850 alta-

558 895 795 984 ribus;
851 895 1436 986 quandoquidem
1489 895 2068 984 frequentissime
2105 894 2391 980 accidit,
2434 897 2513 964 ut
2571 891 2912 964 ecclesiae
2951 890 3236 961 univer-

557 1027 683 1079 sae
719 1008 1073 1100 reparatio
1108 1013 1385 1098 spectet
1435 1024 1500 1078 e.
1547 1026 1649 1098 gr.
1710 1005 1801 1076 ad
1855 1002 2143 1093 Titium,
2194 1011 2404 1095 prout
2438 1004 2530 1074 de
2568 1004 2749 1091 iure,
2791 1001 3233 1093 capellarum

554 1125 828 1207 tamen,
867 1120 1016 1191 sive
1053 1121 1398 1206 omnium,
1440 1119 1588 1189 sive
1624 1118 1925 1190 alicuius
1960 1113 2065 1211 (et
2099 1117 2290 1188 idem
2325 1117 2440 1189 dic
2477 1116 2568 1188 de
2596 1112 2978 1210 altaribus)
3013 1113 3238 1203 perti-

555 1239 727 1303 neat
760 1231 850 1302 ad
887 1229 1160 1303 Caium.
1201 1228 1486 1302 Consuli
1526 1235 1761 1318 potest
1795 1227 2021 1318 Crisp.
2063 1228 2147 1300 de
2181 1228 2316 1300 vis.
2361 1235 2637 1319 pastor.
2679 1228 2810 1297 loc.
2854 1227 2975 1298 cit.
3017 1221 3228 1297 nAS.

703 1343 821 1414 55.
871 1340 1377 1415 Adnotandum
1416 1347 1549 1426 est,
1591 1338 1816 1435 (quod
1856 1341 2049 1411 velut
2084 1338 2316 1411 obiter
2349 1333 2862 1433 delibavimus)
2889 1356 3001 1423 ea,
3042 1353 3233 1425 quae

549 1455 904 1527 hactenus
956 1453 1273 1525 stabilita
1327 1460 1496 1524 sunt
1534 1451 1622 1524 de
1674 1441 2251 1541 reparationibus
2288 1450 2572 1522 aedium
2628 1467 3021 1534 sacrarum,
3081 1465 3237 1518 am-

555 1567 763 1658 pliari
816 1567 1031 1638 etiam
1086 1565 1177 1635 ad
1229 1582 1505 1635 sacram
1557 1564 2102 1655 supellectilem,
2162 1571 2239 1634 ut
2279 1568 2727 1654 paramenta,
2770 1564 3226 1647 ornamenta,

555 1678 839 1766 caliceS,
896 1685 1227 1768 patenas»,
1268 1674 2004 1765 luminaria,‘aliaque
2056 1694 2257 1748 sacra
2315 1676 2682 1762 utensilia,
2722 1679 2793 1745 et
2830 1679 3064 1745 cetera
3102 1690 3237 1743 ne-

549 1790 891 1875 cessaria,
934 1807 1147 1879 quae,
1182 1790 1283 1861 ait
1312 1786 1774 1860 Panimollius
1811 1790 1944 1860 loc.
1978 1789 2101 1861 cit.
2139 1809 2213 1860 n.
2246 1788 2368 1861 48.
2415 1808 2452 1854 ‹
2482 1793 2652 1859 sunt
2688 1785 3121 1871 necessaria,
3157 1788 3238 1855 et

553 1924 597 1968 .»
638 1920 679 1970 a
730 1901 883 1991 pari
935 1901 1330 1992 procedunt
1384 1919 1542 1971 cum
1599 1900 1939 1973 ecclesiae
2003 1903 2455 1992 reparatione
2517 1907 2588 1972 et
2652 1897 3230 1984 manutentione,

557 2035 598 2082 ιι
636 2020 716 2084 ut
770 2012 1023 2084 militet
1077 2013 1327 2083 eadem
1383 2014 1590 2100 ratic,
1646 2020 1719 2084 et
1772 2013 1959 2084 idem
2016 2013 2149 2082 ius.
2196 2037 2234 2079 ι»
2273 2010 2750 2083 confirmatur
2802 2009 3232 2082 auctoritate

559 2131 711 2195 tum
767 2119 1037 2195 Bened.
1082 2120 1273 2193 XIV.
1330 2121 1543 2217 (Inst.
1591 2122 1754 2196 100.
1815 2121 2121 2216 n.21.),
2187 2121 2312 2193 ubi
2374 2129 2752 2213 postquam
2806 2122 3057 2193 seriem
3111 2137 3237 2191 eo-

553 2253 715 2305 rum
768 2233 1250 2327 descripserit,
1292 2236 1414 2324 qui
1471 2235 1819 2325 gradatim
1881 2235 1974 2306 ad
2026 2235 2242 2307 aedes
2292 2235 2736 2328 parochiales
2788 2231 3235 2324 reparandas
3280 2307 3283 2310 ,

556 2344 972 2435 adiguntur,
1030 2345 1314 2417 disertis
1393 2347 1628 2418 verbis
1681 2346 1967 2418 eosdem
2039 2346 2130 2416 ad
2201 2365 2475 2418 sacram
2546 2344 3065 2436 supellectilem
3117 2345 3236 2416 in-

547 2455 971 2528 struendam
1023 2455 1210 2548 adigi
1265 2459 1622 2544 enuntiat,
1679 2464 1835 2529 tum
1884 2456 2214 2551 pluribus
2265 2456 2871 2530 declarationibus
2924 2453 2997 2528 S.
3048 2452 3237 2528 Con·

555 2568 989 2658 gregationis
1040 2568 1374 2656 Concilii,
1432 2587 1612 2659 quas
1664 2569 2036 2642 brevitatis
2088 2588 2303 2642 causa
2366 2569 2651 2641 silentio
2721 2568 3229 2659 praeterimuS,

553 2697 775 2749 unam
812 2681 1349 2754 castellaneten.
1384 2683 1690 2772 Expens.
1723 2682 1846 2752 24.
1881 2678 2019 2753 Iul.
2042 2682 2254 2753 1858.
2291 2682 2604 2772 allegare
2630 2683 2805 2753 satis
2840 2680 3229 2752 habentes.

560 2788 660 2860 Ad
713 2791 846 2864 hoc
899 2800 1398 2884 argumentum
1453 2793 1645 2882 quod
1698 2796 1985 2881 attinet,
2044 2793 2204 2865 vide
2260 2794 2551 2883 insuper
2604 2813 2760 2885 cap.
2806 2793 2934 2865 IX.
2976 2792 3060 2865 de
3100 2810 3239 2883 po-

471 2966 472 2969 ,
553 2904 761 2985 stul„
800 2905 1064 2996 postul.
1107 2906 1165 2976 I.

705 3013 808 3085 Ab
861 3017 997 3088 hac
1047 3016 1293 3107 regula
1346 3015 1768 3107 excipienda
1823 3025 1929 3089 est
1982 3017 2398 3109 praestati0‚
2457 3034 2642 3105 quae
2696 3034 2785 3087 ex
2821 3015 3026 3087 titulo
3081 3033 3238 3087 me·

549 3125 715 3198 diae
769 3137 1082 3201 annatae
1134 3128 1351 3219 pendi
1401 3129 1618 3200 debet
1655 3129 1746 3199 ad
1783 3130 2303 3220 praescriptum
2354 3127 2649 3200 Constit.
2695 3128 2869 3199 Pius
2905 3127 3240 3217 ermise-

551 3238 825 3323 ricors;
879 3260 961 3309 ea
1040 3242 1230 3310 enim
1302 3241 1393 3312 ad
1466 3242 1904 3314 materialem
1959 3240 2482 3312 cathedralium
2534 3246 2605 3312 et
2685 3240 3230 3330 collegiatarum

554 3347 925 3437 fabricam,
983 3352 1131 3423 sive
1184 3353 1584 3424 aedificium
1640 3353 2136 3425 tantummodo
2175 3361 2562 3425 coercetur.
2606 3349 2930 3441 Namque
2970 3352 3043 3421 in
3092 3352 3235 3421 Tu-

549 3460 853 3531 sculana
887 3461 1002 3533 die
1038 3463 1158 3534 20.
1202 3461 1537 3536 Decemb.
1585 3465 1800 3535 1727.
1845 3465 2203 3554 proposito
2255 3462 2474 3534 dubio
2528 3464 2715 3555 apud
2773 3462 2845 3533 S.
2888 3460 2963 3533 C.
3004 3459 3225 3533 Cone.

558 3592 597 3636 α
640 3571 744 3642 An
797 3573 980 3664 exigi
1035 3575 1257 3665 possit
1334 3575 1565 3647 media
1619 3581 1916 3663 annata,
1999 3576 2395 3663 eademque
2464 3576 2733 3665 erogari
2790 3575 2863 3644 in
2916 3573 3237 3663 supelle-

554 3710 596 3750 ν
637 3684 839 3755 ctiles
874 3685 1216 3758 ecclesiae
1252 3687 1684 3760 cathedralis
1721 3683 2214 3759 Tusculanae?
2258 3714 2293 3754 »
2335 3687 2756 3776 rescriptum
2794 3684 2964 3757 fuit:
3011 3705 3049 3749 ‹
3091 3680 3240 3756 Ne-

559 3820 595 3863 »
638 3798 871 3887 gative
907 3793 1019 3894 (1)
1060 3824 1161 3895 ι».-

699 3908 819 3979 56.
860 3905 1159 3989 Quando
1213 3928 1376 3982 vero
1429 3910 1741 3982 remedia
1796 3929 1981 4000 quae
2034 3910 2383 3982 hactenus
2435 3911 2749 3983 indicata
2785 3914 2982 3996 sunt,
3024 3907 3235 3979 nullo

554 4020 760 4090 modo
815 4027 1096 4110 praesto
1172 4038 1327 4094 esse
1405 4029 1701 4112 queant,
1760 4028 1909 4094 tum
1967 4029 2197 4113 potest
2251 4023 2402 4094 fieri
2457 4023 2651 4093 locus
2730 4020 3228 4107 ecclesiarum,

548 4128 968 4203 sacellorum
1024 4139 1095 4203 et
1146 4133 1478 4205 altarium
1515 4133 1954 4205 demolitioni
1994 4152 2076 4205 ac
2141 4133 2590 4205 translationi
2646 4134 2842 4206 iuxta
2881 4150 2992 4219 ewa,
3035 4147 3235 4220 quae

692 4418 764 4489 (1)
807 4424 952 4474 Acta.
999 4425 1204 4485 congr.
1258 4424 1426 4475 huius
1478 4423 1590 4475 (liei
1637 4424 1697 4474 in
1747 4423 1993 4474 editione
2058 4424 2224 4473 Thes.
2278 4425 2478 4475 Resol.
2535 4424 2746 4476 Urbin.
2801 4424 3031 4476 minime
3080 4424 3227 4476 refe·

545 4506 781 4556 rantur:
824 4508 883 4556 at
924 4509 983 4558 in
1023 4509 1170 4560 libro
1196 4509 1524 4559 authentico
1552 4508 1898 4559 decretorum
1937 4509 2119 4573 ipsius
2157 4508 2215 4560 S.
2247 4510 2309 4561 O.
2338 4508 2579 4560 concilii
2610 4509 2936 4561 referuntur
2960 4523 3073 4559 nna
3096 4523 3232 4561 cum

552 4591 654 4641 hac
696 4589 1056 4651 Tusculana,
1099 4593 1262 4644 Circa
1300 4594 1592 4657 utensilia,
1634 4595 1691 4643 et
1738 4593 2010 4645 Alatrin.
2051 4593 2194 4645 Med.
2236 4608 2367 4645 ann.
2399 4593 2469 4644 23
2497 4594 2687 4658 April.
2722 4594 2879 4645 1862.
