3497 5235
654 276 774 342 470
1406 280 1777 340 lnntmotioniu
1817 281 1871 340 Β.
1902 281 2086 356 Gongr.
2115 281 2264 342 Oono.
2301 281 2570 357 expetitio.

659 437 700 481 ν
739 426 871 485 nec
922 412 1195 484 incolae
1248 413 1380 503 ipsi
1434 432 1520 486 ex
1574 416 1920 506 propriis,
1980 423 2330 505 quantum
2381 422 2778 508 oporteret,
2834 414 3161 488 tribuere
3208 432 3328 484 va·
3439 406 3440 413 '

660 548 701 593 ιν
741 523 973 608 leant,
1030 524 1199 595 hinc
1265 520 1729 598 Sanctitatem
1801 523 2021 598 Tuam
2090 529 2484 600 humillime
2550 538 2621 602 et
2674 530 2878 601 enixe
2971 546 3185 619 roge,
3247 533 3328 598 ut

645 659 701 703 ,av
740 654 867 727 pro
919 635 1220 707 dioecesi
1254 631 1341 706 N.
1386 636 1774 711 concedere
1811 638 2171 730 dignetur,
2213 648 2292 712 ut
2340 641 2771 728 sacerdotes,
2812 642 2935 730 qui
2982 640 3328 710 facultate

662 768 702 815 >
743 744 1040 818 binandi
1080 747 1419 836 gaudent,
1462 748 1810 821 reditibus
1862 753 2454 840 primissariarum
2500 772 2627 845 pro
2682 751 3186 825 fundatoribus
3218 751 3330 823 bi-

662 879 702 926 >
742 856 982 928 nando
1033 858 1481 948 applicantes
1534 861 1608 930 in
1661 878 1837 950 pace
1888 860 2244 935 fruantur.
2288 889 2329 930 ›

654 1002 661 1007 ·
806 965 878 1038 S.
944 966 1021 1039 C.
1083 967 1157 1039 C.
1216 973 1585 1061 perpensis
1635 968 1965 1062 Episcopi
2020 973 2351 1063 precibus
2404 975 2476 1046 in
2530 976 2831 1048 comitiis
2884 974 3160 1045 habitis
3211 974 3325 1045 die

652 1080 780 1155 29.
825 1078 1083 1170 Aprilis
1124 1082 1338 1152 1871.
1381 1083 1919 1156 rescribendum
1955 1088 2273 1157 censuit:
2321 1108 2359 1154 ‹
2399 1085 2612 1159 Prout
2648 1089 3056 1178 exponitur,
3097 1082 3326 1177 Nega·

661 1213 701 1260 ›
741 1191 928 1278 tive3
984 1199 1055 1264 et
1109 1193 1182 1264 in
1235 1192 1519 1266 casibus
1568 1195 2124 1287 particularibus
2175 1206 2488 1271 recurrat
2539 1218 2667 1290 pro
2728 1199 3206 1270 translatione
3259 1204 3325 1270 et

662 1325 702 1372 ›
741 1302 1153 1374 reductione
1206 1301 1622 1394 Missurum,
1677 1313 2038 1396 quatenus
2088 1325 2268 1399 opus
2318 1310 2559 1381 fuerit.
2602 1334 2640 1379 >
2700 1305 2924 1405 (Acta
2989 1311 3066 1381 S.
3124 1307 3324 1381 Sedis

658 1413 801 1486 vol.
842 1410 966 1483 vl.
1007 1432 1174 1505 pag.
1222 1413 1431 1509 527.)

806 1526 880 1595 2.
921 1521 1319 1616 Episcopus
1369 1523 1454 1597 N.
1498 1528 1646 1599 suis
1690 1528 1914 1602 literis
1966 1548 2090 1621 per
2125 1528 2198 1601 S.
2238 1529 2314 1602 C.
2354 1529 2429 1603 C.
2472 1529 2688 1604 SSmo
2740 1530 2932 1605 Patri
2985 1531 3178 1604 datis
3214 1549 3321 1619 ea,

658 1654 849 1727 quae
901 1645 1329 1727 sequuntur,
1371 1642 1743 1729 exposuit:

813 1770 851 1817 <
891 1746 978 1820 In
1031 1769 1187 1822 mea
1240 1751 1546 1823 dioecesi
1600 1759 1674 1822 et
1707 1752 2064 1826 adiacenti
2118 1749 2336 1844 (quae
2373 1755 2718 1827 dioecesis
2771 1755 3114 1827 adiacens
3164 1754 3329 1826 sub-

654 1885 706 1931 »
746 1868 854 1934 est
904 1857 976 1932 S.
1020 1860 1563 1953 Congregatioui
1617 1864 1707 1934 de
1763 1861 2227 1956 Propaganda
2263 1862 2467 1957 Fide)
2521 1868 2762 1938 existit
2798 1868 2915 1959 pia
2969 1867 3325 1955 quaedam

664 1996 706 2043 >
743 1972 1084 2044 sodalitas
1135 1974 1584 2046 sacerdotum
1636 1982 1707 2047 et
1760 1975 2128 2063 laicorum,
2172 1995 2358 2066 quae
2409 1978 2670 2049 dicitur
2713 1985 3004 2069 pactum
3057 1977 3330 2050 Maria·

666 2107 705 2150 »
746 2103 941 2156 nunt.
984 2084 1277 2157 Sodales
1328 2086 1541 2157 huius
1592 2087 1783 2178 pacti
1838 2087 2246 2179 obligantur
2297 2107 2422 2179 pro
2477 2091 2715 2179 requie
2769 2088 3160 2160 cuiuslibet
3207 2087 3330 2158 de-

650 2220 705 2264 .»
745 2195 972 2268 functi
1024 2196 1294 2270 sodalis
1345 2201 1869 2288 quamprimum
1909 2208 2068 2291 post
2102 2198 2374 2272 obitum
2415 2202 2732 2273 eiusdem
2770 2218 2995 2271 unum
3034 2197 3322 2271 Sacrum

648 2330 704 2374 ,ι
744 2306 1128 2396 celebrare,
1173 2302 1281 2380 vel
1314 2327 1593 2398 curare,
1634 2317 1714 2383 ut
1750 2311 2170 2383 celebretur.
2211 2310 2726 2401 Quamplurimi
2763 2311 3178 2384 sacerdotes
3211 2328 3326 2381 cu-

664 2443 707 2495 »
744 2419 881 2489 rati
935 2436 1132 2491 meae
1185 2417 1526 2493 dioecesis
1573 2422 1741 2494 huic
1794 2430 2002 2515 pacto
2054 2424 2390 2514 adscripti
2446 2432 2657 2511 sunt,
2716 2425 2901 2494 inter
2954 2441 3140 2513 quos
3191 2440 3330 2493 non

660 2552 709 2609 p
748 2530 983 2621 pauci,
1026 2532 1149 2622 qui
1201 2533 1275 2603 in
1312 2534 1461 2604 suis
1512 2534 1857 2625 paroeciis
1892 2533 1983 2605 ob
2039 2537 2534 2607 necessitatem
2576 2534 2910 2606 moralem
2969 2536 3171 2605 iuxta
3209 2553 3331 2603 au·

671 2667 709 2711 »
750 2645 1145 2716 ctoritatem
1205 2643 1672 2737 Apostolicam
1742 2649 1817 2719 in
1870 2647 2125 2720 diebus
2179 2646 2560 2721 Dominicis
2609 2656 2681 2721 et
2749 2648 3022 2720 festivis
3086 2647 3330 2719 binam

669 2781 707 2825 ι
747 2756 1111 2830 celebrant
1164 2755 1477 2830 Missam.
1520 2755 1746 2840 Quum
1788 2778 1950 2831 vero
1987 2761 2202 2832 iidem
2246 2779 2373 2852 per
2423 2779 2692 2831 annum
2731 2759 3129 2850 permultas
3167 2756 3333 2829 Mis-

667 2894 707 2937 »
747 2886 864 2938 sas
916 2867 1254 2941 fundatas
1308 2887 1448 2941 non
1506 2872 1741 2941 minus
1778 2888 1994 2960 quam
2049 2889 2215 2963 erga
2265 2872 2702 2963 stipendium
2739 2871 3063 2943 oblatum
3118 2889 3335 2963 expe-

668 2981 916 3052 »titas
967 2998 1053 3052 ex
1107 2981 1335 3053 officio
1386 2980 1747 3053 celebrare
1800 2981 2230 3073 obligentur,
2271 2989 2486 3073 atque
2539 2983 2750 3075 pauci
2819 2988 3095 3054 restent
3145 2984 3329 3068 dieS‚

668 3117 708 3160 ›
749 3092 1013 3183 quibus
1064 3093 1477 3184 obligationi
1515 3091 1997 3183 supradictae,
2039 3113 2254 3184 quam
2306 3103 2593 3185 pactum
2631 3092 3027 3167 Marianum
3083 3093 3328 3178 infert,

650 3227 708 3272 .»
749 3205 1174 3295 applicando
1214 3224 1336 3297 pro
1388 3203 1740 3277 defunctis
1776 3224 1864 3278 ex
1920 3214 2125 3298 pacto
2161 3207 2568 3280 satisfacere
2616 3207 2915 3298 possint,
2959 3222 3337 3295 quumque

651 3339 710 3386 .»
748 3316 839 3388 ob
891 3323 1142 3389 tenues
1193 3316 1521 3388 beneficii
1572 3318 1682 3388 sui
1734 3318 2008 3389 reditus
2063 3336 2272 3408 grave
2340 3326 2556 3407 atque
2608 3316 2897 3388 difficile
2960 3318 3140 3407 ipsis
3187 3318 3332 3401 sit,

668 3451 710 3498 >
751 3445 917 3519 erga
953 3429 1387 3521 stipendium
1426 3428 1743 3500 oblatum
1782 3447 2056 3518 curare,
2098 3436 2177 3502 ut
2213 3428 2303 3499 ab
2342 3429 2500 3499 aliis
2548 3426 3044 3501 sacerdotibus
3080 3425 3336 3499 Missae

672 3564 711 3607 ιι
752 3540 1035 3612 debitae
1087 3540 1562 3629 celebrentur,
1602 3541 1772 3613 binc
1826 3559 2250 3633 magnopere
2301 3546 2583 3630 optant,
2630 3544 2710 3611 ut
2762 3541 2934 3630 ipsis
2987 3539 3203 3611 liceat
3251 3540 3336 3610 in

672 3677 712 3720 ›
752 3652 1007 3724 diebus
1057 3649 1439 3724 Dominicis
1490 3659 1561 3725 et
1614 3653 1913 3741 festiviS,
1957 3656 2030 3724 in
2085 3652 2346 3742 quibus
2397 3669 2613 3723 unam
2686 3649 2972 3722 Missam
3023 3669 3153 3744 pro
3205 3668 3337 3741 po-

668 3787 708 3834 >
752 3763 920 3855 pulo
964 3781 1051 3834 ex
1104 3764 1331 3836 officio
1369 3765 1763 3856 applicant,
1806 3771 1957 3848 aut,
1999 3766 2120 3854 qui
2161 3783 2303 3835 non
2340 3770 2509 3835 sunt
2544 3762 2860 3853 parochi,
2899 3761 3335 3854 applicando

672 3899 711 3944 ›
749 3875 1041 3966 speciali
1093 3875 1211 3946 alii
1250 3875 1666 3967 obligationi
1718 3876 2198 3961 satisfaciunt,
2240 3876 2532 3948 alteram
2572 3873 2856 3945 Missam
2908 3890 3036 3964 pro
3075 3872 3337 3944 defun-

666 4012 708 4059 >
748 3993 860 4058 cto
913 3987 1222 4077 quodam
1276 4006 1362 4060 ex
1417 3995 1650 4079 pacto,
1693 3989 1805 4059 cui
1860 3986 2198 4078 adscripti
2248 3992 2442 4072 sunt,
2486 3985 2871 4076 applicare.
2911 3982 3117 4065 Quod
3165 4001 3341 4053 cum

669 4123 707 4168 »
748 4100 1030 4170 nonnisi
1068 4117 1155 4170 ex
1192 4099 1468 4171 indulto
1528 4098 1925 4190 Apostolico
1963 4099 2135 4190 ipsis
2189 4097 2396 4170 licere
2433 4098 2786 4183 videatur,
2829 4094 3346 4183 infrascriptus

658 4234 707 4279 ,ιι
745 4207 1139 4301 Episcopus
1192 4229 1318 4301 pro
1370 4211 1862 4284 sacerdotibus
1916 4212 2007 4283 ad
2061 4227 2290 4281 meam
2335 4209 2712 4282 dioecesim
2766 4204 3337 4297 pertinentibuS,

667 4345 708 4390 ιι
748 4322 872 4411 qui
926 4328 1131 4413 pacto
1202 4323 1303 4394 illi
1374 4323 1712 4415 adscripti
1766 4328 1978 4409 sunt,
2038 4328 2163 4393 aut
2224 4323 2294 4392 in
2369 4327 2727 4412 posterum
2781 4316 3342 4406 adscribentur,

673 4457 711 4501 ι
752 4450 933 4522 quos
983 4433 1162 4505 haec
1213 4452 1323 4506 res
1376 4434 1765 4522 concernit,
1822 4433 2217 4504 humillime
2271 4430 2735 4505 Sanctitatem
2788 4427 3036 4514 Tuam,
3088 4433 3161 4499 ut
3217 4429 3354 4499 iu-

658 4567 715 4614 .»
753 4544 1029 4615 dultum
1081 4544 1215 4618 hoc
1268 4547 1654 4619 concedere
1708 4544 2213 4637 gratiosissime
2266 4544 2639 4634 dignetur,
2696 4560 2887 4632 rogo.
2947 4537 3046 4611 Eo
3101 4541 3361 4630 magis

678 4678 717 4721 »
757 4655 1062 4743 coufidO,
1096 4655 1272 4743 fore,
1303 4663 1384 4728 ut
1418 4657 1595 4729 baec
1633 4657 1859 4748 gratia
1899 4654 2070 4727 mibi
2106 4654 2616 4747 benignissime
2640 4651 3072 4739 conferatur,
3104 4668 3362 4739 quum
