3497 5235
630 237 750 318 3'38
1382 258 1750 316 Iunia-notionis
1793 258 1845 314 S.
1875 258 2056 331 congr.
2089 258 2235 318 Oeno.
2278 262 2546 334 expositio.

631 394 703 467 S.
745 393 997 485 Congr.
1039 392 1249 464 Conc.
1291 393 1643 465 deductus
1695 392 1855 480 fuit,
1922 400 1997 466 ut
2048 402 2556 484 punctaturam
2607 416 2734 488 pro
2786 396 3029 468 decem
3085 417 3253 468 vaca-

627 508 841 579 tionis
895 505 1259 578 mensibus
1295 505 1490 576 iuxta
1548 522 1810 575 morem
1849 507 1922 575 in
1976 507 2577 578 antecedentibus
2613 505 2927 579 eiusdem
2986 510 3255 580 vacatio-

627 618 844 689 nibus
898 617 1220 688 inolitum
1276 617 1363 687 de
1415 635 1542 686 suo
1596 625 1960 705 praestare
2014 627 2404 707 cogeretur.
2474 622 2562 690 At
2614 618 2685 690 S.
2740 619 3026 711 Congr„
3093 621 3254 692 nulla

626 729 1164 802 consuetudinis
1217 734 1590 799 anteactae
1643 729 1891 800 habita
1945 732 2247 816 ratione,
2292 732 2687 822 respondit,
2730 740 3187 823 punctaturas
3226 754 3254 805 a

628 842 1138 915 subcollectore
1193 841 1604 931 spoliorum,
1648 843 1771 930 qui
1825 841 2097 914 fructus
2148 844 2605 915 canonicales
2659 852 3094 936 perceperat,
3158 848 3258 918 mi-

626 955 818 1025 nime
873 971 1035 1023 vero
1089 973 1126 1022 a
1182 954 1522 1022 canonico
1575 953 2044 1044 pensitandas
2096 972 2277 1026 esse.

780 1066 942 1135 132.
983 1062 1209 1136 Penes
1261 1064 1565 1153 plurima
1621 1063 1946 1154 Capitula
2001 1085 2191 1136 more
2260 1068 2667 1139 institutum
2724 1075 2880 1156 est,
2947 1076 3027 1140 ut
3076 1067 3260 1141 Missa

627 1176 1115 1249 conventualis
1167 1176 1422 1246 diebus
1476 1175 1746 1247 festivis
1799 1198 1840 1247 a
1895 1179 2282 1267 canonicis,
2344 1177 2601 1250 diebus
2653 1179 3023 1251 ferialibus
3075 1201 3115 1250 a
3164 1180 3259 1251 be-

623 1289 1002 1374 neficiatis,
1045 1305 1168 1358 seu
1223 1287 1722 1359 mansionariis
1778 1288 2224 1377 celebretur3
2285 1309 2501 1380 quam
2558 1289 2872 1382 profecto
2942 1287 3262 1364 rzflonem

623 1420 768 1472 non
823 1399 1178 1490 improbat
1230 1396 1301 1468 S.
1360 1398 1701 1490 Congreg.
1768 1398 1978 1472 Hisce
2047 1411 2288 1474 tamen
2342 1403 2416 1472 in
2496 1403 2781 1474 casibus
2843 1402 3265 1496 eleemosyna

625 1532 752 1604 pro
805 1513 1123 1584 eiusdem
1175 1511 1653 1584 celebratione
1706 1513 2009 1604 persolvi
2083 1514 2299 1601 solet3
2360 1513 2813 1605 eleemosyna
2868 1532 3032 1586 vero
3095 1517 3265 1588 iuxta

625 1627 1066 1697 sanctionem
1124 1621 1629 1695 Benedictinae
1694 1622 2235 1697 Constitutionis
2288 1646 2329 1696 a
2394 1643 2630 1697 massa
2706 1626 3267 1698 distributionum

626 1737 1066 1808 desumenda
1120 1743 1253 1808 est.
1295 1732 1551 1826 Itaque
1606 1746 1729 1809 aut
1785 1738 1988 1809 adest
2026 1756 2262 1809 massa
2317 1740 2742 1825 communis,
2786 1745 2855 1810 et
2895 1755 2981 1809 ex
3034 1757 3117 1811 ea
3166 1741 3270 1810 sti-

623 1849 969 1940 pendium
1006 1848 1356 1936 assignari
1409 1848 1648 1935 debet,
1707 1856 1917 1941 prout
1966 1850 2542 1921 constantissime
2592 1852 2952 1940 rescripsit
3006 1851 3077 1922 S.
3118 1850 3271 1922 Con-

630 1979 855 2052 greg„
896 1962 1314 2050 praesertim
1367 1961 1441 2032 in
1496 1962 1791 2032 Lucana
1843 1960 2034 2033 Miss.
2096 1981 2299 2033 conv.
2360 1964 2480 2033 28.
2534 1960 2741 2034 Febr.
2815 1965 3030 2036 1750.
3072 1965 3163 2036 acl
3207 1962 3267 2035 3.

628 2079 690 2144 et
740 2069 851 2152 4.,
892 2072 962 2142 S.
1012 2071 1328 2144 Severini
1381 2069 1572 2142 Miss.
1617 2092 1821 2143 conv.
1864 2075 1986 2144 24.
2030 2071 2235 2146 Mart.
2299 2076 2513 2146 1764.
2572 2072 2772 2156 Quod
2827 2075 2883 2146 si
2957 2076 3270 2148 distincta

627 2185 720 2255 sit
755 2202 988 2254 massa
1025 2184 1443 2270 communiS,
1487 2191 1565 2255 ut
1599 2186 1925 2256 canonici
1978 2205 2209 2272 suam,
2252 2186 2604 2276 capellani
2646 2207 2847 2258 suam
2886 2187 3266 2274 obtineant,

627 2297 961 2385 idemque
1015 2297 1141 2368 fiat
1191 2296 1280 2366 de
1333 2296 1694 2368 canonicis
1747 2299 2018 2386 primae
2073 2299 2449 2392 erectionis
2501 2305 2572 2371 et
2628 2299 2989 2370 canonicis
3042 2318 3273 2372 secun-

627 2407 762 2479 dae
816 2407 1218 2492 erectioniS,
1259 2415 1410 2478 tum
1466 2409 1917 2498 eleemosyna
1971 2409 2125 2481 elici
2181 2409 2399 2483 debet
2456 2429 2542 2481 ex
2596 2411 2990 2501 respectiva
3031 2431 3265 2500 massa,

628 2526 711 2589 ut
762 2519 835 2588 in
886 2519 1123 2589 Aesin.
1167 2516 1360 2589 Miss.
1405 2539 1608 2590 conv.
1650 2523 1722 2590 9.
1776 2518 1969 2611 Sept.
2036 2523 2249 2592 1843.
2315 2524 2411 2594 ad
2458 2523 2534 2594 2.
2596 2520 2668 2593 Si
2720 2541 2886 2594 vero
2938 2524 3132 2594 nulla
3180 2529 3270 2596 est

631 2650 866 2702 massa
921 2633 1344 2719 communis,
1386 2640 1557 2704 tunc
1609 2635 2053 2706 conficienda
2106 2641 2213 2706 est
2255 2634 2552 2707 arbitrio
2604 2632 2938 2725 Episcopi
2978 2655 3065 2707 ex
3110 2636 3272 2707 redi-

627 2743 824 2816 tibus
875 2745 1193 2814 omnium
1244 2744 1820 2833 praebendarum
1890 2766 2017 2837 per
2066 2745 2585 2819 contributum.
2663 2745 2841 2819 Nam
2912 2748 2990 2818 in
3049 2750 3271 2821 Mona-

631 2857 913 2927 sterien.
971 2857 1110 2928 VV.
1159 2858 1282 2928 SS.
1332 2859 1474 2930 LL.
1541 2859 1653 2931 10.
1714 2854 1874 2929 Ian.
1934 2860 2143 2931 1846.
2204 2858 2591 2951 propositis
2645 2858 2931 2930 dubiis:
3010 2883 3047 2924 (ι
3086 2857 3139 2929 Ι.
3180 2860 3270 2929 An

633 2993 671 3033 »
713 2968 952 3039 vicarii
988 2970 1327 3040 ecclesiae
1365 2968 1825 3057 cathedralis,
1869 2965 2024 3066 (qui
2065 2979 2269 3042 eraut
2323 2971 2795 3060 praebendati
2834 2972 3095 3045 chorali
3145 2993 3269 3045 ser-

632 3103 671 3148 »
711 3081 879 3151 vitio
933 3081 1227 3168 addicti,
1272 3100 1414 3171 non
1466 3100 1672 3153 secus
1724 3101 1808 3155 ac
1861 3081 2353 3175 mansionarii)
2408 3082 2692 3154 Missam
2750 3085 3267 3157 conventualem

632 3215 669 3260 >
711 3210 836 3281 pro
888 3191 1468 3264 benefactoribus
1523 3194 1742 3284 gratis
1797 3194 2155 3284 applicare
2210 3200 2634 3283 teneantur,
2686 3214 2815 3267 seu
2869 3199 3105 3286 potius
3150 3196 3271 3267 illis

629 3329 666 3374 »
708 3322 832 3394 pro
885 3304 1019 3376 bac
1073 3303 1554 3394 applicatione
1606 3306 2047 3394 stipendium
2127 3305 2481 3379 debeatur
2533 3325 2574 3376 a
2626 3304 2954 3396 Capitulo
3019 3308 3272 3380 solven-

628 3440 667 3483 »
708 3417 878 3487 dum
931 3415 1004 3485 in
1057 3411 1274 3486 casu?
1311 3413 1482 3486 -Et
1536 3423 1894 3505 quatenus
1948 3418 2275 3509 negative
2329 3419 2418 3490 ad
2473 3416 2778 3508 primam
2830 3426 3130 3508 partem,
3181 3417 3273 3488 af-

630 3552 668 3593 »
707 3527 1055 3598 firmative
1092 3525 1183 3597 ad
1219 3528 1633 3616 secundam,
1664 3567 1709 3581 -
1745 3525 1842 3599 ΙΙ.
1892 3529 1994 3600 An
2029 3532 2220 3601 idem
2257 3531 2501 3601 vicarii
2539 3529 2976 3620 stipendium
3016 3534 3272 3622 exigere

630 3662 668 3703 »
709 3637 985 3726 possint
1038 3655 1164 3727 pro
1216 3643 1530 3729 tempore
1585 3641 1995 3732 praeterito,
2039 3660 2180 3730 quo
2232 3637 2521 3713 Missam
2574 3645 3117 3715 conventualem
3167 3661 3274 3733 ap-

633 3775 671 3817 »
711 3751 1158 3840 plicaverunt
1208 3752 1281 3821 in
1336 3746 1556 3823 casu?
1598 3779 1634 3819 ν
1674 3749 1747 3823 S.
1791 3752 1864 3823 C.
1915 3752 2329 3842 respondit:
2376 3777 2413 3818 (ι
2453 3750 2796 3845 Negative
2848 3754 2941 3825 ad
2993 3755 3271 3844 primam

633 3886 672 3929 ν
713 3866 1016 3950 partem,
1058 3861 1481 3935 affirmative
1525 3864 1618 3935 ad
1669 3864 2060 3935 secundam
2099 3883 2184 3936 ex
2232 3881 2465 3936 massa
2503 3866 2945 3937 conficienda
2999 3864 3270 3936 arbitrio

632 3995 671 4042 ›
713 3970 1046 4064 Episcopi
1097 3992 1225 4064 per
1273 3974 1761 4048 contributum
1798 3995 1885 4047 ex
1937 3977 2288 4049 reditibus
2333 3979 2651 4050 omnium
2688 3978 3267 4069 praebendarum.

633 4109 672 4152 »
718 4084 819 4157 Ad
871 4083 969 4156 II.
1014 4106 1158 4158 non
1211 4089 1625 4179 expedire.»
1667 4085 1866 4160 Idem
1914 4097 2267 4162 statutum
2313 4091 2446 4164 fuit
2486 4092 2558 4162 in
2597 4092 3125 4163 Puderbornen.
3165 4088 3273 4159 28.

629 4192 797 4267 Iun.
845 4198 1057 4269 1865.
1117 4197 1326 4295 (Vide
1377 4202 1557 4274 Acta
1597 4202 1667 4273 S.
1707 4202 1902 4274 Sedis
1957 4197 2113 4273 Vol.
2156 4204 2227 4272 2.
2271 4222 2342 4294 p.
2387 4199 2576 4294 21),
2617 4204 3050 4276 Maceraten.
3092 4201 3274 4277 mss.

629 4328 832 4381 conv.
875 4312 994 4381 31.
1027 4309 1235 4385 Mart.
1281 4313 1529 4402 1860„
1561 4314 1861 4385 Lucana
1894 4314 2091 4385 Miss.
2137 4333 2338 4386 conv.
2379 4315 2495 4384 ili.
2533 4312 2730 4405 Sept.
2768 4314 2982 4386 1867.
3016 4315 3086 4386 Si
3121 4319 3276 4384 taxa

630 4415 887 4492 Missae
938 4428 1310 4514 augeatur,
1351 4426 1593 4516 augeri
1646 4424 1862 4498 debet
1916 4426 2131 4497 etiam
2186 4425 2702 4498 contributum.

777 4528 933 4603 Non
987 4534 1480 4624 infrequenter
1514 4537 1872 4624 usuvenit,
1914 4543 1993 4608 ut
2028 4538 2381 4628 capellani
2434 4556 2690 4629 corpus
2736 4538 3094 4630 peculiare
3125 4550 3282 4607 con-

630 4640 934 4718 stituant
987 4666 1027 4717 a
1079 4646 1383 4738 Capituli
1434 4667 1723 4740 corpore
1776 4650 2219 4741 distinctum,
2262 4668 2552 4741 unaque
2593 4650 2945 4724 bonorum
2997 4662 3281 4722 suorum
