<?xml version="1.0" encoding="UTF-8"?>
<!DOCTYPE html PUBLIC "-//W3C//DTD XHTML 1.0 Transitional//EN"
    "http://www.w3.org/TR/xhtml1/DTD/xhtml1-transitional.dtd">
<html xmlns="http://www.w3.org/1999/xhtml" xml:lang="en" lang="en">
 <head>
  <title>
</title>
<meta http-equiv="Content-Type" content="text/html;charset=utf-8" />
  <meta name='ocr-system' content='tesseract 3.04.00' />
  <meta name='ocr-capabilities' content='ocr_page ocr_carea ocr_par ocr_line ocrx_word'/>
</head>
<body>
  <div class='ocr_page' id='page_1' title='image "./devisitationesa00popegoog_0383.png"; bbox 0 0 3497 5235; ppageno 0'>
   <div class='ocr_carea' id='block_1_1' title="bbox 1028 326 2869 403">
    <p class='ocr_par' dir='ltr' id='par_1_1' title="bbox 1028 326 2869 403">
     <span class='ocr_line' id='line_1_1' title="bbox 1028 326 2869 403; baseline 0.001 -16"><span class='ocrx_word' id='word_1_1' title='bbox 1028 328 1147 403; x_wconf 65' lang='lat'>0⁸1⁵.</span> <span class='ocrx_word' id='word_1_2' title='bbox 1175 329 1271 387; x_wconf 83' lang='lat' dir='ltr'>m.</span> <span class='ocrx_word' id='word_1_3' title='bbox 1312 326 1385 383; x_wconf 74' lang='lat' dir='ltr'>Do</span> <span class='ocrx_word' id='word_1_4' title='bbox 1427 326 1561 384; x_wconf 78' lang='lat' dir='ltr'>clero</span> <span class='ocrx_word' id='word_1_5' title='bbox 1603 328 1872 386; x_wconf 65' lang='lat' dir='ltr'>annulat</span> <span class='ocrx_word' id='word_1_6' title='bbox 1917 330 1968 403; x_wconf 66' lang='grc' dir='ltr'><strong>ἓ.</strong></span> <span class='ocrx_word' id='word_1_7' title='bbox 1996 329 2045 384; x_wconf 74' lang='lat'>4.</span> <span class='ocrx_word' id='word_1_8' title='bbox 2751 326 2869 388; x_wconf 67' lang='lat'>343</span> 
     </span>
    </p>
   </div>
   <div class='ocr_carea' id='block_1_2' title="bbox 153 458 2890 4750">
    <p class='ocr_par' dir='ltr' id='par_1_2' title="bbox 153 458 2890 4750">
     <span class='ocr_line' id='line_1_2' title="bbox 271 458 2873 548; baseline 0.002 -25"><span class='ocrx_word' id='word_1_9' title='bbox 271 466 372 523; x_wconf 88' lang='lat' dir='ltr'>tuta</span> <span class='ocrx_word' id='word_1_10' title='bbox 411 459 571 525; x_wconf 89' lang='lat' dir='ltr'>alicui</span> <span class='ocrx_word' id='word_1_11' title='bbox 619 480 693 526; x_wconf 84' lang='lat' dir='ltr'>ex</span> <span class='ocrx_word' id='word_1_12' title='bbox 738 459 871 525; x_wconf 86' lang='lat' dir='ltr'>suis</span> <span class='ocrx_word' id='word_1_13' title='bbox 921 459 1408 527; x_wconf 78' lang='lat' dir='ltr'>consultoribus</span> <span class='ocrx_word' id='word_1_14' title='bbox 1454 459 1867 526; x_wconf 81' lang='lat' dir='ltr'>examinanda</span> <span class='ocrx_word' id='word_1_15' title='bbox 1902 471 1965 525; x_wconf 89' lang='lat' dir='ltr'>et</span> <span class='ocrx_word' id='word_1_16' title='bbox 1998 458 2375 548; x_wconf 81' lang='lat' dir='ltr'>corrigenda</span> <span class='ocrx_word' id='word_1_17' title='bbox 2412 461 2475 526; x_wconf 91' lang='lat' dir='ltr'>in</span> <span class='ocrx_word' id='word_1_18' title='bbox 2510 459 2703 526; x_wconf 80' lang='lat' dir='ltr'>forma</span> <span class='ocrx_word' id='word_1_19' title='bbox 2740 462 2873 547; x_wconf 91' lang='lat' dir='ltr'>pri-</span> 
     </span>
     <span class='ocr_line' id='line_1_3' title="bbox 267 562 2871 649; baseline 0.003 -27"><span class='ocrx_word' id='word_1_20' title='bbox 267 569 376 624; x_wconf 80' lang='lat' dir='ltr'>vata</span> <span class='ocrx_word' id='word_1_21' title='bbox 407 563 715 639; x_wconf 80' lang='lat' dir='ltr'>commisit,</span> <span class='ocrx_word' id='word_1_22' title='bbox 753 562 926 628; x_wconf 90' lang='lat' dir='ltr'>unde</span> <span class='ocrx_word' id='word_1_23' title='bbox 962 562 1261 648; x_wconf 80' lang='lat' dir='ltr'>Episcopi</span> <span class='ocrx_word' id='word_1_24' title='bbox 1299 581 1583 628; x_wconf 90' lang='lat' dir='ltr'>normam</span> <span class='ocrx_word' id='word_1_25' title='bbox 1615 581 1870 629; x_wconf 90' lang='lat' dir='ltr'>sumere</span> <span class='ocrx_word' id='word_1_26' title='bbox 1905 575 2170 649; x_wconf 78' lang='lat' dir='ltr'>possent</span> <span class='ocrx_word' id='word_1_27' title='bbox 2204 563 2268 628; x_wconf 92' lang='lat' dir='ltr'>in</span> <span class='ocrx_word' id='word_1_28' title='bbox 2298 583 2449 629; x_wconf 90' lang='lat' dir='ltr'>suae</span> <span class='ocrx_word' id='word_1_29' title='bbox 2482 566 2871 631; x_wconf 78' lang='lat' dir='ltr'>auctoritatis</span> 
     </span>
     <span class='ocr_line' id='line_1_4' title="bbox 268 660 2865 744; baseline 0.001 -12"><span class='ocrx_word' id='word_1_30' title='bbox 268 660 481 732; x_wconf 85' lang='lat' dir='ltr'>decreto</span> <span class='ocrx_word' id='word_1_31' title='bbox 531 663 765 731; x_wconf 87' lang='lat' dir='ltr'>eisdem</span> <span class='ocrx_word' id='word_1_32' title='bbox 827 664 1217 731; x_wconf 89' lang='lat' dir='ltr'>adiiciendo.</span> <span class='ocrx_word' id='word_1_33' title='bbox 1268 703 1311 715; x_wconf 92' lang='lat'>-</span> <span class='ocrx_word' id='word_1_34' title='bbox 1363 667 1510 730; x_wconf 88' lang='grc'><strong>149.</strong></span> <span class='ocrx_word' id='word_1_35' title='bbox 1564 666 1703 730; x_wconf 91' lang='lat' dir='ltr'>Non</span> <span class='ocrx_word' id='word_1_36' title='bbox 1752 685 1893 730; x_wconf 91' lang='lat' dir='ltr'>raro</span> <span class='ocrx_word' id='word_1_37' title='bbox 1942 666 2279 744; x_wconf 83' lang='lat' dir='ltr'>usuvenit,</span> <span class='ocrx_word' id='word_1_38' title='bbox 2334 678 2402 732; x_wconf 90' lang='lat' dir='ltr'>ut</span> <span class='ocrx_word' id='word_1_39' title='bbox 2452 673 2512 736; x_wconf 91' lang='lat' dir='ltr'>S.</span> <span class='ocrx_word' id='word_1_40' title='bbox 2557 672 2627 735; x_wconf 93' lang='lat' dir='ltr'>C.</span> <span class='ocrx_word' id='word_1_41' title='bbox 2669 673 2865 735; x_wconf 87' lang='lat' dir='ltr'>Conc.</span> 
     </span>
     <span class='ocr_line' id='line_1_5' title="bbox 267 766 2873 855; baseline 0.004 -26"><span class='ocrx_word' id='word_1_42' title='bbox 267 775 452 830; x_wconf 76' lang='lat' dir='ltr'>statuta</span> <span class='ocrx_word' id='word_1_43' title='bbox 482 766 791 845; x_wconf 80' lang='lat' dir='ltr'>informia,</span> <span class='ocrx_word' id='word_1_44' title='bbox 842 787 1060 833; x_wconf 90' lang='lat' dir='ltr'>manca</span> <span class='ocrx_word' id='word_1_45' title='bbox 1112 779 1175 834; x_wconf 90' lang='lat' dir='ltr'>et</span> <span class='ocrx_word' id='word_1_46' title='bbox 1225 766 1595 855; x_wconf 83' lang='lat' dir='ltr'>imperfecta</span> <span class='ocrx_word' id='word_1_47' title='bbox 1645 778 2161 855; x_wconf 81' lang='lat' dir='ltr'>praesententur.</span> <span class='ocrx_word' id='word_1_48' title='bbox 2191 774 2412 837; x_wconf 79' lang='grc'><strong>-150,</strong></span> <span class='ocrx_word' id='word_1_49' title='bbox 2447 776 2593 838; x_wconf 85' lang='grc'><strong>151.</strong></span> <span class='ocrx_word' id='word_1_50' title='bbox 2643 777 2873 839; x_wconf 84' lang='lat' dir='ltr'>Exem-</span> 
     </span>
     <span class='ocr_line' id='line_1_6' title="bbox 264 866 2869 955; baseline 0.005 -25"><span class='ocrx_word' id='word_1_51' title='bbox 264 866 334 950; x_wconf 85' lang='lat' dir='ltr'>pli</span> <span class='ocrx_word' id='word_1_52' title='bbox 374 871 545 954; x_wconf 79' lang='lat' dir='ltr'>gratia</span> <span class='ocrx_word' id='word_1_53' title='bbox 591 870 889 937; x_wconf 89' lang='lat' dir='ltr'>distincte</span> <span class='ocrx_word' id='word_1_54' title='bbox 940 867 1318 935; x_wconf 84' lang='lat' dir='ltr'>reseruntur</span> <span class='ocrx_word' id='word_1_55' title='bbox 1363 873 1564 955; x_wconf 88' lang='lat' dir='ltr'>capita</span> <span class='ocrx_word' id='word_1_56' title='bbox 1616 870 2142 937; x_wconf 85' lang='lat' dir='ltr'>constitutionum</span> <span class='ocrx_word' id='word_1_57' title='bbox 2193 874 2869 954; x_wconf 81' lang='lat' dir='ltr'>centumcellensium,</span> 
     </span>
     <span class='ocr_line' id='line_1_7' title="bbox 264 972 2865 1062; baseline 0.003 -29"><span class='ocrx_word' id='word_1_58' title='bbox 264 986 412 1052; x_wconf 82' lang='lat' dir='ltr'>quae,</span> <span class='ocrx_word' id='word_1_59' title='bbox 455 982 762 1059; x_wconf 84' lang='lat' dir='ltr'>tamquam</span> <span class='ocrx_word' id='word_1_60' title='bbox 812 972 1287 1040; x_wconf 84' lang='lat' dir='ltr'>delineamenta</span> <span class='ocrx_word' id='word_1_61' title='bbox 1337 974 1527 1039; x_wconf 90' lang='lat' dir='ltr'>simili</span> <span class='ocrx_word' id='word_1_62' title='bbox 1578 973 1758 1059; x_wconf 90' lang='lat' dir='ltr'>operi</span> <span class='ocrx_word' id='word_1_63' title='bbox 1808 972 2202 1038; x_wconf 82' lang='lat' dir='ltr'>absolvendo</span> <span class='ocrx_word' id='word_1_64' title='bbox 2235 976 2373 1040; x_wconf 89' lang='lat' dir='ltr'>usui</span> <span class='ocrx_word' id='word_1_65' title='bbox 2410 995 2547 1040; x_wconf 88' lang='lat' dir='ltr'>esse</span> <span class='ocrx_word' id='word_1_66' title='bbox 2579 988 2865 1062; x_wconf 87' lang='lat' dir='ltr'>possunt.</span> 
     </span>
     <span class='ocr_line' id='line_1_8' title="bbox 258 1074 2871 1165; baseline 0.004 -29"><span class='ocrx_word' id='word_1_67' title='bbox 258 1076 434 1138; x_wconf 77' lang='grc'><strong>-152,</strong></span> <span class='ocrx_word' id='word_1_68' title='bbox 487 1078 609 1153; x_wconf 90' lang='lat' dir='ltr'>Qua</span> <span class='ocrx_word' id='word_1_69' title='bbox 655 1078 917 1144; x_wconf 89' lang='lat' dir='ltr'>materia</span> <span class='ocrx_word' id='word_1_70' title='bbox 971 1076 1300 1163; x_wconf 89' lang='lat' dir='ltr'>speciatim</span> <span class='ocrx_word' id='word_1_71' title='bbox 1350 1076 1839 1141; x_wconf 85' lang='lat' dir='ltr'>constitutiones</span> <span class='ocrx_word' id='word_1_72' title='bbox 1895 1074 2263 1141; x_wconf 83' lang='lat' dir='ltr'>conflandae</span> <span class='ocrx_word' id='word_1_73' title='bbox 2310 1075 2871 1165; x_wconf 86' lang='lat' dir='ltr'>perficiendaeque</span> 
     </span>
     <span class='ocr_line' id='line_1_9' title="bbox 257 1173 2871 1265; baseline 0.005 -27"><span class='ocrx_word' id='word_1_74' title='bbox 257 1173 376 1252; x_wconf 87' lang='lat' dir='ltr'>sint,</span> <span class='ocrx_word' id='word_1_75' title='bbox 420 1190 763 1265; x_wconf 87' lang='lat' dir='ltr'>suppetunt</span> <span class='ocrx_word' id='word_1_76' title='bbox 815 1199 911 1257; x_wconf 92' lang='lat' dir='ltr'>ea,</span> <span class='ocrx_word' id='word_1_77' title='bbox 973 1199 1134 1264; x_wconf 91' lang='lat' dir='ltr'>quae</span> <span class='ocrx_word' id='word_1_78' title='bbox 1192 1178 1356 1244; x_wconf 89' lang='lat' dir='ltr'>dicta</span> <span class='ocrx_word' id='word_1_79' title='bbox 1404 1180 1508 1244; x_wconf 87' lang='lat' dir='ltr'>vel</span> <span class='ocrx_word' id='word_1_80' title='bbox 1559 1178 1832 1245; x_wconf 89' lang='lat' dir='ltr'>dicenda</span> <span class='ocrx_word' id='word_1_81' title='bbox 1884 1191 2033 1244; x_wconf 89' lang='lat' dir='ltr'>sunt</span> <span class='ocrx_word' id='word_1_82' title='bbox 2088 1178 2169 1244; x_wconf 89' lang='lat' dir='ltr'>de</span> <span class='ocrx_word' id='word_1_83' title='bbox 2220 1180 2565 1264; x_wconf 78' lang='lat' dir='ltr'>CapituliS‚</span> <span class='ocrx_word' id='word_1_84' title='bbox 2618 1202 2871 1250; x_wconf 90' lang='lat' dir='ltr'>necnon</span> 
     </span>
     <span class='ocr_line' id='line_1_10' title="bbox 258 1279 2873 1374; baseline 0.005 -35"><span class='ocrx_word' id='word_1_85' title='bbox 258 1293 330 1352; x_wconf 81' lang='lat' dir='ltr'>aa,</span> <span class='ocrx_word' id='word_1_86' title='bbox 373 1298 521 1364; x_wconf 88' lang='lat' dir='ltr'>quae</span> <span class='ocrx_word' id='word_1_87' title='bbox 567 1281 648 1348; x_wconf 91' lang='lat' dir='ltr'>de</span> <span class='ocrx_word' id='word_1_88' title='bbox 698 1282 970 1347; x_wconf 87' lang='lat' dir='ltr'>comitiis</span> <span class='ocrx_word' id='word_1_89' title='bbox 1018 1280 1466 1362; x_wconf 86' lang='lat' dir='ltr'>capitularibus</span> <span class='ocrx_word' id='word_1_90' title='bbox 1515 1291 1578 1345; x_wconf 91' lang='lat' dir='ltr'>et</span> <span class='ocrx_word' id='word_1_91' title='bbox 1626 1279 1803 1345; x_wconf 90' lang='lat' dir='ltr'>cbori</span> <span class='ocrx_word' id='word_1_92' title='bbox 1853 1279 2183 1365; x_wconf 87' lang='lat' dir='ltr'>disciplina</span> <span class='ocrx_word' id='word_1_93' title='bbox 2234 1284 2588 1351; x_wconf 86' lang='lat' dir='ltr'>evolvenda</span> <span class='ocrx_word' id='word_1_94' title='bbox 2634 1305 2873 1374; x_wconf 88' lang='lat' dir='ltr'>propo·</span> 
     </span>
     <span class='ocr_line' id='line_1_11' title="bbox 251 1383 2873 1476; baseline 0.006 -35"><span class='ocrx_word' id='word_1_95' title='bbox 251 1391 471 1446; x_wconf 85' lang='lat' dir='ltr'>nuntur.</span> <span class='ocrx_word' id='word_1_96' title='bbox 514 1420 555 1432; x_wconf 90' lang='lat'>-</span> <span class='ocrx_word' id='word_1_97' title='bbox 601 1387 753 1452; x_wconf 84' lang='grc'><strong>153.</strong></span> <span class='ocrx_word' id='word_1_98' title='bbox 805 1388 892 1449; x_wconf 91' lang='lat' dir='ltr'>De</span> <span class='ocrx_word' id='word_1_99' title='bbox 940 1385 1213 1451; x_wconf 88' lang='lat' dir='ltr'>comitiis</span> <span class='ocrx_word' id='word_1_100' title='bbox 1262 1384 1708 1468; x_wconf 88' lang='lat' dir='ltr'>capitularibus</span> <span class='ocrx_word' id='word_1_101' title='bbox 1755 1383 1986 1450; x_wconf 84' lang='lat' dir='ltr'>affabre</span> <span class='ocrx_word' id='word_1_102' title='bbox 2046 1386 2177 1471; x_wconf 83' lang='lat' dir='ltr'>agit</span> <span class='ocrx_word' id='word_1_103' title='bbox 2236 1385 2552 1465; x_wconf 77' lang='lat' dir='ltr'>FerrariS‚</span> <span class='ocrx_word' id='word_1_104' title='bbox 2606 1390 2873 1476; x_wconf 91' lang='lat' dir='ltr'>eiusque</span> 
     </span>
     <span class='ocr_line' id='line_1_12' title="bbox 251 1478 2875 1572; baseline 0.006 -29"><span class='ocrx_word' id='word_1_105' title='bbox 251 1478 490 1550; x_wconf 88' lang='lat' dir='ltr'>doctrina</span> <span class='ocrx_word' id='word_1_106' title='bbox 537 1505 657 1572; x_wconf 91' lang='lat' dir='ltr'>per</span> <span class='ocrx_word' id='word_1_107' title='bbox 705 1499 1037 1554; x_wconf 85' lang='lat' dir='ltr'>extensum</span> <span class='ocrx_word' id='word_1_108' title='bbox 1071 1485 1375 1553; x_wconf 80' lang='lat' dir='ltr'>refertur.</span> <span class='ocrx_word' id='word_1_109' title='bbox 1411 1486 1507 1553; x_wconf 81' lang='lat' dir='ltr'>Ad</span> <span class='ocrx_word' id='word_1_110' title='bbox 1541 1497 1750 1552; x_wconf 89' lang='lat' dir='ltr'>actum</span> <span class='ocrx_word' id='word_1_111' title='bbox 1784 1487 2197 1572; x_wconf 84' lang='lat' dir='ltr'>capitularem</span> <span class='ocrx_word' id='word_1_112' title='bbox 2245 1488 2368 1554; x_wconf 89' lang='lat' dir='ltr'>rite</span> <span class='ocrx_word' id='word_1_113' title='bbox 2403 1490 2875 1558; x_wconf 84' lang='lat' dir='ltr'>conficiendum</span> 
     </span>
     <span class='ocr_line' id='line_1_13' title="bbox 250 1585 2874 1676; baseline 0.005 -29"><span class='ocrx_word' id='word_1_114' title='bbox 250 1596 480 1666; x_wconf 82' lang='lat' dir='ltr'>quatuor</span> <span class='ocrx_word' id='word_1_115' title='bbox 522 1589 925 1656; x_wconf 89' lang='lat' dir='ltr'>conditiones</span> <span class='ocrx_word' id='word_1_116' title='bbox 973 1585 1416 1676; x_wconf 69' lang='lat' dir='ltr'>requiruntur,</span> <span class='ocrx_word' id='word_1_117' title='bbox 1455 1601 1520 1656; x_wconf 90' lang='lat' dir='ltr'>et</span> <span class='ocrx_word' id='word_1_118' title='bbox 1553 1609 1736 1675; x_wconf 89' lang='lat' dir='ltr'>quae.</span> <span class='ocrx_word' id='word_1_119' title='bbox 1776 1627 1819 1639; x_wconf 92' lang='lat'>-</span> <span class='ocrx_word' id='word_1_120' title='bbox 1855 1593 2007 1655; x_wconf 93' lang='grc'><strong>154.</strong></span> <span class='ocrx_word' id='word_1_121' title='bbox 2044 1592 2125 1655; x_wconf 90' lang='lat' dir='ltr'>Ut</span> <span class='ocrx_word' id='word_1_122' title='bbox 2173 1590 2532 1675; x_wconf 86' lang='lat' dir='ltr'>Capitulum</span> <span class='ocrx_word' id='word_1_123' title='bbox 2569 1595 2691 1659; x_wconf 89' lang='lat' dir='ltr'>rite</span> <span class='ocrx_word' id='word_1_124' title='bbox 2726 1614 2874 1660; x_wconf 89' lang='lat' dir='ltr'>con-</span> 
     </span>
     <span class='ocr_line' id='line_1_14' title="bbox 247 1687 2876 1782; baseline 0.006 -35"><span class='ocrx_word' id='word_1_125' title='bbox 247 1687 456 1754; x_wconf 78' lang='lat' dir='ltr'>venisse</span> <span class='ocrx_word' id='word_1_126' title='bbox 500 1690 622 1757; x_wconf 91' lang='lat' dir='ltr'>dici</span> <span class='ocrx_word' id='word_1_127' title='bbox 675 1693 896 1780; x_wconf 85' lang='lat' dir='ltr'>possit,</span> <span class='ocrx_word' id='word_1_128' title='bbox 948 1692 1235 1758; x_wconf 87' lang='lat' dir='ltr'>habenda</span> <span class='ocrx_word' id='word_1_129' title='bbox 1283 1704 1378 1758; x_wconf 89' lang='lat' dir='ltr'>est</span> <span class='ocrx_word' id='word_1_130' title='bbox 1426 1692 1586 1758; x_wconf 89' lang='lat' dir='ltr'>ratio</span> <span class='ocrx_word' id='word_1_131' title='bbox 1636 1712 2080 1780; x_wconf 87' lang='lat' dir='ltr'>personarum,</span> <span class='ocrx_word' id='word_1_132' title='bbox 2115 1693 2316 1771; x_wconf 92' lang='lat' dir='ltr'>modi,</span> <span class='ocrx_word' id='word_1_133' title='bbox 2354 1695 2473 1760; x_wconf 90' lang='lat' dir='ltr'>loci</span> <span class='ocrx_word' id='word_1_134' title='bbox 2509 1717 2575 1761; x_wconf 89' lang='lat' dir='ltr'>ac</span> <span class='ocrx_word' id='word_1_135' title='bbox 2625 1707 2876 1782; x_wconf 88' lang='lat' dir='ltr'>tempo-</span> 
     </span>
     <span class='ocr_line' id='line_1_15' title="bbox 243 1787 2875 1882; baseline 0.006 -31"><span class='ocrx_word' id='word_1_136' title='bbox 243 1787 327 1853; x_wconf 82' lang='lat' dir='ltr'>ris.</span> <span class='ocrx_word' id='word_1_137' title='bbox 377 1793 738 1878; x_wconf 86' lang='lat' dir='ltr'>Capitulum</span> <span class='ocrx_word' id='word_1_138' title='bbox 786 1806 1093 1861; x_wconf 85' lang='lat' dir='ltr'>convocat</span> <span class='ocrx_word' id='word_1_139' title='bbox 1143 1796 1494 1882; x_wconf 85' lang='lat' dir='ltr'>Episcopus</span> <span class='ocrx_word' id='word_1_140' title='bbox 1540 1796 1643 1862; x_wconf 83' lang='lat' dir='ltr'>vel</span> <span class='ocrx_word' id='word_1_141' title='bbox 1695 1794 2011 1875; x_wconf 90' lang='lat' dir='ltr'>decanus;</span> <span class='ocrx_word' id='word_1_142' title='bbox 2050 1795 2304 1880; x_wconf 90' lang='lat' dir='ltr'>quando</span> <span class='ocrx_word' id='word_1_143' title='bbox 2351 1800 2655 1865; x_wconf 86' lang='lat' dir='ltr'>alteruter</span> <span class='ocrx_word' id='word_1_144' title='bbox 2701 1800 2875 1868; x_wconf 91' lang='lat' dir='ltr'>idem</span> 
     </span>
     <span class='ocr_line' id='line_1_16' title="bbox 243 1899 2875 1979; baseline 0.005 -21"><span class='ocrx_word' id='word_1_145' title='bbox 243 1912 528 1966; x_wconf 82' lang='lat' dir='ltr'>convocat.</span> <span class='ocrx_word' id='word_1_146' title='bbox 563 1939 607 1951; x_wconf 91' lang='lat'><em>-</em></span> <span class='ocrx_word' id='word_1_147' title='bbox 649 1907 794 1968; x_wconf 86' lang='grc'><strong>155.</strong></span> <span class='ocrx_word' id='word_1_148' title='bbox 853 1901 1029 1968; x_wconf 91' lang='lat' dir='ltr'>Circa</span> <span class='ocrx_word' id='word_1_149' title='bbox 1078 1903 1344 1968; x_wconf 92' lang='lat' dir='ltr'>modum</span> <span class='ocrx_word' id='word_1_150' title='bbox 1391 1899 1684 1965; x_wconf 88' lang='lat' dir='ltr'>standum</span> <span class='ocrx_word' id='word_1_151' title='bbox 1735 1912 1831 1966; x_wconf 83' lang='lat' dir='ltr'>est</span> <span class='ocrx_word' id='word_1_152' title='bbox 1881 1901 2373 1979; x_wconf 91' lang='lat' dir='ltr'>consuetudini,</span> <span class='ocrx_word' id='word_1_153' title='bbox 2424 1903 2536 1968; x_wconf 90' lang='lat' dir='ltr'>sed</span> <span class='ocrx_word' id='word_1_154' title='bbox 2586 1903 2875 1971; x_wconf 86' lang='lat' dir='ltr'>absentes</span> 
     </span>
     <span class='ocr_line' id='line_1_17' title="bbox 238 2002 2879 2081; baseline 0.004 -18"><span class='ocrx_word' id='word_1_155' title='bbox 238 2013 333 2081; x_wconf 85' lang='lat' dir='ltr'>per</span> <span class='ocrx_word' id='word_1_156' title='bbox 374 2002 577 2071; x_wconf 88' lang='lat' dir='ltr'>literas</span> <span class='ocrx_word' id='word_1_157' title='bbox 627 2006 889 2072; x_wconf 89' lang='lat' dir='ltr'>omnino</span> <span class='ocrx_word' id='word_1_158' title='bbox 936 2003 1242 2071; x_wconf 91' lang='lat' dir='ltr'>monendi</span> <span class='ocrx_word' id='word_1_159' title='bbox 1291 2015 1462 2069; x_wconf 87' lang='lat' dir='ltr'>sunt.</span> <span class='ocrx_word' id='word_1_160' title='bbox 1512 2002 1689 2070; x_wconf 91' lang='lat' dir='ltr'>Circa</span> <span class='ocrx_word' id='word_1_161' title='bbox 1725 2005 1961 2080; x_wconf 90' lang='lat' dir='ltr'>locum,</span> <span class='ocrx_word' id='word_1_162' title='bbox 2001 2006 2482 2072; x_wconf 86' lang='lat' dir='ltr'>convocandum</span> <span class='ocrx_word' id='word_1_163' title='bbox 2516 2017 2611 2072; x_wconf 89' lang='lat' dir='ltr'>est</span> <span class='ocrx_word' id='word_1_164' title='bbox 2646 2007 2708 2074; x_wconf 91' lang='lat' dir='ltr'>in</span> <span class='ocrx_word' id='word_1_165' title='bbox 2741 2010 2879 2074; x_wconf 88' lang='lat' dir='ltr'>aula</span> 
     </span>
     <span class='ocr_line' id='line_1_18' title="bbox 237 2104 2876 2196; baseline 0.005 -31"><span class='ocrx_word' id='word_1_166' title='bbox 237 2104 550 2186; x_wconf 81' lang='lat' dir='ltr'>capitulari.</span> <span class='ocrx_word' id='word_1_167' title='bbox 612 2111 739 2178; x_wconf 89' lang='lat' dir='ltr'>Sed</span> <span class='ocrx_word' id='word_1_168' title='bbox 789 2109 1175 2195; x_wconf 78' lang='lat' dir='ltr'>EpiscopuS,</span> <span class='ocrx_word' id='word_1_169' title='bbox 1228 2107 1346 2173; x_wconf 90' lang='lat' dir='ltr'>nisi</span> <span class='ocrx_word' id='word_1_170' title='bbox 1398 2107 1623 2173; x_wconf 88' lang='lat' dir='ltr'>babeat</span> <span class='ocrx_word' id='word_1_171' title='bbox 1672 2108 2171 2172; x_wconf 88' lang='lat' dir='ltr'>controversiam</span> <span class='ocrx_word' id='word_1_172' title='bbox 2221 2109 2493 2194; x_wconf 90' lang='lat' dir='ltr'>aliquam</span> <span class='ocrx_word' id='word_1_173' title='bbox 2542 2129 2685 2175; x_wconf 91' lang='lat' dir='ltr'>cum</span> <span class='ocrx_word' id='word_1_174' title='bbox 2738 2113 2876 2196; x_wconf 87' lang='lat' dir='ltr'>ipso</span> 
     </span>
     <span class='ocr_line' id='line_1_19' title="bbox 234 2206 2879 2298; baseline 0.005 -29"><span class='ocrx_word' id='word_1_175' title='bbox 234 2206 536 2292; x_wconf 81' lang='lat' dir='ltr'>Capitulo,</span> <span class='ocrx_word' id='word_1_176' title='bbox 604 2212 675 2277; x_wconf 89' lang='lat' dir='ltr'>in</span> <span class='ocrx_word' id='word_1_177' title='bbox 729 2213 868 2277; x_wconf 89' lang='lat' dir='ltr'>aula</span> <span class='ocrx_word' id='word_1_178' title='bbox 926 2231 1039 2276; x_wconf 89' lang='lat' dir='ltr'>sua</span> <span class='ocrx_word' id='word_1_179' title='bbox 1100 2222 1312 2296; x_wconf 89' lang='lat' dir='ltr'>potest</span> <span class='ocrx_word' id='word_1_180' title='bbox 1371 2212 1580 2296; x_wconf 87' lang='lat' dir='ltr'>ipsum</span> <span class='ocrx_word' id='word_1_181' title='bbox 1642 2228 1900 2294; x_wconf 84' lang='lat' dir='ltr'>cogere.</span> <span class='ocrx_word' id='word_1_182' title='bbox 1967 2213 2261 2287; x_wconf 87' lang='lat' dir='ltr'>Quamvis</span> <span class='ocrx_word' id='word_1_183' title='bbox 2308 2213 2373 2277; x_wconf 91' lang='lat' dir='ltr'>in</span> <span class='ocrx_word' id='word_1_184' title='bbox 2421 2212 2711 2298; x_wconf 88' lang='lat' dir='ltr'>quolibet</span> <span class='ocrx_word' id='word_1_185' title='bbox 2756 2215 2879 2281; x_wconf 90' lang='lat' dir='ltr'>alio</span> 
     </span>
     <span class='ocr_line' id='line_1_20' title="bbox 231 2304 2876 2405; baseline 0.006 -36"><span class='ocrx_word' id='word_1_186' title='bbox 231 2304 463 2380; x_wconf 88' lang='lat' dir='ltr'>honesto</span> <span class='ocrx_word' id='word_1_187' title='bbox 511 2317 658 2382; x_wconf 89' lang='lat' dir='ltr'>loco</span> <span class='ocrx_word' id='word_1_188' title='bbox 706 2317 906 2402; x_wconf 87' lang='lat' dir='ltr'>possit</span> <span class='ocrx_word' id='word_1_189' title='bbox 952 2316 1163 2381; x_wconf 85' lang='lat' dir='ltr'>valide</span> <span class='ocrx_word' id='word_1_190' title='bbox 1212 2314 1609 2401; x_wconf 82' lang='lat' dir='ltr'>congregari.</span> <span class='ocrx_word' id='word_1_191' title='bbox 1641 2351 1684 2363; x_wconf 92' lang='lat'>·—</span> <span class='ocrx_word' id='word_1_192' title='bbox 1722 2318 1872 2380; x_wconf 88' lang='grc'><strong>156.</strong></span> <span class='ocrx_word' id='word_1_193' title='bbox 1911 2315 2407 2382; x_wconf 78' lang='lat' dir='ltr'>convocandum</span> <span class='ocrx_word' id='word_1_194' title='bbox 2456 2329 2551 2383; x_wconf 89' lang='lat' dir='ltr'>est</span> <span class='ocrx_word' id='word_1_195' title='bbox 2584 2329 2876 2405; x_wconf 89' lang='lat' dir='ltr'>tempore</span> 
     </span>
     <span class='ocr_line' id='line_1_21' title="bbox 229 2416 2879 2505; baseline 0.005 -32"><span class='ocrx_word' id='word_1_196' title='bbox 229 2428 542 2483; x_wconf 85' lang='lat' dir='ltr'>consueto:</span> <span class='ocrx_word' id='word_1_197' title='bbox 598 2439 930 2505; x_wconf 89' lang='lat' dir='ltr'>nunquam</span> <span class='ocrx_word' id='word_1_198' title='bbox 983 2430 1232 2495; x_wconf 91' lang='lat' dir='ltr'>tamen,</span> <span class='ocrx_word' id='word_1_199' title='bbox 1286 2417 1545 2503; x_wconf 91' lang='lat' dir='ltr'>quando</span> <span class='ocrx_word' id='word_1_200' title='bbox 1593 2416 1808 2483; x_wconf 84' lang='lat' dir='ltr'>divina</span> <span class='ocrx_word' id='word_1_201' title='bbox 1859 2417 2283 2484; x_wconf 85' lang='lat' dir='ltr'>celebrantur.</span> <span class='ocrx_word' id='word_1_202' title='bbox 2333 2456 2376 2468; x_wconf 92' lang='lat'>-</span> <span class='ocrx_word' id='word_1_203' title='bbox 2428 2423 2573 2486; x_wconf 87' lang='grc'><strong>157.</strong></span> <span class='ocrx_word' id='word_1_204' title='bbox 2630 2425 2879 2488; x_wconf 85' lang='lat' dir='ltr'>Convo-</span> 
     </span>
     <span class='ocr_line' id='line_1_22' title="bbox 229 2514 2879 2609; baseline 0.005 -33"><span class='ocrx_word' id='word_1_205' title='bbox 229 2514 379 2581; x_wconf 88' lang='lat' dir='ltr'>candi</span> <span class='ocrx_word' id='word_1_206' title='bbox 425 2534 574 2587; x_wconf 90' lang='lat' dir='ltr'>sunt</span> <span class='ocrx_word' id='word_1_207' title='bbox 627 2523 669 2587; x_wconf 94' lang='lat' dir='ltr'>ii</span> <span class='ocrx_word' id='word_1_208' title='bbox 722 2535 964 2588; x_wconf 92' lang='lat' dir='ltr'>tantum</span> <span class='ocrx_word' id='word_1_209' title='bbox 996 2569 1015 2598; x_wconf 92' lang='lat'>,</span> <span class='ocrx_word' id='word_1_210' title='bbox 1081 2523 1187 2607; x_wconf 89' lang='lat' dir='ltr'>qui</span> <span class='ocrx_word' id='word_1_211' title='bbox 1242 2519 1323 2586; x_wconf 92' lang='lat' dir='ltr'>de</span> <span class='ocrx_word' id='word_1_212' title='bbox 1374 2520 1666 2606; x_wconf 90' lang='lat' dir='ltr'>Capitulo</span> <span class='ocrx_word' id='word_1_213' title='bbox 1714 2533 1903 2598; x_wconf 92' lang='lat' dir='ltr'>sunt,</span> <span class='ocrx_word' id='word_1_214' title='bbox 1966 2520 2259 2605; x_wconf 87' lang='lat' dir='ltr'>adeoque</span> <span class='ocrx_word' id='word_1_215' title='bbox 2324 2523 2704 2609; x_wconf 82' lang='lat' dir='ltr'>regulariter</span> <span class='ocrx_word' id='word_1_216' title='bbox 2762 2524 2879 2590; x_wconf 90' lang='lat' dir='ltr'>soli</span> 
     </span>
     <span class='ocr_line' id='line_1_23' title="bbox 229 2622 2883 2710; baseline 0.004 -29"><span class='ocrx_word' id='word_1_217' title='bbox 229 2623 533 2704; x_wconf 83' lang='lat' dir='ltr'>canonici,</span> <span class='ocrx_word' id='word_1_218' title='bbox 590 2647 712 2693; x_wconf 92' lang='lat' dir='ltr'>nec</span> <span class='ocrx_word' id='word_1_219' title='bbox 762 2628 949 2693; x_wconf 91' lang='lat' dir='ltr'>etiam</span> <span class='ocrx_word' id='word_1_220' title='bbox 1004 2624 1386 2710; x_wconf 81' lang='lat' dir='ltr'>dignitates,</span> <span class='ocrx_word' id='word_1_221' title='bbox 1446 2623 1640 2690; x_wconf 90' lang='lat' dir='ltr'>modo</span> <span class='ocrx_word' id='word_1_222' title='bbox 1690 2625 1791 2689; x_wconf 85' lang='lat' dir='ltr'>vel</span> <span class='ocrx_word' id='word_1_223' title='bbox 1850 2622 2221 2690; x_wconf 80' lang='lat' dir='ltr'>fundatione</span> <span class='ocrx_word' id='word_1_224' title='bbox 2269 2627 2370 2691; x_wconf 86' lang='lat' dir='ltr'>vel</span> <span class='ocrx_word' id='word_1_225' title='bbox 2421 2626 2883 2693; x_wconf 88' lang='lat' dir='ltr'>consuetudine</span> 
     </span>
     <span class='ocr_line' id='line_1_24' title="bbox 225 2716 2879 2815; baseline 0.002 -26"><span class='ocrx_word' id='word_1_226' title='bbox 225 2716 293 2785; x_wconf 83' lang='lat' dir='ltr'>de</span> <span class='ocrx_word' id='word_1_227' title='bbox 336 2727 629 2813; x_wconf 88' lang='lat' dir='ltr'>Capitulo</span> <span class='ocrx_word' id='word_1_228' title='bbox 686 2749 814 2796; x_wconf 92' lang='lat' dir='ltr'>non</span> <span class='ocrx_word' id='word_1_229' title='bbox 861 2731 1011 2807; x_wconf 90' lang='lat' dir='ltr'>sint,</span> <span class='ocrx_word' id='word_1_230' title='bbox 1073 2748 1192 2794; x_wconf 93' lang='lat' dir='ltr'>nec</span> <span class='ocrx_word' id='word_1_231' title='bbox 1247 2727 1675 2794; x_wconf 84' lang='lat' dir='ltr'>mansionarii.</span> <span class='ocrx_word' id='word_1_232' title='bbox 1729 2727 1892 2803; x_wconf 89' lang='lat' dir='ltr'>Quin</span> <span class='ocrx_word' id='word_1_233' title='bbox 1941 2727 2070 2793; x_wconf 93' lang='lat' dir='ltr'>imo</span> <span class='ocrx_word' id='word_1_234' title='bbox 2127 2728 2297 2793; x_wconf 90' lang='lat' dir='ltr'>inter</span> <span class='ocrx_word' id='word_1_235' title='bbox 2344 2730 2706 2806; x_wconf 78' lang='lat' dir='ltr'>canonicOS‚</span> <span class='ocrx_word' id='word_1_236' title='bbox 2768 2730 2879 2815; x_wconf 91' lang='lat' dir='ltr'>qui</span> 
     </span>
     <span class='ocr_line' id='line_1_25' title="bbox 219 2829 2883 2917; baseline 0.004 -30"><span class='ocrx_word' id='word_1_237' title='bbox 219 2837 345 2890; x_wconf 85' lang='lat' dir='ltr'>sunt</span> <span class='ocrx_word' id='word_1_238' title='bbox 391 2830 953 2898; x_wconf 75' lang='lat' dir='ltr'>intra·numerum</span> <span class='ocrx_word' id='word_1_239' title='bbox 990 2841 1055 2897; x_wconf 91' lang='lat' dir='ltr'>et</span> <span class='ocrx_word' id='word_1_240' title='bbox 1092 2832 1423 2898; x_wconf 86' lang='lat' dir='ltr'>diaconatu</span> <span class='ocrx_word' id='word_1_241' title='bbox 1463 2832 1686 2896; x_wconf 88' lang='lat' dir='ltr'>saltem</span> <span class='ocrx_word' id='word_1_242' title='bbox 1722 2829 2035 2917; x_wconf 72' lang='lat' dir='ltr'>insigniti.</span> <span class='ocrx_word' id='word_1_243' title='bbox 2074 2831 2384 2897; x_wconf 80' lang='lat' dir='ltr'>Absentes</span> <span class='ocrx_word' id='word_1_244' title='bbox 2433 2831 2698 2897; x_wconf 87' lang='lat' dir='ltr'>vocandi</span> <span class='ocrx_word' id='word_1_245' title='bbox 2733 2842 2883 2897; x_wconf 87' lang='lat' dir='ltr'>sunt</span> 
     </span>
     <span class='ocr_line' id='line_1_26' title="bbox 219 2920 2879 3020; baseline 0.003 -27"><span class='ocrx_word' id='word_1_246' title='bbox 219 2920 271 2989; x_wconf 77' lang='lat' dir='ltr'>in</span> <span class='ocrx_word' id='word_1_247' title='bbox 315 2933 589 3017; x_wconf 81' lang='lat' dir='ltr'>negotiis</span> <span class='ocrx_word' id='word_1_248' title='bbox 639 2934 894 3000; x_wconf 87' lang='lat' dir='ltr'>maioris</span> <span class='ocrx_word' id='word_1_249' title='bbox 942 2934 1278 3000; x_wconf 88' lang='lat' dir='ltr'>momenti.</span> <span class='ocrx_word' id='word_1_250' title='bbox 1316 2971 1360 2984; x_wconf 92' lang='lat'>-</span> <span class='ocrx_word' id='word_1_251' title='bbox 1398 2938 1546 2999; x_wconf 84' lang='grc'><strong>158.</strong></span> <span class='ocrx_word' id='word_1_252' title='bbox 1597 2933 1861 3017; x_wconf 85' lang='lat' dir='ltr'>Negotia</span> <span class='ocrx_word' id='word_1_253' title='bbox 1913 2945 2046 2998; x_wconf 91' lang='lat' dir='ltr'>tum</span> <span class='ocrx_word' id='word_1_254' title='bbox 2097 2934 2536 3018; x_wconf 86' lang='lat' dir='ltr'>capitulariter</span> <span class='ocrx_word' id='word_1_255' title='bbox 2580 2933 2879 3020; x_wconf 86' lang='lat' dir='ltr'>expedita</span> 
     </span>
     <span class='ocr_line' id='line_1_27' title="bbox 213 3034 2884 3124; baseline 0.004 -32"><span class='ocrx_word' id='word_1_256' title='bbox 213 3044 563 3113; x_wconf 83' lang='lat' dir='ltr'>censentur,</span> <span class='ocrx_word' id='word_1_257' title='bbox 619 3057 772 3103; x_wconf 86' lang='lat' dir='ltr'>cum</span> <span class='ocrx_word' id='word_1_258' title='bbox 817 3037 1184 3124; x_wconf 89' lang='lat' dir='ltr'>Capitulum</span> <span class='ocrx_word' id='word_1_259' title='bbox 1232 3035 1564 3111; x_wconf 84' lang='lat' dir='ltr'>coaluerit,</span> <span class='ocrx_word' id='word_1_260' title='bbox 1616 3035 2017 3121; x_wconf 81' lang='lat' dir='ltr'>singulorum</span> <span class='ocrx_word' id='word_1_261' title='bbox 2065 3046 2209 3101; x_wconf 81' lang='lat' dir='ltr'>vota</span> <span class='ocrx_word' id='word_1_262' title='bbox 2258 3034 2497 3102; x_wconf 83' lang='lat' dir='ltr'>suerint</span> <span class='ocrx_word' id='word_1_263' title='bbox 2542 3038 2777 3115; x_wconf 92' lang='lat' dir='ltr'>audita,</span> <span class='ocrx_word' id='word_1_264' title='bbox 2817 3049 2884 3104; x_wconf 85' lang='lat' dir='ltr'>et</span> 
     </span>
     <span class='ocr_line' id='line_1_28' title="bbox 215 3126 2882 3229; baseline 0.004 -34"><span class='ocrx_word' id='word_1_265' title='bbox 215 3126 577 3206; x_wconf 84' lang='lat' dir='ltr'>deliberatio</span> <span class='ocrx_word' id='word_1_266' title='bbox 627 3160 663 3206; x_wconf 87' lang='lat' dir='ltr'>a</span> <span class='ocrx_word' id='word_1_267' title='bbox 721 3142 1120 3229; x_wconf 82' lang='lat' dir='ltr'>congregatis</span> <span class='ocrx_word' id='word_1_268' title='bbox 1183 3140 1365 3205; x_wconf 88' lang='lat' dir='ltr'>inita.</span> <span class='ocrx_word' id='word_1_269' title='bbox 1414 3143 1594 3206; x_wconf 90' lang='lat' dir='ltr'>Gesta</span> <span class='ocrx_word' id='word_1_270' title='bbox 1644 3149 1820 3203; x_wconf 84' lang='lat' dir='ltr'>extra</span> <span class='ocrx_word' id='word_1_271' title='bbox 1872 3141 2237 3225; x_wconf 90' lang='lat' dir='ltr'>Capitulum</span> <span class='ocrx_word' id='word_1_272' title='bbox 2300 3157 2427 3204; x_wconf 91' lang='lat' dir='ltr'>non</span> <span class='ocrx_word' id='word_1_273' title='bbox 2479 3140 2882 3206; x_wconf 86' lang='lat' dir='ltr'>constituunt</span> 
     </span>
     <span class='ocr_line' id='line_1_29' title="bbox 207 3241 2882 3331; baseline 0.003 -34"><span class='ocrx_word' id='word_1_274' title='bbox 207 3246 396 3306; x_wconf 85' lang='lat' dir='ltr'>actum</span> <span class='ocrx_word' id='word_1_275' title='bbox 447 3244 899 3331; x_wconf 89' lang='lat' dir='ltr'>capitulariter</span> <span class='ocrx_word' id='word_1_276' title='bbox 945 3242 1345 3329; x_wconf 83' lang='lat' dir='ltr'>expeditum.</span> <span class='ocrx_word' id='word_1_277' title='bbox 1377 3279 1420 3291; x_wconf 91' lang='lat'><em>-</em></span> <span class='ocrx_word' id='word_1_278' title='bbox 1456 3243 1603 3307; x_wconf 84' lang='grc'><strong>159.</strong></span> <span class='ocrx_word' id='word_1_279' title='bbox 1643 3244 1711 3306; x_wconf 92' lang='lat' dir='ltr'>In</span> <span class='ocrx_word' id='word_1_280' title='bbox 1759 3242 1911 3306; x_wconf 91' lang='lat' dir='ltr'>actis</span> <span class='ocrx_word' id='word_1_281' title='bbox 1960 3241 2407 3329; x_wconf 88' lang='lat' dir='ltr'>capitularibus</span> <span class='ocrx_word' id='word_1_282' title='bbox 2455 3243 2627 3307; x_wconf 89' lang='lat' dir='ltr'>valet</span> <span class='ocrx_word' id='word_1_283' title='bbox 2674 3261 2882 3307; x_wconf 89' lang='lat' dir='ltr'>assen-</span> 
     </span>
     <span class='ocr_line' id='line_1_30' title="bbox 200 3343 2882 3434; baseline 0.001 -29"><span class='ocrx_word' id='word_1_284' title='bbox 200 3356 293 3405; x_wconf 75' lang='lat' dir='ltr'>sus</span> <span class='ocrx_word' id='word_1_285' title='bbox 337 3346 608 3415; x_wconf 87' lang='lat' dir='ltr'>maioris</span> <span class='ocrx_word' id='word_1_286' title='bbox 653 3348 850 3434; x_wconf 88' lang='lat' dir='ltr'>partis</span> <span class='ocrx_word' id='word_1_287' title='bbox 912 3346 1363 3413; x_wconf 89' lang='lat' dir='ltr'>canonicorum</span> <span class='ocrx_word' id='word_1_288' title='bbox 1426 3345 1863 3433; x_wconf 88' lang='lat' dir='ltr'>praesentium</span> <span class='ocrx_word' id='word_1_289' title='bbox 1912 3364 1979 3409; x_wconf 90' lang='lat' dir='ltr'>ac</span> <span class='ocrx_word' id='word_1_290' title='bbox 2027 3357 2249 3411; x_wconf 81' lang='lat' dir='ltr'>votum</span> <span class='ocrx_word' id='word_1_291' title='bbox 2315 3343 2699 3421; x_wconf 89' lang='lat' dir='ltr'>serentium,</span> <span class='ocrx_word' id='word_1_292' title='bbox 2762 3343 2882 3409; x_wconf 90' lang='lat' dir='ltr'>nisi</span> 
     </span>
     <span class='ocr_line' id='line_1_31' title="bbox 201 3442 2887 3535; baseline 0.003 -30"><span class='ocrx_word' id='word_1_293' title='bbox 201 3442 366 3511; x_wconf 79' lang='lat' dir='ltr'>aliter</span> <span class='ocrx_word' id='word_1_294' title='bbox 410 3451 828 3517; x_wconf 83' lang='lat' dir='ltr'>consuetudo</span> <span class='ocrx_word' id='word_1_295' title='bbox 878 3449 1056 3514; x_wconf 83' lang='lat' dir='ltr'>ferat.</span> <span class='ocrx_word' id='word_1_296' title='bbox 1097 3486 1140 3497; x_wconf 92' lang='lat'>-</span> <span class='ocrx_word' id='word_1_297' title='bbox 1176 3452 1322 3515; x_wconf 87' lang='grc'><strong>160.</strong></span> <span class='ocrx_word' id='word_1_298' title='bbox 1379 3448 1505 3515; x_wconf 89' lang='lat' dir='ltr'>Sed</span> <span class='ocrx_word' id='word_1_299' title='bbox 1551 3448 1602 3513; x_wconf 92' lang='lat' dir='ltr'>si</span> <span class='ocrx_word' id='word_1_300' title='bbox 1653 3446 1866 3534; x_wconf 84' lang='lat' dir='ltr'>agitur</span> <span class='ocrx_word' id='word_1_301' title='bbox 1911 3446 1992 3512; x_wconf 91' lang='lat' dir='ltr'>de</span> <span class='ocrx_word' id='word_1_302' title='bbox 2041 3448 2303 3535; x_wconf 85' lang='lat' dir='ltr'>negotio</span> <span class='ocrx_word' id='word_1_303' title='bbox 2347 3447 2633 3533; x_wconf 84' lang='lat' dir='ltr'>singulos</span> <span class='ocrx_word' id='word_1_304' title='bbox 2682 3448 2887 3532; x_wconf 88' lang='lat' dir='ltr'>respi-</span> 
     </span>
     <span class='ocr_line' id='line_1_32' title="bbox 198 3542 2885 3639; baseline 0.002 -31"><span class='ocrx_word' id='word_1_305' title='bbox 198 3542 441 3629; x_wconf 85' lang='lat' dir='ltr'>ciente,</span> <span class='ocrx_word' id='word_1_306' title='bbox 496 3554 910 3639; x_wconf 85' lang='lat' dir='ltr'>singulorum</span> <span class='ocrx_word' id='word_1_307' title='bbox 959 3572 1241 3619; x_wconf 88' lang='lat' dir='ltr'>assensus</span> <span class='ocrx_word' id='word_1_308' title='bbox 1298 3552 1603 3638; x_wconf 82' lang='lat' dir='ltr'>exigitur.</span> <span class='ocrx_word' id='word_1_309' title='bbox 1666 3549 1928 3627; x_wconf 84' lang='lat' dir='ltr'>Quando</span> <span class='ocrx_word' id='word_1_310' title='bbox 1988 3550 2322 3636; x_wconf 84' lang='lat' dir='ltr'>negotium</span> <span class='ocrx_word' id='word_1_311' title='bbox 2382 3551 2667 3638; x_wconf 83' lang='lat' dir='ltr'>singulos</span> <span class='ocrx_word' id='word_1_312' title='bbox 2728 3567 2885 3616; x_wconf 85' lang='lat' dir='ltr'>vere</span> 
     </span>
     <span class='ocr_line' id='line_1_33' title="bbox 196 3650 2888 3740; baseline 0.002 -29"><span class='ocrx_word' id='word_1_313' title='bbox 196 3650 478 3740; x_wconf 84' lang='lat' dir='ltr'>attingat,</span> <span class='ocrx_word' id='word_1_314' title='bbox 539 3654 738 3720; x_wconf 85' lang='lat' dir='ltr'>tradit</span> <span class='ocrx_word' id='word_1_315' title='bbox 785 3658 1105 3720; x_wconf 87' lang='lat' dir='ltr'>Louvrez.</span> <span class='ocrx_word' id='word_1_316' title='bbox 1138 3692 1182 3704; x_wconf 91' lang='lat'><em>-</em></span> <span class='ocrx_word' id='word_1_317' title='bbox 1227 3659 1374 3721; x_wconf 89' lang='grc'><strong>161.</strong></span> <span class='ocrx_word' id='word_1_318' title='bbox 1430 3659 1495 3720; x_wconf 89' lang='lat' dir='ltr'>ln</span> <span class='ocrx_word' id='word_1_319' title='bbox 1543 3651 1835 3740; x_wconf 90' lang='lat' dir='ltr'>capitulis</span> <span class='ocrx_word' id='word_1_320' title='bbox 1884 3654 2400 3720; x_wconf 84' lang='lat' dir='ltr'>extraordinariis</span> <span class='ocrx_word' id='word_1_321' title='bbox 2447 3674 2575 3720; x_wconf 92' lang='lat' dir='ltr'>non</span> <span class='ocrx_word' id='word_1_322' title='bbox 2626 3664 2888 3718; x_wconf 90' lang='lat' dir='ltr'>tenetur</span> 
     </span>
     <span class='ocr_line' id='line_1_34' title="bbox 193 3750 2885 3845; baseline 0 -26"><span class='ocrx_word' id='word_1_323' title='bbox 193 3750 565 3838; x_wconf 79' lang='lat' dir='ltr'>Capitulum</span> <span class='ocrx_word' id='word_1_324' title='bbox 618 3757 705 3833; x_wconf 90' lang='lat' dir='ltr'>ei,</span> <span class='ocrx_word' id='word_1_325' title='bbox 759 3759 865 3843; x_wconf 93' lang='lat' dir='ltr'>qui</span> <span class='ocrx_word' id='word_1_326' title='bbox 920 3757 1313 3823; x_wconf 88' lang='lat' dir='ltr'>convocandi</span> <span class='ocrx_word' id='word_1_327' title='bbox 1368 3768 1431 3823; x_wconf 93' lang='lat' dir='ltr'>et</span> <span class='ocrx_word' id='word_1_328' title='bbox 1477 3755 1883 3843; x_wconf 89' lang='lat' dir='ltr'>praesidendi</span> <span class='ocrx_word' id='word_1_329' title='bbox 1937 3757 2030 3821; x_wconf 92' lang='lat' dir='ltr'>ius</span> <span class='ocrx_word' id='word_1_330' title='bbox 2079 3757 2290 3834; x_wconf 88' lang='lat' dir='ltr'>babet,</span> <span class='ocrx_word' id='word_1_331' title='bbox 2343 3759 2596 3845; x_wconf 85' lang='lat' dir='ltr'>negotia</span> <span class='ocrx_word' id='word_1_332' title='bbox 2644 3755 2885 3844; x_wconf 84' lang='lat' dir='ltr'>signifi-</span> 
     </span>
     <span class='ocr_line' id='line_1_35' title="bbox 193 3859 2887 3947; baseline 0.004 -34"><span class='ocrx_word' id='word_1_333' title='bbox 193 3868 367 3935; x_wconf 86' lang='lat' dir='ltr'>care,</span> <span class='ocrx_word' id='word_1_334' title='bbox 422 3879 605 3946; x_wconf 90' lang='lat' dir='ltr'>quae</span> <span class='ocrx_word' id='word_1_335' title='bbox 663 3861 728 3925; x_wconf 94' lang='lat' dir='ltr'>in</span> <span class='ocrx_word' id='word_1_336' title='bbox 775 3861 1048 3926; x_wconf 84' lang='lat' dir='ltr'>comitiis</span> <span class='ocrx_word' id='word_1_337' title='bbox 1110 3859 1417 3927; x_wconf 86' lang='lat' dir='ltr'>habendis</span> <span class='ocrx_word' id='word_1_338' title='bbox 1477 3872 1951 3945; x_wconf 65' lang='lat' dir='ltr'>proponentur.</span> <span class='ocrx_word' id='word_1_339' title='bbox 2005 3896 2048 3908; x_wconf 92' lang='lat'>-</span> <span class='ocrx_word' id='word_1_340' title='bbox 2099 3863 2248 3926; x_wconf 79' lang='grc'><strong>162.</strong></span> <span class='ocrx_word' id='word_1_341' title='bbox 2306 3864 2456 3925; x_wconf 83' lang='lat' dir='ltr'>Acta</span> <span class='ocrx_word' id='word_1_342' title='bbox 2519 3859 2887 3947; x_wconf 87' lang='lat' dir='ltr'>capitularia</span> 
     </span>
     <span class='ocr_line' id='line_1_36' title="bbox 181 3960 2889 4049; baseline 0.001 -24"><span class='ocrx_word' id='word_1_343' title='bbox 181 3960 511 4048; x_wconf 87' lang='lat' dir='ltr'>Episcopo</span> <span class='ocrx_word' id='word_1_344' title='bbox 567 3962 924 4048; x_wconf 89' lang='lat' dir='ltr'>requirenti</span> <span class='ocrx_word' id='word_1_345' title='bbox 974 3966 1190 4049; x_wconf 84' lang='lat' dir='ltr'>negari</span> <span class='ocrx_word' id='word_1_346' title='bbox 1243 3982 1372 4029; x_wconf 93' lang='lat' dir='ltr'>non</span> <span class='ocrx_word' id='word_1_347' title='bbox 1406 3975 1707 4049; x_wconf 87' lang='lat' dir='ltr'>possunt;</span> <span class='ocrx_word' id='word_1_348' title='bbox 1745 3961 1822 4028; x_wconf 91' lang='lat' dir='ltr'>ad</span> <span class='ocrx_word' id='word_1_349' title='bbox 1857 3983 2061 4049; x_wconf 87' lang='lat' dir='ltr'>eaque</span> <span class='ocrx_word' id='word_1_350' title='bbox 2094 3962 2459 4029; x_wconf 88' lang='lat' dir='ltr'>exbibenda</span> <span class='ocrx_word' id='word_1_351' title='bbox 2492 3974 2703 4048; x_wconf 90' lang='lat' dir='ltr'>potest</span> <span class='ocrx_word' id='word_1_352' title='bbox 2736 3962 2889 4048; x_wconf 88' lang='lat' dir='ltr'>Epi-</span> 
     </span>
     <span class='ocr_line' id='line_1_37' title="bbox 178 4064 2887 4152; baseline 0.003 -30"><span class='ocrx_word' id='word_1_353' title='bbox 178 4077 408 4148; x_wconf 85' lang='lat' dir='ltr'>scopus</span> <span class='ocrx_word' id='word_1_354' title='bbox 443 4066 801 4130; x_wconf 85' lang='lat' dir='ltr'>canonicos</span> <span class='ocrx_word' id='word_1_355' title='bbox 834 4084 1067 4151; x_wconf 85' lang='lat' dir='ltr'>cogere</span> <span class='ocrx_word' id='word_1_356' title='bbox 1100 4066 1325 4152; x_wconf 90' lang='lat' dir='ltr'>poenis</span> <span class='ocrx_word' id='word_1_357' title='bbox 1359 4086 1425 4131; x_wconf 89' lang='lat' dir='ltr'>ac</span> <span class='ocrx_word' id='word_1_358' title='bbox 1458 4066 1782 4142; x_wconf 85' lang='lat' dir='ltr'>censuris;</span> <span class='ocrx_word' id='word_1_359' title='bbox 1820 4085 1950 4132; x_wconf 93' lang='lat' dir='ltr'>non</span> <span class='ocrx_word' id='word_1_360' title='bbox 1985 4066 2297 4143; x_wconf 90' lang='lat' dir='ltr'>obstante,</span> <span class='ocrx_word' id='word_1_361' title='bbox 2337 4066 2511 4151; x_wconf 92' lang='lat' dir='ltr'>quod</span> <span class='ocrx_word' id='word_1_362' title='bbox 2544 4064 2887 4151; x_wconf 89' lang='lat' dir='ltr'>aliquando</span> 
     </span>
     <span class='ocr_line' id='line_1_38' title="bbox 174 4161 2886 4254; baseline 0.002 -28"><span class='ocrx_word' id='word_1_363' title='bbox 174 4161 343 4230; x_wconf 88' lang='lat' dir='ltr'>inter</span> <span class='ocrx_word' id='word_1_364' title='bbox 393 4167 811 4254; x_wconf 84' lang='lat' dir='ltr'>Episcopum</span> <span class='ocrx_word' id='word_1_365' title='bbox 862 4178 926 4233; x_wconf 90' lang='lat' dir='ltr'>et</span> <span class='ocrx_word' id='word_1_366' title='bbox 976 4169 1345 4252; x_wconf 90' lang='lat' dir='ltr'>Capitulum</span> <span class='ocrx_word' id='word_1_367' title='bbox 1397 4168 1541 4234; x_wconf 87' lang='lat' dir='ltr'>lites</span> <span class='ocrx_word' id='word_1_368' title='bbox 1586 4168 1804 4234; x_wconf 88' lang='lat' dir='ltr'>adesse</span> <span class='ocrx_word' id='word_1_369' title='bbox 1853 4179 2114 4254; x_wconf 85' lang='lat' dir='ltr'>queant.</span> <span class='ocrx_word' id='word_1_370' title='bbox 2146 4204 2190 4216; x_wconf 90' lang='lat'><em>-</em></span> <span class='ocrx_word' id='word_1_371' title='bbox 2225 4172 2373 4234; x_wconf 87' lang='grc'><strong>163.</strong></span> <span class='ocrx_word' id='word_1_372' title='bbox 2417 4167 2886 4253; x_wconf 81' lang='lat' dir='ltr'>consanguinei</span> 
     </span>
     <span class='ocr_line' id='line_1_39' title="bbox 171 4268 2890 4359; baseline 0.002 -31"><span class='ocrx_word' id='word_1_373' title='bbox 171 4269 584 4354; x_wconf 80' lang='lat' dir='ltr'>regulariter</span> <span class='ocrx_word' id='word_1_374' title='bbox 630 4281 853 4335; x_wconf 85' lang='lat' dir='ltr'>vot-um</span> <span class='ocrx_word' id='word_1_375' title='bbox 902 4289 1022 4355; x_wconf 89' lang='lat' dir='ltr'>pro</span> <span class='ocrx_word' id='word_1_376' title='bbox 1073 4270 1563 4359; x_wconf 85' lang='lat' dir='ltr'>consanguineis</span> <span class='ocrx_word' id='word_1_377' title='bbox 1611 4271 1780 4336; x_wconf 83' lang='lat' dir='ltr'>ferre</span> <span class='ocrx_word' id='word_1_378' title='bbox 1829 4282 2117 4356; x_wconf 88' lang='lat' dir='ltr'>possunt.</span> <span class='ocrx_word' id='word_1_379' title='bbox 2160 4271 2286 4337; x_wconf 90' lang='lat' dir='ltr'>Sed</span> <span class='ocrx_word' id='word_1_380' title='bbox 2320 4268 2734 4335; x_wconf 90' lang='lat' dir='ltr'>nihilominus</span> <span class='ocrx_word' id='word_1_381' title='bbox 2765 4281 2890 4335; x_wconf 90' lang='lat' dir='ltr'>sta-</span> 
     </span>
     <span class='ocr_line' id='line_1_40' title="bbox 169 4371 2887 4459; baseline 0.002 -25"><span class='ocrx_word' id='word_1_382' title='bbox 169 4371 321 4437; x_wconf 88' lang='lat' dir='ltr'>tutis</span> <span class='ocrx_word' id='word_1_383' title='bbox 372 4373 892 4459; x_wconf 86' lang='lat' dir='ltr'>particularibus</span> <span class='ocrx_word' id='word_1_384' title='bbox 936 4372 1239 4439; x_wconf 88' lang='lat' dir='ltr'>standum</span> <span class='ocrx_word' id='word_1_385' title='bbox 1290 4385 1404 4440; x_wconf 88' lang='lat' dir='ltr'>est.</span> <span class='ocrx_word' id='word_1_386' title='bbox 1457 4371 1790 4451; x_wconf 89' lang='lat' dir='ltr'>Quomodo</span> <span class='ocrx_word' id='word_1_387' title='bbox 1838 4392 1992 4437; x_wconf 85' lang='lat' dir='ltr'>vero</span> <span class='ocrx_word' id='word_1_388' title='bbox 2038 4383 2269 4438; x_wconf 88' lang='lat' dir='ltr'>statuta</span> <span class='ocrx_word' id='word_1_389' title='bbox 2317 4373 2821 4457; x_wconf 82' lang='lat' dir='ltr'>consanguineos</span> <span class='ocrx_word' id='word_1_390' title='bbox 2854 4394 2887 4439; x_wconf 93' lang='lat' dir='ltr'>a</span> 
     </span>
     <span class='ocr_line' id='line_1_41' title="bbox 169 4472 2888 4564; baseline 0.002 -29"><span class='ocrx_word' id='word_1_391' title='bbox 169 4485 319 4541; x_wconf 72' lang='lat' dir='ltr'>voto</span> <span class='ocrx_word' id='word_1_392' title='bbox 373 4475 799 4540; x_wconf 86' lang='lat' dir='ltr'>removentia</span> <span class='ocrx_word' id='word_1_393' title='bbox 849 4472 1264 4564; x_wconf 85' lang='lat' dir='ltr'>intelligenda</span> <span class='ocrx_word' id='word_1_394' title='bbox 1312 4476 1464 4553; x_wconf 91' lang='lat' dir='ltr'>sint,</span> <span class='ocrx_word' id='word_1_395' title='bbox 1503 4474 1691 4541; x_wconf 91' lang='lat' dir='ltr'>docet</span> <span class='ocrx_word' id='word_1_396' title='bbox 1724 4477 1905 4556; x_wconf 87' lang='lat' dir='ltr'>Rota,</span> <span class='ocrx_word' id='word_1_397' title='bbox 1943 4493 2179 4561; x_wconf 91' lang='lat' dir='ltr'>nempe</span> <span class='ocrx_word' id='word_1_398' title='bbox 2212 4473 2386 4560; x_wconf 92' lang='lat' dir='ltr'>quod</span> <span class='ocrx_word' id='word_1_399' title='bbox 2417 4484 2723 4541; x_wconf 86' lang='lat' dir='ltr'>statutum</span> <span class='ocrx_word' id='word_1_400' title='bbox 2756 4494 2888 4541; x_wconf 89' lang='lat' dir='ltr'>non</span> 
     </span>
     <span class='ocr_line' id='line_1_42' title="bbox 159 4577 2888 4665; baseline 0 -23"><span class='ocrx_word' id='word_1_401' title='bbox 159 4589 384 4662; x_wconf 85' lang='lat' dir='ltr'>potest</span> <span class='ocrx_word' id='word_1_402' title='bbox 439 4578 715 4643; x_wconf 80' lang='lat' dir='ltr'>auferre</span> <span class='ocrx_word' id='word_1_403' title='bbox 766 4579 861 4644; x_wconf 89' lang='lat' dir='ltr'>ius</span> <span class='ocrx_word' id='word_1_404' title='bbox 910 4579 1082 4645; x_wconf 88' lang='lat' dir='ltr'>baud</span> <span class='ocrx_word' id='word_1_405' title='bbox 1112 4578 1433 4665; x_wconf 83' lang='lat' dir='ltr'>attingens</span> <span class='ocrx_word' id='word_1_406' title='bbox 1484 4577 1757 4663; x_wconf 89' lang='lat' dir='ltr'>Capituli</span> <span class='ocrx_word' id='word_1_407' title='bbox 1810 4578 2140 4652; x_wconf 88' lang='lat' dir='ltr'>interesse,</span> <span class='ocrx_word' id='word_1_408' title='bbox 2193 4578 2379 4661; x_wconf 91' lang='lat' dir='ltr'>quale</span> <span class='ocrx_word' id='word_1_409' title='bbox 2427 4588 2521 4643; x_wconf 90' lang='lat' dir='ltr'>est</span> <span class='ocrx_word' id='word_1_410' title='bbox 2557 4577 2713 4643; x_wconf 85' lang='lat' dir='ltr'>iusa</span> <span class='ocrx_word' id='word_1_411' title='bbox 2746 4577 2888 4644; x_wconf 82' lang='lat' dir='ltr'>sun-</span> 
     </span>
     <span class='ocr_line' id='line_1_43' title="bbox 153 4677 2887 4750; baseline 0.001 -4"><span class='ocrx_word' id='word_1_412' title='bbox 153 4677 401 4750; x_wconf 81' lang='lat' dir='ltr'>datore</span> <span class='ocrx_word' id='word_1_413' title='bbox 455 4692 869 4749; x_wconf 85' lang='lat' dir='ltr'>reservatum</span> <span class='ocrx_word' id='word_1_414' title='bbox 918 4681 1335 4750; x_wconf 80' lang='lat' dir='ltr'>beneficiatis.</span> <span class='ocrx_word' id='word_1_415' title='bbox 1361 4720 1406 4732; x_wconf 92' lang='lat'><em>-</em></span> <span class='ocrx_word' id='word_1_416' title='bbox 1435 4686 1583 4748; x_wconf 90' lang='grc'><strong>164.</strong></span> <span class='ocrx_word' id='word_1_417' title='bbox 1639 4684 1794 4747; x_wconf 88' lang='lat' dir='ltr'>Vota</span> <span class='ocrx_word' id='word_1_418' title='bbox 1841 4691 2090 4748; x_wconf 86' lang='lat' dir='ltr'>secrete</span> <span class='ocrx_word' id='word_1_419' title='bbox 2126 4679 2332 4749; x_wconf 87' lang='lat' dir='ltr'>danda</span> <span class='ocrx_word' id='word_1_420' title='bbox 2363 4692 2534 4750; x_wconf 89' lang='lat' dir='ltr'>sunt.</span> <span class='ocrx_word' id='word_1_421' title='bbox 2572 4683 2887 4750; x_wconf 80' lang='lat' dir='ltr'>Absentes</span> 
     </span>
    </p>
   </div>
  </div>
 </body>
</html>
