3497 5235
558 368 675 430 492
1306 379 1674 459 humationi·
1716 380 1769 437 8.
1799 380 1982 457 Oengr.
2010 381 2154 439 Oeno.
2198 381 2472 457 expositio.

557 506 795 577 munis
847 507 1021 580 illud
1060 508 1221 597 tert,
1267 519 1342 584 ut
1382 515 1639 586 minori
1689 518 1922 608 spatio
1974 518 2048 588 in
2098 515 2235 588 hoc
2284 534 2483 588 sacro
2527 533 2816 588 secessu
2852 515 3226 589 detinean-

556 621 700 688 tur.
727 613 887 688 Vid.
921 616 1191 692 Bened.
1226 619 1416 694 XIV.
1459 625 1543 697 de
1574 627 1744 717 Syn.
1787 628 2004 700 dioec.
2040 629 2160 700 lib.
2189 627 2305 701 Η.
2340 648 2497 720 cap.
2527 628 2604 700 2.
2646 648 2722 700 u.
2761 627 2916 712 M„
2945 646 3230 702 necnon

560 727 878 800 eiusdem
933 730 1110 804 Inst.
1150 734 1317 806 eccl.
1360 735 1480 808 51.
1524 744 1595 809 et
1650 740 2067 829 praesertim
2108 738 2315 821 104„
2370 740 2496 813 ubi
2549 757 2910 812 sacrorum
2960 741 3233 815 exerci-

558 842 818 914 tiorum
875 845 1255 917 utilitatem
1310 867 1454 920 non
1505 850 1660 922 sine
1714 852 2036 923 doctrina
2091 852 2404 925 ostendit
2458 858 2532 925 et
2582 851 3003 943 amplificat.

708 954 875 1028 430.
935 956 1024 1028 At
1075 976 1238 1029 vero
1292 961 1364 1032 S.
1406 959 1658 1053 Congr.
1701 960 1913 1036 Conc.
1957 964 2032 1034 in
2084 963 2234 1037 suis
2286 960 2871 1053 responsionibus
2922 965 3015 1036 ad
3052 980 3230 1036 cun-

560 1069 711 1137 ctos
764 1066 1089 1140 catholici
1146 1070 1336 1143 orbis
1387 1070 1775 1164 Episcopos
1811 1093 1939 1166 pro
1973 1094 2104 1148 suo
2158 1076 2487 1147 instituto
2540 1093 2912 1164 nunquam
2962 1076 3226 1151 omittit

556 1184 843 1257 eosdem
897 1186 1204 1277 hortari,
1269 1196 1348 1263 ut
1405 1192 1764 1264 neminem
1817 1192 1907 1264 ad
1959 1209 2199 1263 sacros
2250 1186 2555 1261 Ordines
2610 1188 3044 1275 admittant,
3102 1187 3231 1277 qui

556 1298 958 1389 spiritualia
1021 1303 1359 1375 exercitia
1428 1310 1644 1375 antea
1713 1322 1859 1377 non
1912 1305 2289 1395 peregerit.
2348 1298 2682 1391 Peroptat
2750 1300 3089 1390 insuper,
3145 1303 3230 1370 ut

553 1409 836 1499 eadem,
893 1414 1130 1501 quoad
1184 1414 1334 1486 fieri
1389 1420 1648 1505 potest,
1692 1417 1766 1487 in
1816 1416 2059 1505 aliqua
2112 1416 2444 1506 religiosa
2495 1415 2702 1487 domo
2756 1417 3221 1503 peragantur.

556 1517 873 1612 Cumque
926 1544 1070 1597 non
1123 1546 1282 1598 raro
1335 1530 1743 1620 contingat,
1802 1534 1883 1600 ut
1933 1526 2264 1618 Episcopi
2316 1525 2674 1612 referant,
2741 1523 3226 1614 spiritualium

553 1636 1053 1717 exercitiorum
1108 1657 1395 1710 cursum
1449 1639 1633 1712 infra
1686 1658 2062 1713 numerum
2103 1639 2346 1711 decem
2401 1637 2676 1709 dierum
2716 1636 3018 1722 absolvi,
3056 1634 3231 1711 hinc

555 1745 872 1819 solemne
927 1748 1148 1822 habet
1199 1752 1509 1839 instare,
1566 1758 1646 1823 ut
1699 1753 1790 1823 ad
1843 1752 2110 1839 denoS,
2168 1757 2294 1822 aut
2343 1750 2596 1821 saltem
2648 1754 2806 1820 octo
2856 1748 3011 1820 dies
3063 1764 3230 1837 pro-

559 1858 976 1930 tendantur.
1052 1858 1263 1934 Hisce
1314 1859 1384 1933 S.
1428 1859 2008 1954 Congregationis
2078 1863 2546 1934 hortamentis
2617 1861 2881 1934 factum
2934 1867 3090 1947 est,
3151 1866 3228 1931 ut

557 1967 827 2059 ubique
863 1971 1151 2045 salubre
1184 1974 1318 2046 hoc
1352 1993 1533 2066 opus
1587 1977 1947 2047 invectum
1988 1976 2225 2062 tuerit,
2267 1993 2351 2046 ac
2386 1992 2512 2065 pro
2547 1973 2700 2064 lege
2736 1974 3228 2062 undequaque

557 2082 998 2156 observetur.
1058 2081 1240 2167 Quin
1295 2087 1435 2157 imo
1485 2086 1725 2179 plures
1778 2084 2109 2178 Episcopi
2166 2086 2341 2157 illud
2394 2087 2715 2176 exigunt,
2757 2090 2838 2155 ut
2890 2084 2936 2154 ii
2976 2083 3222 2169 etiam,

563 2195 685 2285 qui
739 2196 1048 2267 minores
1100 2192 1405 2270 Ordines
1459 2205 1835 2290 appetunt,
1895 2201 2172 2290 piarum
2211 2199 2504 2269 istarum
2542 2198 3227 2268 commentationum

554 2324 843 2380 cursum
901 2315 1273 2399 peragant,
1314 2309 1461 2382 sive
1514 2314 1789 2383 cunctis
1841 2317 2116 2403 septem
2168 2310 2450 2397 diebuS‚
2489 2310 2636 2381 sive
2676 2309 2928 2381 saltem
2967 2307 3232 2397 aliqui·

554 2416 719 2488 buS.
777 2414 975 2499 Quod
1031 2416 1104 2490 S.
1146 2417 1220 2491 C.
1264 2422 1412 2492 suis
1468 2423 1802 2495 laudibus
1853 2423 2185 2514 prosequi
2225 2442 2366 2494 non
2405 2422 2693 2494 desinit.
2737 2420 2877 2493 Cir.
2919 2417 2993 2493 S.
3034 2418 3113 2494 C.
3145 2418 3223 2493 C.

498 2536 503 2541 ’
562 2527 925 2600 Nucerina
977 2529 1097 2602 20.
1142 2528 1472 2603 Decemb.
1522 2533 1733 2605 1817.
1777 2536 1867 2607 ad
1920 2536 1993 2606 5.

706 2751 912 2825 XIII.
973 2780 1010 2821 αι
1043 2754 1150 2827 An
1187 2776 1435 2830 omnes
1486 2759 1832 2850 praedicti
1870 2768 2104 2833 vestes
2157 2761 2415 2851 iugiter
2465 2759 2791 2832 deferant
2825 2759 3220 2846 clericales,

562 2890 600 2934 ιι
641 2873 714 2937 et
748 2885 870 2953 an,
911 2868 1149 2957 quoad
1203 2869 1330 2940 fori
1386 2871 1861 2962 privilegium,
1903 2879 2273 2943 serventur
2309 2871 2650 2961 disposita
2688 2891 2725 2942 a
2764 2879 3222 2942 sacrosancta

526 2990 602 3045 ἰ»
643 2975 926 3067 Synodo
980 2976 1393 3052 Tridentina
1449 2980 1636 3054 Sess.
1672 2985 1788 3054 23.
1836 3001 1993 3073 cap.
2038 2986 2108 3056 6.
2151 2983 2240 3055 de
2293 2980 2608 3055 Reform.
2649 2988 2719 3054 et
2773 3003 2812 3052 a
2867 2980 3225 3054 Constitu-

563 3115 602 3158 »
642 3092 836 3163 tione
890 3088 1081 3163 SStiii
1139 3090 1221 3164 D.
1262 3090 1350 3163 N.
1392 3091 1756 3166 Benedicti
1823 3091 1955 3165 PP.
2000 3091 2202 3166 XIII.
2262 3095 2336 3166 in
2389 3095 2635 3168 eodem
2704 3092 3015 3166 Concilio
3083 3091 3225 3165 Ro-

561 3227 601 3269 »
640 3222 851 3276 mano
905 3212 1266 3277 emanata.
1305 3231 1342 3273 ›

687 3430 1106 3494 Summarum.
1166 3430 1317 3492 431.
1372 3429 1651 3492 incessus
1701 3427 1766 3491 in
1815 3426 2034 3493 habitu
2069 3436 2134 3491 et
2171 3436 2424 3491 tonsura
2463 3425 2803 3513 tripliciter
2834 3423 3217 3491 considerari

554 3540 787 3615 potest.
826 3567 869 3576 —
902 3533 1057 3594 432.
1109 3528 1279 3593 ldem
1333 3529 1610 3593 incessus
1658 3530 1854 3594 relate
1903 3528 1977 3593 ad
2029 3528 2437 3615 privilegium
2491 3528 2606 3592 sori
2658 3540 2721 3592 et
2769 3528 3029 3592 canonis
3077 3546 3209 3613 per·

554 3632 721 3700 belle
770 3634 1117 3718 exponitur
1164 3652 1194 3696 a
1246 3632 1562 3709 Giraldio,
1617 3633 1795 3697 cuius
1845 3631 2127 3697 doctrina
2181 3632 2481 3696 refertur.
2536 3631 2696 3708 Quid
2743 3632 3042 3696 statuerit
3087 3629 3217 3702 Tri,-

550 3735 811 3802 dentina
864 3735 1177 3819 synodus,
1230 3736 1522 3819 Quinque
1572 3734 1761 3801 dubia
1808 3754 2005 3819 super
2039 3735 2151 3799 hac
2186 3755 2253 3799 re
2289 3745 2767 3820 proponuntur.
2807 3770 2850 3780 -
2885 3738 3039 3798 433.
3080 3733 3218 3798 Cle-

557 3839 726 3904 ricus
774 3857 899 3903 non
951 3836 1249 3902 deserens
1298 3837 1576 3903 habitum
1628 3858 1694 3901 ac
1747 3849 2064 3902 tonsuram
2117 3857 2193 3902 eo
2245 3837 2412 3922 ips0,
2468 3836 2635 3901 nulla
2688 3848 3043 3921 praeeunte
3091 3853 3215 3900 mo·

559 3940 827 4016 nitione,
881 3940 1163 4024 privatus
1214 3952 1499 4005 remanet
1533 3940 1875 4025 privilegio
1912 3939 2054 4003 sori.
2096 3942 2406 4025 Exceptio
2442 3937 2534 4015 lit,
2569 3938 2617 4001 si
2652 3937 2936 4004 habitum
2974 3941 3216 4005 deserat

551 4044 629 4109 ad
665 4043 863 4109 breve
899 4053 1171 4126 tempus.
1213 4042 1383 4108 Idem
1422 4063 1547 4107 non
1582 4044 1813 4106 amittit
1860 4040 2269 4128 privilegium
2306 4043 2562 4105 canonis
2595 4055 2657 4107 et
2691 4062 2827 4128 cap.
2868 4042 3206 4114 odoardus,

554 4146 795 4212 etiamsi
848 4144 1132 4210 habitum
1182 4144 1455 4210 dimittat
1505 4163 1631 4209 non
1680 4143 1889 4208 animo
1941 4143 2199 4207 ineundi
2252 4144 2621 4229 coniugium
2666 4146 2766 4208 vel
2805 4144 3114 4220 militiam,
3149 4161 3210 4206 ac

555 4263 774 4334 postea
826 4247 1107 4313 habitum
1159 4258 1458 4312 resumat.
1514 4249 1667 4312 ltem
1732 4244 2021 4332 quamvis
2073 4246 2373 4308 inserviat
2434 4245 2737 4309 ecclesiae
2795 4244 3088 4310 diversae
3142 4245 3208 4309 ab

552 4372 668 4430 ea,
723 4354 820 4418 cui
872 4350 948 4414 ab
999 4353 1313 4436 Episcopo
1362 4347 1714 4434 adscriptus
1767 4349 1907 4413 fuit.
1964 4347 2126 4412 Vide
2176 4350 2360 4412 etiam
2413 4368 2477 4412 n.
2519 4346 2722 4422 438„
2779 4348 2884 4414 ubi
2926 4349 3203 4423 habetur,

554 4455 725 4541 quod
776 4455 1184 4520 nibilominus
1233 4455 1529 4538 compelli
1586 4452 1805 4538 possit.
1841 4488 1885 4500 -
1919 4455 2072 4516 434.
2128 4452 2355 4517 Clerici
2392 4452 2693 4528 coelibes,
2729 4453 2867 4516 sive
2903 4448 3204 4537 coniugati

546 4558 952 4624 conditiones
997 4580 1028 4623 a
1080 4559 1363 4626 Concilio
1411 4558 1788 4624 Tridentino
1837 4557 2251 4644 praescriptas
2298 4556 2465 4624 haud
2515 4557 2854 4643 implentes
2902 4579 3030 4624 non
3077 4576 3203 4644 pos·

548 4671 700 4726 sunt
751 4660 863 4744 ipsi
920 4661 1035 4726 sori
1086 4663 1497 4747 privilegium
1550 4663 1852 4748 allegare:
1906 4671 2118 4744 potest
2170 4673 2377 4726 tamen
2417 4662 2766 4745 Episcopus
2799 4660 3058 4730 eosdem
3090 4661 3199 4722 cle-

556 4760 722 4825 ricos
770 4761 958 4826 etiam
1011 4781 1088 4826 ex
1139 4761 1366 4827 iudicis
1429 4764 1718 4828 manibus
1773 4775 2109 4848 repetere,
2176 4761 2526 4829 dummodo
2592 4774 2803 4828 tamen
2865 4762 3199 4830 formaliter
