3497 5235
934 281 1052 356 ⁰²1>-
1080 282 1120 337 1.
1161 282 1232 338 De
1272 281 1421 339 statu
1459 281 1719 340 Ecclesiae
1757 280 2030 338 materiali.
2072 282 2124 356 ἓ.
2151 280 2201 338 2.
2820 280 2898 343 57

281 444 312 490 ›
342 438 485 491 rum
535 418 894 492 limitibus
942 419 1124 492 sicut
1177 419 1250 491 in
1297 417 1853 511 provincialibus
1905 418 2453 507 admittendum,
2516 418 2903 512 responde-

280 557 309 601 ›
345 551 518 617 mus,
558 532 755 621 quod
801 531 987 602 bene
1022 531 1303 604 videtur
1340 532 1409 602 in
1445 537 1746 622 utroque
1784 530 2238 619 servandum,
2279 533 2336 602 si
2374 532 2552 604 fines
2586 532 2899 623 legitima

278 668 307 712 ›
341 641 783 733 probatione,
839 642 951 714 vel
1003 642 1180 714 alias
1231 642 1636 715 indubitata
1672 643 1814 715 fide
1851 643 2165 716 constitit
2201 643 2678 717 ecclesiastica
2716 644 2904 715 ordi-

279 778 307 822 »
340 756 623 826 natione
674 759 1004 826 statutos.
1052 777 1088 821 >
1145 750 1341 825 Idem
1394 755 1779 828 concinunt
1830 754 1949 824 alii
2001 772 2336 842 canoneS,
2375 755 2452 825 in
2487 752 2691 828 Decr.
2732 753 2904 827 Gra-

276 868 430 937 tiani
488 866 821 937 nimirum
871 884 1028 957 cap.
1063 866 1134 936 5.
1178 865 1247 937 6.
1287 871 1353 937 et
1386 865 1459 936 7.
1498 885 1735 957 ιμιαεε.
1780 864 1904 936 IV.
1944 883 2140 936 caus.
2184 864 2302 937 16.
2350 885 2516 956 par.
2561 866 2655 937 ΙΙΙ.

403 978 522 1048 17.
564 973 886 1049 Confinia
936 977 1501 1050 iurisdictionum
1552 975 2052 1067 temporalium
2105 976 2280 1048 nihil
2336 995 2707 1049 commune
2774 978 2903 1050 ha-

272 1088 431 1161 bent
478 1107 647 1163 cum
700 1088 1019 1161 terminis
1071 1088 1576 1161 iurisdictionis
1610 1086 2003 1179 spiritualis
2040 1094 2111 1159 et
2144 1086 2608 1160 dioecesanae
2649 1109 2687 1155 ‹
2717 1086 2899 1170 Quin

275 1223 304 1267 ›
335 1200 475 1270 imo
528 1195 808 1292 (subdit
858 1199 947 1272 de
983 1196 1174 1271 Luca
1230 1199 1480 1272 deiur.
1515 1200 1652 1272 dis.
1686 1198 1760 1273 3.
1819 1220 2014 1274 num.
2059 1197 2216 1294 15.)
2284 1198 2691 1289 frequenter
2759 1220 2901 1273 una

275 1335 305 1373 ι
338 1310 691 1385 dioecesis
742 1317 848 1384 est
900 1310 1333 1401 complexiva
1404 1314 1825 1404 oppidorum
1893 1320 1964 1386 et
2029 1313 2342 1384 locorum
2406 1310 2541 1383 sub
2616 1314 2904 1384 omnino

275 1447 306 1490 ›
335 1422 639 1494 diversis
688 1422 1065 1512 provinciis
1117 1427 1188 1494 et
1236 1423 1783 1515 principatuum,
1821 1425 1935 1497 vel
1971 1423 2361 1496 ditionibus
2395 1424 2904 1515 temporalibus

276 1558 306 1603 >
337 1534 826 1606 existentium.
870 1558 907 1601 »
962 1530 1273 1605 Huiusce
1322 1537 1424 1607 rei
1477 1528 1801 1625 exempla
1851 1538 2117 1629 passim
2161 1541 2564 1626 occurrunt,
2604 1536 2905 1625 ideoque

272 1644 589 1734 pluribus
638 1642 874 1716 verbis
923 1662 1100 1734 opus
1150 1645 1346 1717 haud
1399 1652 1533 1718 est.

406 1757 525 1828 18.
571 1752 643 1827 Si
699 1755 1021 1827 militaris
1073 1756 1315 1848 aliqua
1365 1757 1721 1830 hostilitas
1774 1758 2037 1831 alicubi
2087 1759 2529 1832 invalescens
2565 1759 2906 1832 dioecesis

271 1868 571 1941 confinia
621 1867 1017 1959 perturbet,
1073 1886 1156 1940 ac
1209 1869 1347 1942 alia
1397 1871 1673 1943 ratione
1725 1871 2173 1959 determinet,
2229 1872 2301 1943 id
2337 1890 2481 1943 non
2516 1871 2908 1946 attenditur

271 1997 346 2051 ex
395 1986 601 2051 textu
636 2000 699 2051 c.
735 1978 852 2051 13.
886 1985 1153 2072 quaest.
1196 1981 1320 2053 IV.
1354 2000 1549 2053 caus.
1585 1982 1743 2065 16.,
1780 1983 1855 2054 in
1892 1999 2060 2072 qu0,
2099 1983 2328 2073 posito
2364 1982 2671 2055 adsimili
2707 2002 2902 2071 casu,

271 2087 587 2163 Pontifex
626 2090 992 2162 definivit:
1053 2110 1091 2156 ‹
1121 2088 1252 2163 Pro
1289 2111 1432 2181 qua
1466 2110 1541 2165 re
1575 2094 1872 2184 placuit,
1911 2100 1993 2166 ut
2029 2094 2257 2166 omnis
2289 2094 2652 2187 parochia,
2693 2114 2906 2185 quam

274 2228 307 2271 ι
341 2205 643 2293 antiqua
695 2203 961 2275 ditione
1014 2211 1180 2275 ante
1219 2203 1591 2277 militarem
1628 2204 2092 2277 hostilitatem
2128 2205 2501 2278 retinuisse
2539 2205 2907 2278 ecclesiam

276 2338 308 2379 ι
345 2334 553 2386 suam
605 2315 906 2404 quisque
959 2314 1475 2408 comprobaret,
1529 2318 1683 2390 eius
1732 2316 2097 2408 privilegio
2149 2319 2670 2390 restitueretur.
2707 2341 2744 2387 »

413 2428 530 2498 19.
576 2424 647 2498 Si
701 2425 988 2515 quando
1038 2422 1111 2498 S.
1152 2423 1226 2497 C.
1268 2425 1477 2500 Conc.
1532 2431 1604 2500 in
1675 2428 2097 2503 relationum
2167 2429 2674 2521 episcopalium
2747 2448 2905 2501 exa-

275 2540 455 2611 mine
507 2537 914 2609 huiusmodi
967 2541 1482 2612 controversias
1532 2539 2046 2634 deprehendat,
2103 2542 2283 2614 solet
2331 2542 2753 2633 plerumque
2818 2542 2909 2613 ad

274 2649 340 2722 S.
378 2650 1009 2743 congregationem
1061 2648 1626 2725 Consistorialem
1677 2654 2199 2742 transmittere,
2258 2660 2337 2725 ut
2399 2657 2688 2740 easdem
2740 2655 2913 2726 defi-

274 2764 442 2852 niat,
498 2765 559 2835 si
612 2763 1027 2853 praesertim
1082 2769 1333 2854 agatur
1384 2764 1473 2836 de
1524 2764 1967 2837 dioecesibus
2003 2765 2281 2837 nonita
2315 2766 2588 2859 pridem
2626 2766 2904 2853 erectiS,

277 2878 466 2946 cuius
514 2874 985 2946 institutionis
1037 2882 1195 2946 acta
1247 2894 1472 2966 penes
1522 2895 1676 2948 eam
1731 2882 2208 2948 asservantur.
2278 2874 2679 2965 Aliquando
2748 2893 2910 2947 vero

278 2985 782 3078 expendendas
832 2984 1116 3058 easdem
1171 2988 1579 3079 aggreditur
1630 2989 1829 3059 iuxta
1881 2987 2357 3081 disciplinam,
2416 3005 2556 3076 qua
2611 2987 2749 3057 alia
2801 3006 2912 3058 or-

281 3098 543 3170 dinaria
599 3098 881 3189 negotia
932 3099 1226 3169 tractari
1274 3099 1555 3187 solent,
1612 3099 1833 3171 veluti
1896 3098 2162 3170 factum
2233 3104 2340 3168 est
2410 3098 2479 3168 in
2558 3098 2902 3170 Tiburtia.

286 3229 386 3282 seu
413 3211 746 3284 sabinen.
790 3209 1204 3281 Dismembr.
1232 3210 1519 3282 dioeces.
1550 3211 1670 3282 25.
1705 3211 1898 3300 Sept.
1944 3210 2155 3281 1847.

414 3324 532 3394 20.
576 3318 859 3393 Piorum
909 3320 1299 3412 legatorum
1351 3320 1768 3393 fundatores
1818 3322 2048 3395 solent
2096 3339 2604 3415 saepenumero
2640 3321 2914 3412 praeci-

290 3449 463 3523 pere,
520 3440 603 3505 ut
654 3431 1060 3506 eorumdem
1112 3433 1504 3524 legatorum
1567 3433 1805 3505 fruitio
1882 3435 1967 3506 iis
2035 3434 2527 3508 determinatis
2591 3435 2910 3524 personis

292 3548 734 3639 attribuatur,
790 3565 975 3637 quae
1027 3548 1102 3618 in
1153 3545 1393 3636 aliqua
1443 3545 1746 3618 dioecesi
1799 3545 1911 3618 vel
1963 3545 2296 3636 parochia
2359 3552 2904 3617 commorentur.

291 3653 594 3733 lamvero
626 3660 688 3731 si
726 3660 1028 3748 accidat,
1081 3665 1163 3730 ut
1214 3658 1638 3747 dioeceseOS,
1695 3657 2161 3748 parochiaeve
2212 3657 2394 3729 fines
2445 3659 2542 3728 ita
2604 3674 2912 3728 commu-

298 3776 538 3860 tentur,
592 3777 676 3843 ut
726 3770 1009 3842 illarum
1063 3770 1335 3843 incolae
1388 3770 1481 3841 ad
1533 3770 1711 3841 alias
1773 3768 2181 3859 dioeceseS,
2237 3771 2348 3842 vel
2424 3768 2796 3859 parochias
2870 3788 2911 3840 a

295 3887 609 3956 testatore
662 3901 807 3955 non
855 3883 1264 3974 designatas
1313 3883 1695 3955 transitum
1761 3882 2070 3973 faciant,
2134 3890 2257 3956 aut
2326 3889 2570 3954 contra
2640 3879 2912 3953 incolae

298 3992 693 4069 dioeceseon
742 3995 853 4068 vel
902 3995 1393 4087 parochiarum
1448 4015 1488 4067 a
1540 3994 1916 4068 fundatore
1967 4014 2110 4068 non
2159 3995 2414 4083 vocati,
2473 3992 2912 4065 dioecesibus

300 4107 395 4177 vel
436 4108 788 4199 parochiis
837 4128 880 4179 a
931 4113 1265 4180 testatore
1316 4107 1704 4200 designatis
1756 4109 2302 4201 coniungantur,
2361 4104 2535 4195 quid
2582 4104 2754 4176 iuris
2806 4123 2918 4177 se-

299 4220 636 4306 quendum
690 4221 822 4294 erit
873 4222 949 4293 in
1000 4220 1476 4294 adiudicanda
1526 4222 1922 4313 legatorum
1973 4213 2351 4293 fruitione?
2403 4214 2553 4288 Hoc
2604 4217 2677 4289 in
2711 4236 2909 4307 casu,

304 4334 696 4420 generaliter
733 4332 1121 4424 loquend0‚
1164 4333 1549 4406 confinium
1584 4333 1980 4406 immutatio
2016 4329 2460 4425 dispositioni
2496 4335 2916 4403 testatorum

302 4442 454 4516 nihil
501 4447 842 4539 derogare
892 4444 1196 4520 dicenda
1248 4450 1380 4533 est,
1438 4446 1760 4535 adeoque
1813 4444 1905 4516 ad
1954 4444 2190 4535 legata
2254 4441 2758 4533 consequenda
2808 4442 2919 4512 in-

303 4555 467 4630 colae
511 4560 828 4633 locorum
879 4563 1282 4631 vocatorum
1334 4556 1827 4646 admittentur,
1883 4554 2104 4628 veluti
2157 4560 2412 4645 antea,
2485 4552 2782 4646 perinde
2834 4570 2917 4623 ac

306 4669 469 4742 nulla
518 4673 903 4746 confinium
964 4669 1359 4742 immutatio
1411 4670 1850 4761 contigisset3
1908 4667 2488 4759 quandoquidem
2526 4664 2772 4738 sedulo
2811 4664 2918 4734 in-
