3497 5235
1018 344 1258 421 Ouum.
1298 343 1372 403 Do
1411 342 1545 403 olm
1587 346 1858 407 meum
1900 349 1955 425 g.
1983 348 2035 407 0.
2743 347 2857 412 433

218 477 490 569 insuper
541 483 677 566 est,
732 477 808 551 in
863 477 1115 554 eadem
1169 483 1453 573 Synodo
1505 504 1661 576 cap.
1703 485 1777 557 5.
1824 485 2003 557 Sess.
2042 482 2167 557 23.
2208 485 2290 557 de
2329 483 2636 577 Reform.
2695 505 2863 558 san-

216 590 348 677 ciri,
380 596 462 661 ut
515 591 804 663 nomina
860 593 1419 668 ordinandorum
1471 595 1757 687 publice
1794 597 1868 669 in
1907 597 2208 669 ecclesia
2244 603 2736 689 proponantur
2770 597 2864 670 ad

215 720 358 774 eum
409 701 657 791 finem,
713 710 793 776 ut
845 703 933 776 de
986 706 1396 779 eorumdem
1448 707 1844 796 natalibus,
1890 708 2236 797 moribuS,
2279 709 2581 800 aliisque
2634 711 2867 800 quali-

215 813 469 887 tatibus
505 815 639 887 rite
676 823 982 906 constet,
1018 818 1235 909 idque
1269 821 1619 911 praestari
1652 842 1690 893 a
1716 821 2028 915 parocho
2067 822 2249 895 solet
2274 823 2461 895 inter
2486 819 2866 896 Missarum

212 928 568 999 solemnia.
625 925 775 1010 Quo
826 949 995 1003 vero
1046 932 1296 1005 fideles
1338 932 1620 1025 vigilias
1671 953 1758 1007 ac
1810 933 2028 1008 festos
2080 935 2233 1007 dies
2286 936 2359 1009 in
2409 934 2864 1009 hebdomada

213 1047 650 1113 occurrentes
702 1044 1039 1115 memoria
1092 1044 1410 1117 recolant
1461 1064 1545 1117 ac
1595 1046 1861 1118 maiore
1914 1047 2182 1138 pietate
2234 1046 2639 1136 celebrent,
2698 1066 2865 1119 con·

214 1152 585 1224 sultissime
639 1153 1000 1227 invectum
1054 1161 1188 1245 est,
1246 1162 1327 1228 ut
1379 1158 1595 1229 etiam
1645 1156 1734 1230 de
1786 1157 1901 1231 his
1958 1159 2411 1231 denuntiatio
2464 1178 2505 1229 a
2556 1159 2865 1250 parocho

217 1267 286 1336 10
331 1262 584 1337 Missae
636 1266 1118 1341 celebratione
1170 1275 1580 1361 peragatur.

349 1378 517 1450 324.
573 1376 730 1453 Νο0
800 1382 965 1455 licet
1037 1383 1490 1455 matrimonia
1549 1384 1991 1485 ⁴denuntiare
2062 1391 2262 1458 extra
2315 1382 2692 1457 Missarum
2751 1403 2869 1458 so·

209 1492 487 1581 lemnia,
544 1495 830 1566 tametsi
884 1494 1158 1567 festivis
1209 1496 1464 1568 diebus
1513 1497 1588 1568 id
1624 1496 2001 1570 efficiatur.
2056 1493 2237 1569 Nam
2275 1498 2469 1590 apud
2506 1495 2859 1590 S.Congr.

203 1602 404 1676 Conc.
463 1605 539 1677 in
606 1606 1037 1679 Avenionen.
1097 1608 1240 1679 diei
1309 1610 1431 1681 25.
1492 1605 1648 1682 Oct.
1715 1610 1929 1681 1586.
1988 1611 2395 1699 quaesitum
2467 1618 2618 1683 est:
2680 1634 2718 1677 ‹
2760 1610 2867 1681 An

207 1742 243 1785 »
282 1714 699 1792 ordinarius
736 1722 960 1812 possit
1012 1742 1099 1794 ex
1153 1742 1368 1796 causa
1421 1724 1865 1815 dispensare,
1923 1731 2030 1813 ut,
2088 1725 2259 1798 dum
2312 1733 2701 1799 cantantur
2732 1720 2869 1799 Ve-

209 1855 248 1899 ›
286 1850 560 1922 sperae,
603 1836 877 1924 possint
929 1834 1083 1906 fieri
1138 1834 1724 1909 denuntiationes
1775 1836 2032 1909 diebus
2083 1843 2325 1911 tamen
2362 1832 2682 1911 festivis?
2716 1862 2754 1905 ι»
2794 1845 2865 1911 et

199 1960 615 2035 responsum
652 1945 833 2019 fuit:
878 1970 916 2013 ‹
946 1942 1057 2017 Ita
1096 1947 1514 2038 dispensare
1552 1967 1762 2042 posse
1799 1967 1887 2021 ex
1921 1968 2168 2021 causa.
2207 1974 2243 2018 ι
2284 1944 2459 2046 (lib.
2497 1949 2569 2021 4.
2604 1951 2859 2023 decret.

193 2077 360 2148 paq.
407 2053 646 2153 189).
679 2054 1003 2131 Iamvero
1040 2061 1098 2131 si
1150 2060 1397 2132 liceret
1433 2068 1630 2134 extra
1686 2057 2062 2132 Missarum
2098 2061 2444 2134 solemnia
2482 2062 2869 2135 denuntia-

195 2170 428 2240 tiones
480 2187 847 2262 peragere,
888 2171 1087 2244 nulla
1131 2167 1464 2263 Episcopi
1520 2173 2055 2265 dispensatione
2108 2191 2288 2265 opus
2341 2183 2531 2248 certe
2583 2174 2861 2258 fuisset.

344 2281 516 2352 325.
554 2279 1006 2373 Disputatum
1037 2290 1143 2356 est
1180 2284 1597 2375 aliquando,
1640 2303 1733 2355 30
1772 2286 2223 2357 matrimonia
2261 2286 2668 2359 denuntiari
2709 2305 2872 2377 pos-

197 2401 362 2467 sent
399 2394 487 2466 iis
519 2393 802 2484 diebuS,
836 2398 960 2487 qui
997 2417 1084 2470 ex
1118 2392 1604 2469 Romanorum
1641 2395 2064 2471 Pontificum
2105 2397 2555 2489 indulgentia
2586 2419 2626 2469 a
2654 2398 2872 2470 festo-

194 2527 353 2579 rum
384 2507 552 2580 31110
588 2508 950 2601 dispuncti
987 2510 1278 2583 luerint.
1313 2506 1760 2601 Quapropter
1795 2512 1866 2583 in
1897 2513 2215 2584 Brunen.
2262 2513 2377 2583 17.
2413 2507 2578 2583 Iun.
2620 2511 2866 2600 1780„

196 2640 360 2693 cum
395 2640 482 2693 ex
516 2622 795 2695 indulto
822 2643 885 2695 S.
918 2642 1014 2694 m.
1049 2622 1391 2697 Clement.
1425 2617 1618 2694 XIV.
1653 2623 1904 2697 fideles
1940 2624 2031 2697 ab
2060 2624 2497 2717 obligatione
2525 2623 2868 2696 audiendi

193 2734 532 2806 sacrificii
567 2732 821 2807 Missae
876 2741 948 2808 et
999 2735 1408 2808 abstinendi
1447 2736 1538 2807 ab
1578 2737 1913 2827 operibus
1950 2736 2328 2810 servilibus
2365 2737 2578 2810 certis
2614 2734 2873 2807 diebus

185 2846 405 2919 iestis
455 2848 670 2921 soluti
722 2849 1050 2938 fuissent,
1107 2845 1500 2943 Episcopus
1550 2847 1947 2923 Brunensis
1999 2850 2071 2924 10
2117 2847 2427 2922 Moravia
2466 2849 2867 2921 sciscitatus

185 2964 304 3030 est
357 2957 433 3031 S.
474 2957 726 3053 Congr.
768 2958 1014 3033 Conc.:
1076 2984 1114 3027 α
1152 2961 1294 3051 An,
1352 2962 1522 3051 ubi,
1580 2962 1916 3052 quando,
1973 2969 2045 3036 et
2095 2960 2360 3052 quibus
2412 2960 2670 3033 diebus
2723 2960 2868 3032 sint

185 3096 228 3136 ν
269 3071 758 3165 publicandae
829 3073 1415 3146 denuntiationes
1486 3074 2100 3146 matrimoniorum
2169 3076 2244 3146 in
2296 3093 2508 3163 casu,
2574 3072 2663 3143 de
2723 3090 2866 3162 quo

182 3209 225 3254 2»
272 3178 564 3277 agitur?
591 3209 626 3252 ν
684 3182 758 3256 S.
801 3183 1053 3277 Congr.
1097 3185 1501 3277 rescripsit:
1564 3208 1600 3252 «
1642 3182 2010 3258 Scribatur
2043 3182 2395 3279 Episcopo
2432 3187 2632 3257 iuxta
2674 3202 2873 3255 men-

180 3323 226 3364 >
273 3304 452 3369 tem.
490 3320 527 3365 ›
583 3292 786 3370 Mens
836 3315 1003 3369 vero
1055 3315 1392 3388 expressa
1461 3295 1594 3368 fuit
1649 3297 1720 3369 in
1779 3297 2003 3370 literis
2072 3299 2304 3371 eidem
2374 3297 2607 3386 datis,
2683 3313 2870 3386 quae

173 3409 538 3500 leguntur
589 3410 665 3480 in
718 3409 839 3481 lib.
885 3407 1049 3482 130.
1101 3410 1394 3490 decret„
1446 3413 1516 3480 et
1569 3427 1699 3500 per
1748 3415 2122 3481 extensum
2174 3410 2586 3483 reseruntur
2620 3409 2694 3480 in
2739 3409 2875 3481 Tu—

167 3517 484 3594 dertina
541 3520 656 3592 19.
706 3520 868 3615 Apr.
915 3523 1128 3595 1823.
1185 3519 1259 3617 ξ.
1307 3521 1788 3597 Contrarium.
1851 3545 1889 3587 α
1920 3519 2328 3595 Cavendum
2402 3521 2534 3595 abs
2600 3529 2673 3594 te
2723 3540 2874 3592 ma-

167 3661 218 3705 »
265 3636 495 3724 xime,
529 3641 747 3725 atque
784 3637 992 3709 enixe
1029 3634 1575 3728 providendum,
1615 3642 1695 3708 ut
1730 3641 1925 3707 sarta
1962 3640 2148 3708 tecta
2185 3634 2658 3707 saluberrima
2698 3630 2864 3705 S.C.

161 3775 215 3820 ι
263 3748 554 3821 sanctio
605 3747 695 3820 de
746 3748 1263 3821 denuntiandis
1325 3748 1587 3840 populo
1647 3748 2118 3820 matrimoniis
2181 3748 2255 3819 in
2304 3745 2539 3820 tribus
2599 3745 2872 3818 festivis

162 3888 213 3932 ›
266 3860 538 3934 diebus
588 3862 878 3934 omnino
927 3867 1277 3934 servetur.
1350 3857 1551 3943 Quod
1607 3863 1795 3933 enim
1850 3882 1891 3932 a
1945 3859 2128 3932 tanti
2181 3857 2471 3932 Concilii
2539 3855 2875 3930 Patribus

154 4002 208 4044 ›
265 3974 742 4066 praescriptis
794 3981 1013 4065 atque
1065 3974 1429 4065 conceptis
1478 3973 1713 4046 verbis
1765 3977 2118 4046 statutum
2172 3978 2315 4060 est,
2373 3971 2446 4043 id
2495 3970 2711 4062 plene
2763 3973 2871 4040 est

152 4114 206 4156 ›
267 4085 753 4178 religioseque
805 4086 1289 4160 retinendum.
1349 4083 1489 4159 Sed
1541 4087 1884 4178 quoniam
1937 4105 2019 4158 eo
2070 4085 2223 4158 loco
2274 4084 2696 4173 relinquunt
2740 4077 2873 4151 Pa-

145 4222 202 4270 »
264 4206 428 4271 tres
476 4194 992 4290 Episcoporum
1045 4198 1308 4271 iudicio
1360 4216 1443 4270 ac
1491 4198 1947 4292 prudentiae,
2005 4203 2110 4287 ut,
2169 4196 2230 4268 si
2283 4194 2872 4288 quandoquidem

141 4338 201 4381 ›
263 4311 621 4402 expedire
673 4310 1175 4399 iudicaverint,
1233 4330 1378 4382 una
1431 4316 1556 4382 aut
1611 4310 1858 4400 plures
1914 4307 2325 4380 huiusmodi
2387 4305 2874 4378 matrimonio-

137 4452 194 4494 »
257 4439 440 4496 rum
489 4421 824 4517 publicae
870 4421 1455 4495 denuntiationes
1491 4422 1992 4509 remittantur3
2050 4420 2219 4493 hinc
2253 4417 2469 4492 rebus
2505 4417 2868 4509 omnibuS,

125 4569 187 4613 >
255 4555 468 4627 quae
540 4536 634 4608 ab
688 4536 1162 4629 amplitudine
1226 4544 1350 4610 tua
1403 4536 1771 4628 expositae
1823 4539 2038 4623 sunt,
2111 4533 2185 4605 in
2240 4534 2313 4604 S.
2355 4529 2609 4624 Congr.
2653 4529 2867 4604 Conc.

121 4681 184 4725 >
251 4645 560 4722 mature
610 4649 1019 4741 perpensiS‚
1076 4652 1441 4721 annuente
1495 4647 1712 4719 etiarn
1766 4643 1980 4718 SSmo
2035 4642 2117 4716 D.
2159 4640 2246 4715 N.
2287 4640 2411 4716 Pio
2463 4640 2659 4736 Papa
2711 4639 2866 4734 VL,

112 4795 180 4842 ›
252 4760 650 4837 decretum
689 4768 824 4852 est,
879 4767 1003 4834 tuo
1054 4761 1325 4853 pariter
1357 4759 1621 4832 iudicio
1674 4778 1758 4832 ac
1808 4756 2234 4853 prudentiae
2269 4756 2592 4848 permitti
2626 4773 2868 4848 posse,

411 4907 596 4964 Lumr,
630 4904 765 4955 risit.
793 4903 931 4952 sacr.
962 4901 1103 4959 ωτι,
1133 4901 1253 4950 edit.
1283 4900 1376 4949 111.
1412 4901 1511 4952 Vol.
1543 4901 1582 4949 Ι.
1714 4898 1717 4901 ’
2599 4901 2654 4964 ae
2747 4923 2751 4930 ·
