3497 5235
644 331 760 396 414
1401 333 1771 393 latitudiuis
1812 330 1866 388 8.
1893 329 2077 403 congr.
2104 330 2253 389 Ocno.
2292 331 2562 406 expositio.

649 492 687 538 ›
727 470 1052 559 quamvis
1102 468 1349 540 odiosa
1401 484 1512 538 res
1562 468 1681 554 sit,
1740 466 1985 537 venire
2037 465 2398 553 videntur,
2458 483 2603 537 non
2652 465 2877 537 solum
2913 465 3041 555 qui
3076 482 3302 555 specu-

648 603 687 643 s
727 580 985 663 lativa,
1035 580 1163 651 sed
1214 579 1432 651 etiam
1484 577 1739 650 saltem
1794 567 1880 648 ei
1936 577 2262 666 paritatis
2315 577 2621 664 ratione,
2681 577 2803 667 qui
2847 575 3201 668 practica,
3229 579 3299 649 ut

645 714 683 760 ›
726 692 972 780 aiunt,
1029 691 1327 763 scientia
1381 695 1672 774 carent,
1730 687 1854 778 qui
1910 689 2293 776 nimirum,
2367 691 2480 761 rel
2532 688 2623 761 ob
2677 690 3188 780 experientiam
3236 694 3300 762 et

648 827 684 871 >
725 804 1045 876 culturae
1099 802 1484 891 detortum,
1543 802 1847 872 aliamve
1899 800 1989 872 ob
2047 819 2337 874 causam
2386 801 2667 874 habiles
2712 820 2857 873 non
2894 807 3067 873 sunt
3099 799 3298 872 rebus

648 941 687 986 >
726 933 837 1003 ea,
895 934 1037 1005 qua
1091 933 1221 1006 par
1272 921 1406 1003 est,
1465 913 1848 1004 prudentia
1903 920 1974 986 et
2031 914 2329 986 consilio
2380 914 2735 1006 gerendis,
2776 933 2903 986 seu
2941 914 3049 986 uti
3104 931 3300 1004 gene-

647 1051 686 1095 »
725 1027 856 1097 rali
908 1026 1285 1099 verborum
1338 1025 1801 1115 conceptione
1857 1025 2095 1114 inquit
2146 1022 2563 1116 Concilium,
2623 1027 2749 1116 qui
2806 1026 3026 1097 sacris
3079 1025 3301 1098 minus

649 1164 687 1205 »
729 1139 876 1229 apti
930 1145 1101 1211 sunt
1153 1137 1427 1210 officiis.
1487 1133 1838 1226 Imperiti,
1891 1140 2350 1228 prosequitur
2399 1135 2715 1209 Barbosa
2767 1132 2890 1235 (de
2922 1138 3041 1231 off.
3069 1144 3134 1209 et
3158 1143 3295 1229 pot.

649 1273 688 1317 »
724 1250 1016 1341 parochi
1059 1268 1227 1340 par.
1265 1250 1360 1321 ΙΙ.
1401 1269 1559 1341 cap.
1591 1248 1715 1322 23.
1750 1268 1825 1319 n.
1866 1248 1938 1323 9.
1940 1242 2017 1345 ),
2054 1250 2145 1322 ad
2199 1248 2392 1321 hunc
2428 1250 2759 1322 ellectum
2794 1250 3133 1322 dicuntur
3181 1248 3299 1337 illi,

649 1385 689 1428 »
729 1362 852 1450 qui
907 1359 1267 1432 inhabiles
1317 1361 1633 1433 sunt'ad
1686 1360 2129 1452 exploranda
2181 1380 2293 1449 ea,
2335 1380 2522 1452 quae
2577 1361 3006 1434 incumbunt
3042 1361 3305 1433 muneri

650 1497 689 1542 ›
730 1491 814 1545 ac
866 1475 1063 1547 oneri
1115 1473 1473 1563 beneficii,
1532 1474 1725 1564 quod
1778 1471 2077 1561 habent,
2119 1479 2191 1546 et
2241 1474 2636 1546 secundum
2681 1474 3133 1565 dignitatem,
3174 1481 3306 1545 sta·

651 1610 689 1653 »
729 1592 911 1672 tum,
967 1594 1038 1659 et
1092 1585 1445 1674 officium,
1503 1586 1593 1657 ad
1647 1585 1840 1676 quod
1895 1592 2385 1659 assumuntur.
2425 1611 2463 1654 »
2518 1583 2611 1659 Et
2661 1604 2910 1678 reapse
2963 1585 3040 1656 in
3101 1585 3308 1656 allata

655 1697 1044 1768 Tam-inan.
1103 1696 1193 1767 de
1247 1697 1555 1788 parocho
1609 1696 2004 1789 agebatur,
2060 1698 2266 1770 cuius
2318 1699 2407 1771 de
2463 1698 2778 1770 moribus
2844 1716 2933 1770 ex
2982 1698 3143 1789 ipsa
3197 1696 3310 1767 Ar·

644 1807 1072 1899 chiepiscopi
1142 1814 1215 1880 et
1268 1804 1512 1880 Nuntii
1570 1807 1952 1898 Apostolici
2006 1810 2358 1881 relatione
2428 1810 2611 1881 nihil
2661 1810 2950 1881 omnino
3001 1807 3305 1901 profere-

643 1919 888 2008 batur,
945 1920 1072 1993 sed
1126 1924 1402 1992 tantum
1441 1919 1532 1991 ab
1575 1918 2117 2012 Archiepiscopo
2156 1927 2616 2012 temporanea
2652 1919 3130 2011 suspensione
3164 1937 3308 2012 per-

643 2033 886 2105 culsus
916 2032 1145 2104 ruerat
1184 2034 1259 2104 in
1289 2033 1425 2102 vim
1456 2033 1722 2105 decreti
1751 2030 1963 2105 Conc.
1998 2029 2193 2104 Trid.
2230 2036 2407 2107 sess.
2432 2033 2556 2107 21.
2590 2035 2841 2126 cap.6.
2864 2034 2949 2106 de
2971 2034 3307 2121 Reform„

644 2162 731 2217 ex
789 2162 872 2216 eo
925 2143 1119 2233 quod
1169 2145 1484 2216 consiliis
1547 2145 1656 2216 sui
1715 2143 2069 2216 Antistitis
2122 2146 2409 2218 minime
2472 2145 2980 2219 obsecundans
3035 2164 3167 2218 suo
3212 2146 3308 2216 in-

650 2255 884 2328 fausto
937 2256 1248 2328 conlisus
1318 2257 1579 2328 iudicio
1630 2256 1721 2328 ob
1778 2257 2144 2347 ingenium
2205 2256 2491 2329 difficile
2560 2265 2632 2331 et
2704 2255 3147 2328 inurbanum
3196 2275 3306 2347 pa·

647 2368 1145 2440 rochianorum
1217 2370 1786 2441 aestimationem
1858 2375 1930 2441 et
1993 2369 2324 2441 fiduciam
2397 2370 2758 2442 amiserat.
2835 2366 3010 2441 Cum
3079 2370 3303 2458 itaque

648 2479 1158 2569 inquireretur,
1215 2500 1307 2552 an
1362 2481 1725 2553 decretum
1778 2482 2272 2572 suspensionis
2317 2481 2917 2568 confirmandum,
2956 2481 3069 2553 vel
3128 2479 3309 2551 intir-

648 2591 994 2672 mandum
1047 2597 1260 2681 esset,
1304 2592 1872 2665 confirmandum
1928 2594 2286 2684 rescripsit
2324 2589 2396 2665 S.
2432 2592 2721 2685 congr„
2766 2593 3079 2666 «addita
3130 2592 3307 2667 clau-

650 2727 689 2771 »
728 2704 914 2790 sula,
971 2711 1042 2775 et
1094 2705 1327 2796 quoad
1377 2705 1995 2798 reinteqrationem
2045 2705 2280 2779 dilata
2326 2725 2542 2797 usque
2592 2706 2762 2778 dum
2810 2711 3057 2777 orator
3082 2704 3305 2776 doceat

649 2838 688 2884 ›
726 2814 811 2886 de
855 2816 1121 2906 peritia
1169 2822 1236 2888 et
1287 2816 1665 2890 idoneitate
1716 2817 2282 2889 administrandi
2316 2817 2750 2908 paroeciam.
2785 2842 2824 2884 ιι

790 2927 961 2998 280.
1002 2924 1270 3008 Quarta
1323 2946 1569 3016 causa,
1607 2927 1697 3000 ob
1754 2947 1969 3018 quam
2024 2929 2334 3018 parocho
2385 2928 2754 3000 coadiutor
2817 2927 3110 3000 dandus
3159 2933 3298 3014 est,

643 3045 798 3112 tum
849 3039 1079 3111 locum
1116 3038 1364 3127 habet,
1407 3057 1568 3111 cum
1620 3041 2189 3131 supercrescenti
2231 3038 2822 3132 parochianorum
2859 3056 3160 3111 numero
3190 3037 3304 3109 de-

643 3152 1002 3242 pascendo
1055 3171 1245 3223 unus
1294 3158 1523 3223 rector
1574 3151 1805 3242 impar
1854 3151 2151 3224 effectus
2210 3148 2880 3224 fuerit.›Habemus
2930 3150 3052 3223 hic
3101 3148 3299 3222 Conc.

643 3261 835 3337 'l'rid.
878 3266 1242 3338 decretum
1295 3265 1371 3336 in
1407 3284 1565 3355 cap.
1606 3266 1679 3337 4.
1727 3266 1908 3338 Sesti.
1944 3265 2071 3338 21.
2111 3264 2194 3338 de
2247 3267 2596 3356 Reform„
2633 3265 2823 3355 quod
2862 3266 2963 3336 ita
3021 3264 3297 3337 statuit:

603 3404 607 3408 ⁴
649 3402 687 3445 ι
725 3375 1058 3468 Episcopi
1094 3378 1310 3450 etiam
1350 3383 1716 3466 tamquam
1755 3376 2198 3468 Apostolicae
2252 3377 2453 3448 Sedis
2498 3375 2813 3467 Delegati
2853 3378 2930 3449 in
2982 3375 3303 3448 omnibus

646 3514 685 3558 ι»
727 3489 1044 3561 ecclesiis
1112 3487 1644 3579 parochialibus
1713 3489 1824 3560 vel
1894 3487 2491 3578 baptismalibuS,
2566 3489 2640 3560 in
2693 3487 2957 3578 quibus
3015 3485 3305 3579 populus

646 3625 685 3669 »
727 3602 826 3673 ita
881 3618 1304 3672 numerosus
1353 3601 1471 3690 sit,
1513 3607 1590 3673 ut
1631 3619 1818 3672 unus
1867 3606 2098 3672 rector
2151 3618 2289 3671 non
2328 3602 2550 3690 possit
2602 3600 2928 3674 sufficere
2983 3597 3300 3673 ecclesia-

647 3738 686 3782 »
726 3713 924 3784 sticis
973 3709 1454 3784 Sacramentis
1506 3712 1998 3785 ministrandis
2050 3718 2121 3784 et
2172 3712 2395 3784 cultui
2431 3710 2675 3785 divino
2725 3710 3161 3802 peragendo,
3199 3724 3298 3779 co-

646 3849 685 3893 »
729 3831 897 3915 gant
948 3830 1259 3897 rectores
1327 3825 1437 3897 vel
1489 3825 1709 3913 alios,
1769 3825 1862 3896 ad
1916 3843 2094 3914 quos
2149 3825 2496 3914 pertinet,
2554 3823 2690 3895 sibi
2743 3829 2849 3895 tot
2900 3822 3295 3895 sacerdotes

646 3960 685 4005 2>
725 3936 816 4008 ad
870 3937 1002 4009 hoc
1055 3955 1313 4007 munus
1366 3936 1784 4028 adiungere,
1827 3941 2001 4026 quot
2052 3935 2413 4009 sufficiant
2458 3935 2549 4007 ad
2603 3934 3067 4008 Sacramenta
3114 3928 3297 4005 exhi·

643 4070 684 4115 ›
723 4046 989 4136 benda,
1029 4053 1102 4119 et
1153 4047 1424 4119 cultum
1469 4047 1793 4120 divinum
1847 4047 2382 4121 celebrandum.
2425 4043 2513 4119 In
2566 4049 2651 4119 iis
2685 4064 2877 4134 vero,
2921 4047 2998 4117 in
3051 4041 3298 4136 quibus

643 4181 682 4225 ι»
722 4158 813 4230 ob
868 4160 1177 4232 locorum
1234 4159 1676 4248 distantiam,
1717 4160 1872 4231 sive
1929 4158 2424 4232 difficultatem
2488 4157 2905 4251 parochiani
2959 4159 3117 4230 sine
3161 4169 3300 4226 ma·

641 4294 680 4340 ›
727 4290 863 4361 gno
919 4272 1362 4344 incommodo
1432 4272 1525 4344 ad
1595 4271 2057 4363 percipienda
2127 4269 2589 4345 Sacramenta
2654 4276 2727 4342 et
2776 4268 3022 4341 divina
3083 4261 3296 4340 officia

643 4406 681 4449 »
721 4384 1082 4456 audienda
1135 4384 1471 4456 accedere
1525 4402 1667 4456 non
1722 4391 2054 4474 possunt,
2094 4402 2317 4455 novas
2353 4382 2755 4474 parochiaS,
2796 4381 3017 4453 etiam
3071 4373 3303 4449 invitis*

643 4515 681 4558 »
720 4495 1140 4584 rectoribuS,
1183 4496 1381 4567 iuxta
1419 4493 1714 4567 formam
1753 4492 2051 4567 Constit.
2097 4494 2445 4566 Alexand.
2479 4489 2650 4582 111„
2693 4511 2882 4583 quae
2919 4491 3156 4582 incipit
3191 4479 3290 4556 Ad

644 4626 682 4672 >
723 4605 1207 4688 audientiam,
1261 4608 1694 4679 constituere
1746 4608 2049 4697 possint.
2112 4602 2263 4678 Illis
2334 4611 2574 4678 autem
2628 4603 3131 4687 sacerdotibus,
3172 4590 3289 4684 qui

643 4735 682 4780 »
721 4714 811 4785 de
862 4733 1042 4787 novo
1091 4723 1303 4790 erunt
1355 4718 1672 4792 ecclesiis
1724 4720 2000 4796 noviter
2051 4719 2309 4793 erectis
2358 4716 2857 4809 praeficiendi,
2895 4718 3291 4806 competens
