3497 5235
621 253 743 326 ⁰⁸1²·
768 252 838 307 ΙΙ.
877 252 949 310 D·
988 250 1251 325 Ερὶιοοιιο,
1291 249 1700 323 Δτοὶιίορὶιοομ,
1739 247 1969 305 Primt·
2009 247 2067 307 ot
2105 246 2429 305 Patriuehs.
2474 249 2528 321 ἓ.
2554 246 2606 302 3.
2838 245 2949 307 191

288 416 322 460 ›
360 390 449 462 ad
500 386 811 460 Ordines
862 387 1161 477 origine,
1220 385 1398 456 haec
1451 389 1610 455 est:
1672 390 1842 454 nato
1895 383 2069 469 tilio,
2127 382 2236 454 vel
2274 390 2483 474 pater
2518 399 2601 454 eo
2637 389 2954 472 tempore

287 530 323 573 ›
359 500 626 574 alicubi
681 497 1116 573 domicilium
1174 495 1518 583 babebat,
1574 496 1690 566 vel
1742 490 1943 567 non?
1999 495 2071 566 Si
2123 494 2558 568 domicilium
2603 493 2949 581 habebat,

285 638 321 683 ›
359 612 552 684 filius
603 611 739 683 erit
792 609 1217 700 originarius
1254 609 1536 699 paterni
1573 606 1942 694 domicilii,
1982 608 2131 677 sive
2169 608 2244 676 in
2279 625 2361 678 eo
2399 613 2614 678 natus
2647 607 2767 693 sit,
2808 608 2960 679 sive

287 751 321 792 ι
359 744 554 797 non:
612 724 674 795 si
725 729 931 813 pater
982 720 1238 792 nullibi
1293 728 1608 812 tempore
1663 720 2063 795 nativitatis
2125 719 2251 790 filii
2305 720 2740 795 domicilium
2792 737 2965 794 con-

287 837 621 922 ›traxit‚
680 835 1105 926 originarius
1157 834 1291 906 erit
1364 834 1493 905 loci
1551 840 1898 924 paternae
1969 832 2322 903 naturalis
2373 833 2710 922 originiS,
2777 833 2962 905 idest

288 973 322 1014 »
359 949 519 1034 loci,
581 947 656 1017 in
709 964 853 1036 quo
903 951 1110 1037 pater
1161 945 1592 1016 naturaliter
1642 951 1840 1015 ortus
1893 950 2028 1029 est,
2088 943 2222 1014 nisi
2261 950 2465 1036 pater
2503 944 2574 1014 in
2613 943 2792 1030 loc0‚
2834 942 2963 1015 ubi

291 1085 322 1127 ›
362 1059 554 1130 filius
605 1075 695 1129 ex
746 1056 1098 1129 accidenti
1153 1062 1367 1128 natus
1418 1055 1661 1142 fuerit,
1719 1056 1960 1128 sedem
2000 1062 2245 1145 postea
2282 1056 2620 1127 domicilii
2666 1057 2756 1128 de
2809 1056 2963 1127 iure

290 1197 324 1238 ν
360 1171 827 1255 contraxerit,
886 1167 1079 1258 quod
1131 1174 1284 1240 tum
1338 1187 1426 1240 ex
1478 1168 1846 1258 praedicta
1899 1166 2196 1239 Constit.
2246 1167 2756 1257 Speculatores,
2810 1173 2962 1239 tum

295 1308 327 1351 ι
366 1302 455 1355 ex
508 1282 722 1355 dictis
776 1280 1067 1352 abunde
1121 1286 1503 1351 constat.»

431 1392 872 1466 Memor-atus
924 1397 1171 1463 auctor
1224 1392 1429 1481 plura
1467 1391 1689 1463 dubia
1726 1393 2088 1484 proponit,
2130 1390 2538 1480 enodatque
2589 1385 2757 1481 (loc.
2802 1386 2962 1485 cit.)

290 1506 370 1578 de
405 1506 687 1597 origine
724 1504 1279 1595 illegitimorum,
1321 1506 1835 1594 expositorum,
1881 1504 2294 1576 libertorum
2331 1510 2402 1575 et
2440 1503 2960 1590 libertinorum3

294 1619 433 1708 agit
485 1618 703 1688 etiam
758 1615 847 1687 de
886 1614 1264 1705 neophytis
1316 1622 1388 1687 et
1440 1615 2046 1687 descendentibus
2097 1635 2185 1688 ex
2240 1613 2552 1702 Iudaeis,
2594 1634 2773 1704 quos
2807 1615 2967 1694 heic

278 1729 620 1800 instituta
672 1726 1049 1798 brevitatis
1082 1727 1262 1798 ratio
1299 1728 1733 1800 enucleatim
1772 1745 2139 1801 recensere
2180 1746 2323 1798 non
2360 1730 2670 1817 patitur;
2714 1744 2968 1815 quam-

293 1858 506 1930 quam
560 1840 654 1911 ad
708 1838 1104 1930 neophytos
1157 1838 1348 1926 quod
1404 1840 1662 1910 attinet
1717 1841 1789 1909 in
1844 1839 2293 1931 paragrapho
2331 1840 2417 1912 de
2456 1840 2837 1930 postulatis
2892 1842 2966 1909 in

292 1954 552 2043 specie,
613 1967 901 2023 causam
955 1950 1342 2038 quamdam
1395 1968 1478 2021 eo
1531 1951 1621 2022 de
1676 1957 2095 2041 argumento
2152 1953 2497 2042 integram
2553 1953 2959 2024 afferemus.

293 2063 523 2138 Etiam
578 2061 938 2134 Giraldius
988 2062 1264 2133 consuli
1320 2070 1553 2154 potest
1607 2063 1722 2134 Ius
1764 2066 1978 2135 Pont.
2021 2059 2099 2133 P.
2142 2060 2240 2133 11.
2285 2065 2471 2135 Sect.
2514 2064 2635 2134 96.
2683 2081 2753 2153 p.
2789 2063 2962 2133 949.

434 2178 558 2247 82.
619 2172 976 2265 Regulam
1029 2173 1481 2245 antecedenti
1523 2192 1815 2245 numero
1869 2175 1960 2245 ab
2015 2171 2427 2247 Honorante
2466 2177 2801 2249 traditam
2841 2175 2972 2246 ali-

298 2288 559 2378 quibus
632 2284 974 2377 exemplis
1045 2286 1463 2357 confirmare
1532 2287 1987 2377 suscipimus.
2048 2283 2279 2358 Primo
2331 2288 2525 2378 origo
2580 2288 2825 2359 matris
2879 2286 2972 2358 ad

295 2400 624 2471 effectum
661 2396 1050 2489 recipiendi
1089 2394 1392 2468 Ordines
1429 2398 1719 2469 minime
1757 2398 2215 2489 suffragatur,
2258 2400 2426 2488 quia
2466 2400 2656 2471 filius
2708 2401 2975 2472 solum-

295 2512 500 2583 modo
540 2511 792 2601 patriS,
838 2511 1129 2580 minime
1167 2527 1329 2580 vero
1366 2510 1611 2580 matris
1640 2511 1985 2599 originem
2025 2512 2370 2598 sequitur.
2406 2509 2721 2584 Ferraris
2757 2512 2972 2584 verbo

301 2624 471 2696 Ord.
515 2628 661 2695 art.
686 2621 760 2695 3.
797 2620 1058 2703 n.19.‚
1096 2620 1169 2694 S.
1195 2620 1269 2693 C.
1300 2620 1373 2695 C.
1409 2623 1481 2691 in
1517 2623 1694 2693 Dub.
1731 2623 1986 2695 ordin.
2018 2625 2134 2695 16.
2168 2622 2375 2695 Febr.
2409 2625 2623 2697 1705.
2658 2625 2835 2696 dub.
2869 2626 2969 2712 1.,

298 2735 488 2826 apud
541 2733 884 2805 Zambon.
944 2734 1161 2804 verbo
1219 2737 1421 2808 Sacr.
1468 2734 1644 2807 Ord.
1704 2743 1841 2808 art.
1893 2737 1967 2806 2.
2027 2757 2102 2806 n.
2144 2738 2267 2806 28.
2332 2744 2499 2807 tom.
2543 2738 2612 2807 5.
2678 2756 2747 2827 p.
2792 2737 2962 2806 268.

298 2847 368 2916 Si
418 2852 625 2938 pater
677 2847 752 2915 in
806 2845 956 2917 loco
1016 2851 1381 2916 maternae
1435 2846 1558 2916 filii
1612 2848 1932 2937 originiS,
1978 2847 2098 2919 ubi
2136 2847 2252 2919 bic
2296 2855 2519 2919 natus
2566 2848 2684 2933 sit,
2726 2847 2973 2920 sedem

298 2974 502 3027 suam
554 2957 872 3048 posuerit
926 2957 1053 3041 ita,
1112 2964 1193 3028 ut
1243 2955 1344 3027 ibi
1395 2976 1604 3028 suum
1661 2960 2095 3029 domicilium
2149 2961 2486 3032 statuisse
2540 2959 2676 3030 dici
2716 2957 2967 3048 possit,

300 3077 474 3141 tunc
509 3068 700 3138 filius
737 3068 923 3138 idem
958 3064 1313 3159 Episcopo
1351 3069 1481 3139 loci
1524 3070 1713 3140 illius
1751 3069 2117 3142 subiectus
2153 3073 2312 3156 erit,
2355 3069 2445 3139 ab
2475 3087 2702 3158 eoque
2743 3069 2974 3141 valide

299 3180 612 3251 ordinari
651 3181 987 3269 potuerit,
1032 3186 1109 3252 ut
1146 3182 1376 3253 tenuit
1413 3179 1486 3252 S.
1519 3178 1588 3252 C.
1625 3180 1836 3254 Conc.
1881 3184 1954 3252 in
1994 3183 2362 3254 Viterbien.
2403 3183 2517 3252 12.
2554 3179 2716 3252 Maii
2754 3182 2967 3282 17533.

447 3287 782 3372 Quamvis
833 3308 922 3361 ex
978 3309 1170 3361 mora
1224 3292 1650 3364 accidentali
1706 3293 1948 3382 aliquo
2010 3296 2084 3364 in
2142 3296 2290 3366 loco
2345 3294 2557 3366 ducta
2615 3300 2821 3385 pater
2872 3293 2974 3364 ibi

296 3400 736 3473 domicilium
794 3420 940 3472 non
993 3403 1360 3492 acquirat,
1417 3412 1486 3475 et
1541 3405 1728 3475 lilius
1800 3404 2065 3476 ibidem
2134 3414 2348 3478 natus
2419 3404 2773 3497 Episcopo
2839 3405 2975 3477 loci

297 3532 452 3584 non
500 3514 916 3600 subiaceat,
975 3532 1064 3585 ne
1117 3522 1414 3604 excepto
1468 3517 1761 3604 quidem
1815 3535 2029 3602 casu,
2100 3536 2242 3606 quo
2305 3535 2432 3607 per
2483 3519 2976 3608 longissimum

295 3632 586 3715 tempus
638 3643 837 3695 mora
892 3631 1248 3715 protracta
1304 3625 1544 3714 fuerit,
1603 3625 1675 3698 S.
1719 3625 1972 3718 Congr.
2014 3626 2226 3700 Conc.
2276 3629 2349 3698 in
2389 3629 2657 3701 Fanen.
2700 3628 2978 3720 Legati,

296 3737 430 3808 20.
478 3737 690 3827 April.
742 3737 954 3807 1771.
1011 3735 1085 3831 ἓ.
1141 3737 1499 3819 Οἱυίῑίτας,
1542 3742 1840 3810 Roman.
1899 3760 2016 3811 seu
2062 3742 2341 3812 Tudert.
2391 3744 2504 3812 13.
2549 3737 2715 3813 Iulii
2757 3741 2973 3811 1771.

292 3845 372 3941 ἓ.
423 3849 684 3939 Neque,
740 3845 925 3920 Rota
980 3846 1211 3920 Decis.
1257 3851 1425 3920 312.
1487 3870 1684 3921 uum.
1735 3853 1852 3922 17.
1910 3871 1983 3942 p.
2024 3853 2096 3922 9.
2144 3854 2301 3924 Rec.
2344 3854 2658 3942 Pampil.
2702 3852 2972 3925 Admis.

300 3959 431 4029 14.
470 3954 632 4030 Iun.
682 3960 897 4030 1742.
939 3957 1012 4054 ἓ.
1058 3961 1128 4030 7.
1170 3980 1411 4032 coram
1456 3961 1880 4048 Cunilliac.;
1921 3970 2158 4035 tamen
2197 3967 2253 4035 si
2296 3972 2499 4056 pater
2533 3965 2648 4036 hic
2689 3982 2977 4034 uxorem

293 4071 615 4158 duxerit,
672 4070 864 4142 bona
920 4075 1462 4162 comparaverit,
1522 4082 1590 4146 et
1650 4075 1888 4164 plures
1941 4095 2167 4147 annos
2222 4082 2695 4147 commoratus
2732 4074 2975 4163 fuerit,

289 4191 481 4255 tunc
517 4184 705 4255 filius
742 4186 894 4273 ipse
930 4184 1298 4256 subiectus
1335 4187 1467 4255 erit
1505 4183 1854 4276 Episcopo
1893 4187 2022 4258 loci
2061 4187 2436 4280 praedicti,
2480 4194 2550 4259 et
2596 4186 2688 4258 ab
2728 4188 2979 4260 eodem

291 4290 611 4366 Ordines
677 4295 789 4366 vel
854 4294 1293 4366 dimissorias
1345 4298 1657 4396 recipere
1711 4297 2060 4386 debebit3
2140 4299 2234 4370 ita
2289 4296 2360 4370 S.
2402 4297 2477 4370 C.
2520 4298 2594 4371 C.
2656 4300 2730 4370 in
2784 4301 2986 4373 Mon-

291 4407 681 4497 tisfalz‘sci,'
725 4408 940 4479 Baln.
981 4414 1048 4480 et
1093 4408 1266 4480 Tud.
1315 4409 1568 4481 Ordin.
1615 4410 1731 4479 17.
1777 4406 1939 4479 Maii
1985 4411 2197 4480 1828.
2256 4407 2405 4481 Hoc
2442 4412 2631 4481 enirn
2684 4412 2758 4481 in
2813 4430 2986 4483 casu

291 4521 792 4610 praesumitur
843 4538 925 4591 ex
981 4519 1194 4609 laem,
1252 4521 1444 4610 quod
1500 4520 1597 4592 ibi
1653 4527 1857 4610 pater
1910 4521 2346 4593 domicilium
2384 4523 2690 4613 adeptus
2737 4523 2978 4596 fuerit.

294 4629 435 4720 Et,
493 4634 550 4704 si
596 4641 979 4725 postquam
1031 4634 1279 4707 eodem
1332 4634 1407 4705 in
1460 4634 1611 4705 loco
1648 4652 1760 4723 ea,
1803 4652 1946 4725 qua
1984 4634 2256 4706 dictum
2292 4641 2425 4725 est,
2467 4637 2745 4709 ratione
2782 4653 2986 4706 man-
