3497 5235
623 340 741 406 378
1384 340 1754 425 humationi·
1795 341 1848 399 8.
1879 340 2061 414 Congr-
2087 339 2232 398 Ocno.
2272 339 2543 416 expositio.

623 477 821 551 obire
873 471 1415 568 prohibeantur,
1492 494 1674 548 onus
1720 473 1857 547 hoc
1918 473 2010 547 ab
2065 475 2226 547 aliis
2276 492 2519 547 eorum
2570 474 2882 567 collegiis
2949 476 3246 550 sustineri

626 589 913 662 debeat.
969 585 1060 662 Et
1111 606 1286 662 sane
1325 589 1423 660 ita
1461 606 1610 660 rem
1647 587 2009 677 componit
2041 582 2251 658 Petra
2287 586 2379 658 ad
2420 586 2715 660 constit.
2762 587 2837 659 2.
2879 588 3115 660 Innoc.
3150 588 3243 661 VI.

627 721 824 775 uum.
859 701 980 773 45.
1008 707 1175 774 tom.
1208 699 1282 771 4.
1317 706 1387 772 et
1423 694 1496 771 S.
1523 697 1598 772 C.
1641 699 1712 770 in
1747 696 1873 770 fol.
1908 698 2336 772 Conversan.
2368 694 2505 769 Off.
2538 696 2710 791 Cap.
2738 700 2806 769 3.
2836 695 3033 791 Sept.
3071 700 3244 772 1729.

625 810 701 908 ἓ.
745 813 828 884 In
865 812 1243 894 similibus,
1270 817 1342 883 et
1379 811 1761 882 Pisauren.
1807 809 2168 883 Camerar.
2211 810 2331 881 21.
2364 805 2541 881 Nov.
2580 810 2794 882 1761.
2830 812 3247 883 Praesertim.

629 921 801 996 Cum
855 923 1070 1014 igitur
1102 922 1527 1013 capitularia
1561 920 1968 993 huiusmodi
2004 920 2236 994 officia
2271 922 2458 993 inter
2491 938 2567 993 se
2602 920 2880 993 diversa
2911 922 3079 1010 sint,
3106 923 3252 1012 quin

629 1035 771 1107 imo
822 1033 994 1106 alibi
1046 1033 1224 1106 alias
1290 1033 1793 1123 occupationes
1860 1031 2223 1121 habeant,
2296 1032 2466 1105 hinc
2532 1030 2605 1104 S.
2648 1030 2722 1103 C.
2766 1050 2893 1123 pro
2944 1033 3253 1105 varietate

631 1145 1021 1219 officiorum
1074 1150 1145 1217 et
1195 1145 1740 1236 occupationum
1795 1146 1970 1238 ipsis
2020 1144 2270 1217 officiis
2319 1147 2396 1216 in
2447 1144 2861 1236 particulari
2913 1145 3257 1223 inhaeren-

629 1258 811 1331 tium
864 1257 1380 1331 controversias
1432 1255 1567 1328 sibi
1621 1258 2020 1348 propositas
2072 1257 2419 1329 iudicavit
2470 1263 2690 1347 atque
2742 1257 3053 1330 diremit.
3104 1254 3259 1332 Hinc

632 1369 749 1444 die
801 1373 872 1442 3.
932 1366 1089 1442 Oct.
1139 1370 1351 1442 1671.
1410 1370 1774 1462 proposito
1842 1368 2104 1442 dubio:
2182 1392 2220 1435 ‹
2254 1367 2361 1441 An
2431 1368 2585 1459 ipse
2638 1366 3259 1463 (poenitentiarius)

633 1506 671 1551 ›
711 1487 1044 1554 teneatur
1079 1499 1439 1553 assumere
1476 1480 2165 1554 administrationem
2211 1501 2339 1554 seu
2394 1484 2876 1555 oeconomiam
2913 1481 3259 1572 bonorum,

634 1617 672 1662 ›
712 1599 782 1665 et
832 1610 1068 1669 rerum
1121 1592 1651 1683 capitularium,
1710 1611 1795 1665 ac
1845 1593 2059 1665 ceteri
2111 1594 2461 1682 canonici,
2495 1600 2567 1667 et
2602 1612 2697 1664 an
2731 1595 2946 1666 etiam
2984 1593 3265 1666 officium

632 1729 672 1773 ν»
714 1705 1157 1796 punctatoris
1184 1705 1259 1775 in
1286 1701 1609 1775 (5110τοῖ»
1642 1700 1714 1774 S.
1739 1700 1992 1797 Congr.
2019 1705 2404 1796 rescripsit.
2458 1701 2888 1799 «Negative.
2899 1730 2937 1775 ›
2973 1702 3153 1803 (Lib.
3158 1704 3259 1777 27.

631 1818 886 1891 decret.
917 1838 1089 1910 paq.
1126 1817 1269 1891 214
1282 1813 1370 1914 .).

779 1932 949 2004 208.
1009 1931 1093 2003 In
1148 1930 1533 2022 Anaqnina
1605 1929 2047 2003 Residentiae
2103 1930 2218 2001 12.
2261 1926 2456 2021 Sept.
2511 1929 2726 2003 1676.
2783 1929 2875 1999 ad
2947 1927 3261 2001 dubium.

639 2065 677 2109 ι
718 2042 825 2113 An
877 2059 1004 2133 pro
1058 2043 1402 2133 negotiis,
1458 2059 1585 2114 seu
1636 2042 2135 2114 controversiis
2195 2041 2500 2133 Capituli
2554 2042 2853 2135 obligari
2906 2043 3127 2132 possit
3173 2060 3268 2113 ca-

638 2177 676 2224 »
717 2155 1020 2226 nonicus
1057 2153 1450 2245 theologuS,
1491 2153 2086 2245 poenitentiarius
2138 2160 2262 2226 aut
2297 2155 2687 2227 canonicus
2732 2160 3022 2227 curatus
3056 2154 3269 2228 cathe-

639 2291 678 2334 )
717 2260 1047 2338 dralis‘l.»
1106 2265 1492 2338 resolutum
1546 2264 1724 2337 tuit:
1787 2260 2188 2357 «Negative
2242 2265 2480 2354 quoad
2532 2264 2939 2357 theologum
2994 2284 3076 2338 eo
3119 2271 3269 2337 tem-

638 2402 676 2447 ›
724 2395 936 2468 pore,
995 2394 1136 2465 quo
1189 2383 1472 2449 tenetur
1523 2377 1803 2469 legere3
1863 2377 2101 2467 quoad
2168 2376 2797 2469 poenitentiarium
2851 2381 2920 2449 et
2975 2382 3269 2449 curatum

640 2513 678 2558 ›
717 2484 1060 2579 Negative
1113 2490 1311 2560 iuxta
1365 2488 1649 2561 decreta
1683 2512 1721 2557 ›
1760 2482 1935 2582 (lib.
1974 2488 2098 2561 29.
2139 2490 2394 2561 decret.
2427 2507 2596 2580 paq.
2636 2485 2880 2583 307).
2939 2485 3146 2560 Ratio
3182 2503 3275 2557 re·

637 2599 1012 2673 solutionis
1063 2599 1222 2690 fuit,
1281 2599 1429 2696 (ita
1465 2599 1587 2673 fol.
1631 2602 1704 2672 in
1757 2600 2207 2675 Conversana
2259 2601 2482 2675 citata
2520 2601 2570 2673 l.
2611 2596 2780 2695 cit.)
2831 2601 3004 2691 quia
3040 2616 3273 2672 munus

637 2711 1037 2804 theologale
1090 2732 1235 2786 non
1285 2713 1465 2786 adeo
1517 2719 1622 2787 est
1675 2712 2071 2800 assiduum,
2102 2714 2311 2787 sicuti
2345 2713 2884 2806 poenitentiale.
2926 2710 3013 2784 In
3062 2713 3268 2785 moen.

650 2825 791 2898 VV.
838 2827 964 2899 SS.
992 2828 1134 2899 LL.
1167 2827 1281 2898 15.
1326 2826 1492 2918 Apr.
1529 2827 1742 2899 1690.
1786 2826 1971 2899 tacto
2008 2825 2270 2898 dubio.
2316 2847 2354 2892 ‹
2392 2825 2494 2897 An
2531 2825 2935 2917 Capitulum
2972 2829 3276 2898 teneatur

642 2955 798 3010 »se
850 2937 1209 3010 abstinere
1280 2937 1371 3009 ab
1427 2938 1773 3030 eligendis
1843 2938 2184 3009 canonico
2256 2938 2580 3030 theologo
2632 2942 2703 3010 et
2751 2935 3276 3028 poenitentiario

644 3071 683 3117 >
720 3049 797 3118 in
847 3048 1077 3122 officio
1113 3048 1446 3141 Capituli,
1478 3049 1868 3136 secretarii,
1910 3048 2333 3121 archivistae
2367 3049 2478 3121 vel
2514 3049 2811 3121 aliorum
2848 3038 3272 3120 similiumb

638 3177 1058 3252 responsum
1095 3160 1275 3235 fuit:
1336 3183 1373 3226 ‹
1403 3157 1744 3253 Negative
1776 3186 1814 3231 ›
1871 3155 2051 3253 (lib.
2076 3160 2197 3233 40.
2232 3160 2488 3233 decret.
2518 3157 2957 3258 paq.252.).
2997 3157 3084 3232 Et
3115 3156 3280 3230 ratio

638 3273 1090 3347 resolutionis
1125 3276 1199 3346 in
1235 3291 1318 3347 eo
1352 3275 1489 3346 sita
1525 3274 1682 3362 luit,
1724 3275 1922 3363 quia,
1965 3279 2045 3345 ut
2081 3272 2581 3345 animadvertit
2629 3269 2837 3345 Petra
2886 3266 3067 3367 (loc.
3097 3262 3282 3363 cit.)‚

640 3384 1050 3458 huiusmodi
1102 3385 1332 3458 officia
1385 3404 1529 3457 non
1571 3385 1950 3475 requirunt
2001 3389 2229 3457 totum
2266 3382 2652 3472 hominem,
2707 3390 2789 3456 ut
2842 3383 3000 3455 illos
3035 3403 3076 3452 a
3111 3381 3286 3453 dicto

642 3515 935 3569 munere
989 3498 1388 3570 necessario
1441 3497 1844 3585 divertant,
1900 3497 2028 3569 sed
2079 3502 2249 3568 sunt
2299 3494 2574 3583 officia,
2630 3513 2817 3584 quae
2879 3492 3291 3566 manualiter
3430 3497 3431 3560 1

639 3625 861 3699 parvo
914 3597 1270 3679 momento
1323 3609 1827 3699 expediuntur.

790 3716 878 3791 In
931 3720 1147 3792 citata
1191 3721 1640 3794 conversana
1683 3719 1815 3813 Off.
1861 3720 2032 3811 Cap.
2093 3719 2352 3808 officia,
2393 3720 2482 3792 de
2517 3717 2779 3809 quibus
2816 3736 2929 3791 res
2965 3725 3146 3804 erat,
3202 3720 3294 3786 tot

644 3850 727 3905 ac
761 3836 1002 3904 tantas
1037 3849 1276 3903 secum
1305 3830 1632 3906 ferebant
1664 3833 2194 3924 occupationes,
2236 3837 2316 3903 ut
2353 3848 2498 3902 non
2533 3830 2630 3901 ita
2665 3828 2873 3904 facile
2907 3832 3065 3902 sine
3092 3826 3296 3901 detri-
3430 3825 3431 3834 '

645 3948 885 4014 mento
921 3941 1129 4014 officii
1168 3944 1586 4034 praesertim
1624 3942 2158 4033 poenitentialis
2196 3942 2513 4033 expediri
2549 3947 2866 4033 possent,
2910 3940 3131 4014 veluti
3170 3934 3299 4010 col-

643 4053 888 4146 ligitur
938 4072 1025 4126 ex
1077 4053 1245 4125 facti
1297 4055 1559 4145 specie.
1600 4049 1832 4146 Igitur
1866 4054 1939 4125 in
1978 4055 2279 4127 comitiis
2330 4053 2447 4126 die
2502 4054 2617 4124 19.
2658 4048 3040 4126 Novembr.
3091 4048 3299 4122 1729.
3430 4033 3431 4128 J

644 4165 1089 4238 concinnatis
1143 4164 1423 4238 duobus
1474 4164 1739 4238 dubiis:
1778 4188 1816 4231 ‹
1851 4166 1920 4235 1.
1962 4165 2070 4236 An
2123 4165 2509 4238 canonicus
2559 4165 3157 4257 poenitentiarius
3210 4167 3307 4230 te-
3430 4213 3431 4238 ,

646 4300 687 4346 ›
727 4284 983 4349 neatur
1034 4294 1394 4349 assumere
1446 4294 1663 4349 onera
1716 4282 1790 4349 et
1823 4275 2053 4349 officia
2092 4276 2540 4369 capitularia,
2579 4282 2648 4348 et
2685 4277 3103 4366 praesertim
3152 4285 3311 4364 pro-
3430 4367 3431 4376 .

647 4412 686 4456 »
727 4389 1165 4462 curationem
1235 4390 1638 4481 generalem
1690 4387 1768 4460 in
1818 4385 2018 4461 casu?
2073 4390 2146 4459 2.
2209 4387 2314 4460 An
2364 4389 2751 4461 canonicus
2790 4388 3158 4479 theologus
3212 4385 3315 4452 tc·

648 4521 687 4567 »
727 4505 982 4571 neatur
1032 4499 1126 4571 ad
1177 4501 1428 4573 eadem
1479 4516 1718 4571 onera·
1752 4505 1824 4572 et
1878 4499 2108 4571 officia
2147 4500 2220 4570 in
2250 4493 2450 4572 casu?
2492 4525 2529 4567 ι»
2580 4516 2996 4590 responsum
3032 4495 3307 4570 editum

649 4614 785 4679 est:
847 4631 885 4670 ι
926 4608 1030 4679 Ad
1085 4609 1152 4678 1.
1210 4606 1580 4702 Negative.
1623 4608 1729 4682 Ad
1780 4611 1851 4681 2.
1911 4607 2172 4682 Dilata.
2209 4635 2247 4680 ›
2302 4607 2550 4701 Neque
2600 4627 2764 4683 vero
2815 4613 3115 4694 constat,
3176 4602 3310 4673 hoc

653 4716 954 4787 alterum
1006 4717 1302 4788 dubium
1353 4738 1674 4809 unquam
1727 4719 1907 4791 alias
1957 4722 2214 4793 iterum
2268 4720 2484 4795 tuisse
2534 4724 2994 4814 propositum.
