3497 5235
639 298 762 363 226
1397 294 1769 356 humationi·
1807 295 1861 354 8.
1891 295 2076 370 Gongr.
2102 293 2251 354 Oeno.
2291 297 2566 372 expetitio.

636 448 676 507 5»
715 436 929 509 simul
982 434 1438 518 conveniant,
1479 449 1640 504 cum
1696 423 1961 520 quibus
2014 430 2241 521 magis
2277 432 2353 500 in
2409 428 2708 501 Domino
2753 427 3069 519 expedire
3112 446 3244 499 cen-s.

640 574 679 621 ›
716 549 1020 633 suerint,
1086 547 1240 618 sine
1295 552 1537 615 tamen
1591 543 1702 615 vel
1758 543 2052 614 minima
2123 543 2622 614 immutatione
2675 540 2909 632 quoad
2971 540 3247 613 ecclesia·

638 686 678 732 ν
718 678 877 732 rum
927 664 1223 744 statum,
1281 674 1366 727 ac
1415 655 1571 726 sine
1626 654 1770 725 ullo
1826 672 2115 745 prorsus
2158 655 2591 726 detrimento
2646 653 2903 724 iurium
2956 670 3031 723 ac
3074 651 3251 741 privi-

639 798 679 844 ν
719 773 1092 865 legiorum,
1136 767 1401 858 quibus
1452 765 1590 858 ipsi
1642 783 2007 838 sacrorum
2065 764 2440 838 Antistites
2489 765 2803 856 legitime
2857 762 3145 855 gaudent
3183 780 3251 833 ac

642 909 681 956 ›
722 884 1121 975 potiuntur.
1167 905 1207 947 »
3396 868 3397 953 1

790 993 954 1065 160.
1000 1014 1037 1059 ‹
1069 993 1251 1063 Sunt
1288 989 1635 1061 nonnulla
1672 986 2000 1079 Capitula
2055 983 2186 1081 (ita
2227 989 2301 1059 S.
2334 985 2411 1060 C.
2448 986 2521 1060 C.
2567 988 2761 1079 apud
2810 985 3069 1059 Bened.
3097 980 3253 1055 xlv.
3396 968 3397 983 '

639 1129 679 1176 ›
719 1104 803 1176 de
841 1103 1013 1192 Syn.
1054 1102 1272 1174 dioec.
1315 1101 1437 1172 lib.
1473 1099 1676 1172 XIII.
1716 1119 1877 1191 cap.
1911 1098 1987 1172 8.
2027 1118 2103 1170 n.
2149 1097 2306 1192 13.)
2342 1099 2830 1187 ecclesiarum,
2871 1114 3050 1188 quae
3094 1113 3259 1188 prae-

641 1242 681 1284 »
721 1213 1059 1301 tendunt,
1116 1229 1192 1284 se
1242 1217 1570 1302 exempta
1621 1219 1694 1283 et
1746 1212 2157 1283 immediate
2209 1210 2880 1303 SedlApostolicae
2930 1209 3258 1292 subiecta,
3398 1216 3399 1245 ¹

637 1352 677 1399 ›
718 1327 885 1399 licet
934 1342 1177 1396 eorum
1231 1320 1561 1414 Episcopi
1609 1324 1742 1395 isto
1782 1323 2148 1415 privilegio
2204 1325 2494 1396 minime
2533 1322 2921 1415 gaudeant,
2965 1320 3080 1393 sed
3124 1318 3264 1391 sub·

637 1465 678 1511 ι
715 1440 861 1512 sint
911 1438 1061 1509 suis
1114 1432 1704 1527 metropolitanis,
1744 1432 1954 1507 Modo
2008 1436 2408 1525 quaeritur,
2475 1454 2612 1523 an,
2677 1438 2863 1508 sicut
2915 1431 3266 1525 Episcopus

637 1577 679 1619 ιι
718 1555 1094 1642 exemptus
1130 1553 1414 1621 tenetur
1448 1548 1664 1619 semel
1693 1547 1951 1638 eligere
1988 1545 2640 1638 Metropolitanum,
2672 1548 2978 1637 eiusque
3013 1542 3268 1635 Synodis
3400 1570 3401 1587 κ

637 1688 680 1735 -›
718 1659 1278 1754 provincialibus
1331 1661 1673 1733 interesse
1703 1714 1723 1749 ,
1765 1666 1835 1732 et
1888 1660 2171 1732 decreta
2227 1660 2302 1730 in
2358 1658 2496 1730 illis
2548 1659 2835 1731 condita
2888 1657 3266 1739 observare,

642 1800 681 1845 ›
722 1775 907 1846 idem
960 1772 1343 1844 dicendum
1397 1773 1492 1843 sit
1542 1772 1632 1844 de
1685 1773 1842 1844 istis
1891 1770 2241 1863 Capitulis
2293 1772 2684 1861 exemptis,
2751 1770 2861 1842 vel
2916 1769 3143 1859 potius
3184 1764 3271 1836 di·

643 1913 683 1957 »
724 1886 1034 1959 cendum
1083 1885 1203 1970 sit,
1252 1890 1334 1955 ut
1385 1883 1670 1956 decreta
1709 1884 1901 1955 illius
1952 1878 2243 1956 Concilii
2282 1881 2767 1973 provincialiS,
2807 1882 2919 1952 cui
2979 1877 3275 1952 interlue-
3402 1952 3403 1957 Ν

645 2023 683 2068 ›
724 1999 814 2069 rit
867 1996 1147 2067 illorum
1184 1991 1582 2087 Episcopus
1632 2013 1778 2065 non
1813 2001 2214 2086 exemptus,
2256 1995 2637 2066 observare
2671 1993 3015 2065 debeant.
3057 1988 3277 2061 SSritus

644 2132 684 2179 ›
721 2106 810 2178 D.
849 2103 937 2178 N.
978 2108 1197 2177 etiam
1248 2124 1335 2178 ex
1387 2107 1746 2178 sententia
1802 2104 1877 2177 S.
1917 2106 2260 2198 Congreg.
2301 2105 2516 2178 Conc.
2575 2105 3000 2192 declaravit,
3040 2106 3131 2175 ita
3176 2102 3276 2172 de·

644 2245 684 2287 »
724 2219 896 2291 bere
934 2217 1325 2291 observari.
1369 2243 1406 2286 ›
1446 2214 1559 2290 Ita
1598 2219 1858 2309 legitur
1892 2219 2013 2291 lib.
2056 2220 2116 2290 1.
2158 2219 2413 2291 decret.
2440 2238 2612 2311 paq.
2646 2216 2769 2291 51.
2802 2219 2989 2289 anni
3029 2212 3219 2288 4573.
3246 2235 3276 2279 ›

791 2331 957 2401 161.
998 2326 1209 2401 Nunc
1258 2330 1347 2402 de
1401 2330 1687 2420 Synodo
1737 2332 2163 2404 dioecesana
2220 2330 2434 2403 verba
2488 2330 2817 2419 iacimuS,
2865 2348 3086 2423 super
3132 2345 3272 2416 qua,

640 2460 873 2531 aeque
927 2460 1010 2513 ac
1060 2441 1151 2514 de
1186 2439 1470 2532 Synodo
1525 2443 1940 2532 provinciali
1975 2445 2305 2533 superius
2350 2444 2702 2533 praestiti,
2743 2443 3283 2513 animadvertere

642 2571 792 2627 non
843 2553 1117 2641 omitt0,
1158 2571 1605 2645 summopere
1657 2554 2019 2648 expedire,
2061 2563 2169 2643 ut,
2212 2563 2602 2646 antequam
2657 2554 2991 2646 Synodus
3041 2549 3285 2643 aperia-

638 2673 785 2754 tur,
828 2667 1378 2754 controversiae,
1419 2685 1605 2756 quae
1644 2667 1882 2740 forsan
1935 2668 2352 2754 obveniant,
2397 2668 2639 2757 quoad
2693 2668 2844 2739 fieri
2896 2671 3157 2756 potest,
3194 2660 3286 2731 vel

636 2778 1096 2865 dirimantur,
1139 2779 1275 2866 vel,
1328 2797 1404 2850 re
1455 2781 1769 2866 interim,
1810 2783 1915 2852 uti
1968 2782 2223 2853 melius
2275 2782 2606 2853 videatur
2660 2781 2734 2852 in
2790 2778 3116 2866 Domino,
3155 2791 3293 2867 pro-

637 2890 792 2962 visa
846 2909 929 2962 ac
980 2889 1353 2980 disposita,
1396 2891 1792 2963 decretoria
1846 2895 2203 2964 sententia
2256 2892 2350 2964 ad
2403 2893 2600 2965 aliud
2655 2901 2939 2982 tempus
3003 2891 3154 2962 sine
3198 2885 3290 2956 ul-

637 3002 780 3073 lius
831 3001 1266 3092 praeiudicio
1319 3001 1733 3095 perimenda
1787 3003 2182 3075 differatur.
2239 3002 2456 3076 Haud
2511 3004 2783 3096 pridem
2836 3005 2934 3075 ita
2993 3002 3137 3092 egit
3183 2995 3295 3067 Fa-

637 3111 1047 3185 brianensis
1097 3120 1167 3185 et
1220 3109 1754 3186 Matbelicensis
1805 3111 2205 3206 Episcopus
2254 3116 2327 3187 in
2383 3134 2496 3201 ea,
2540 3134 2727 3204 quae
2772 3114 3105 3203 sequitur
3152 3126 3295 3180 con-

639 3225 1009 3296 troversia.
1051 3223 1126 3296 S.
1171 3243 1266 3295 m.
1307 3222 1473 3297 Pius
1524 3221 1648 3295 vl.
1690 3223 2249 3299 Fabrianensem
2305 3233 2377 3299 et
2411 3223 2993 3299 Matbelicensem
3048 3224 3299 3295 dioece-

638 3335 772 3408 sim
825 3353 1056 3425 aeque
1108 3336 1596 3427 principaliter
1645 3336 1782 3408 sub
1834 3355 1981 3409 uno
2034 3337 2368 3411 Antistite
2420 3339 2915 3409 coniunxerat.
2956 3334 3134 3408 Cum
3186 3333 3299 3403 ita-

639 3465 781 3537 que
831 3444 1229 3539 Episcopus
1281 3465 1409 3538 pro
1486 3454 1803 3539 tempore
1856 3468 2049 3520 anno
2106 3450 2320 3521 1846.
2401 3450 2769 3540 Synodum
2839 3449 2912 3520 in
2978 3440 3300 3519 Fabriani

639 3559 929 3630 civitate
979 3576 1186 3651 agere
1236 3561 1635 3649 statuisset,
1677 3559 2017 3632 Fabriani
2055 3558 2465 3651 Capitulum
2520 3581 2602 3634 ac
2637 3579 2967 3653 proceres
3012 3553 3304 3632 civitatis

637 3687 787 3741 una
837 3670 1405 3760 contendebant,
1446 3672 1556 3743 ius
1593 3671 1951 3745 habendae
1991 3673 2253 3763 Synodi
2309 3674 2416 3745 ita
2458 3674 2814 3764 privative
2865 3678 3186 3764 spectare
3224 3662 3305 3738 ad

637 3781 1116 3854 cathedralem
1167 3782 1765 3866 Fabrianensem,
1814 3790 1892 3856 ut
1951 3784 2355 3875 Capitulum
2405 3785 2897 3859 Mathelicense
2967 3786 3309 3856 teneretur

631 3890 738 4000 ,ad
789 3892 995 3965 illam
1045 3892 1393 3966 accedere.
1435 3890 1664 3985 Igitur
1712 3891 2110 3986 Episcopus
2161 3897 2716 3969 controversiam
2786 3894 2860 3968 S.
2916 3892 3309 3986 Congrega·

639 4002 818 4074 tioni
868 4001 1160 4078 Concilii
1211 4004 1569 4095 subiecit,
1637 4025 1824 4097 quae
1876 4007 1953 4079 in
2006 4007 2464 4099 generalibus
2524 4009 2827 4080 comitiis
2895 4015 3310 4099 responsum

636 4109 1250 4189 Fabrianensibus
1294 4116 1665 4191 inimicum
1700 4118 2024 4208 protulit.
2069 4114 2246 4192 Vide
2281 4119 2714 4193 Fabrianen.
2754 4124 2821 4192 et
2862 4116 3310 4194 Mathelicen.

643 4224 910 4317 Synodi
966 4228 1084 4301 11.
1123 4224 1266 4301 Iul.
1312 4229 1528 4301 1846.
2976 4227 2993 4240 “

790 4337 955 4410 162.
1012 4336 1086 4413 Si
1136 4357 1304 4440 vero
1357 4341 1434 4413 S.
1470 4325 1938 4433 congregatio
1971 4339 2264 4414 Concilii
2301 4338 2625 4434 Synodos
2659 4340 3144 4434 provinciales
3179 4352 3318 4411 non

637 4445 822 4519 solet
868 4467 1033 4524 vere
1083 4470 1167 4525 ac
1216 4452 1501 4545 proprie
1553 4452 1956 4544 approbare
1979 4505 2001 4543 ,
2055 4453 2185 4526 sed
2237 4459 2521 4526 tantum
2588 4469 3142 4545 recognoscere,
3199 4446 3319 4540 Sy-

637 4556 867 4630 nodos
915 4561 1376 4636 dioecesanas
1411 4583 1501 4638 ne
1534 4566 1976 4657 recognoscit
2027 4564 2322 4656 quidem
2373 4569 2503 4637 aut
2548 4564 2923 4658 expendit.
2977 4557 3323 4656 Episcopi

637 4669 829 4741 enim
882 4672 1173 4762 plenam
1240 4692 1325 4747 ac
1391 4675 1691 4748 liberam
1744 4676 2018 4749 babent
2087 4696 2129 4749 a
2181 4676 2335 4750 iure
2400 4676 2746 4749 canonico
2812 4677 3324 4750 auctoritatem
