3497 5235
816 323 1092 399 inmun.
1135 323 1209 382 no
1247 322 1615 382 eman-inu
1653 322 2014 384 numus·
2054 319 2385 397 expositione.
2808 315 2920 380 107
2998 277 2999 280 Ὺ

415 461 524 531 15.
568 457 653 531 Id
690 460 881 531 enim
937 477 1290 531 sacrorum
1348 459 1609 531 rituum
1645 460 1854 553 periti
1908 459 2285 551 scriptores
2321 473 2749 549 magnopere
2786 457 2916 528 da-

273 579 506 646 mnant
557 566 922 665 (Bauldry
974 573 1048 642 in
1093 571 1419 645 Manual.
1466 573 1757 644 Sacrar.
1808 571 2421 647 Caeremoniarum
2473 589 2628 661 cap.
2675 568 2790 641 17.
2832 570 2917 641 de

269 687 466 759 Missa
518 683 814 755 solemni
880 690 947 755 et
1003 684 1349 775 privata,
1404 702 1579 775 quae
1647 703 1887 756 coram
1943 683 2400 756 sanctissimo
2456 684 2910 755 sacramento

268 796 557 888 exposito
591 796 981 866 celebratur
1015 814 1207 867 num.
1240 792 1387 890 2.).
1437 793 1683 868 Bissus
1719 797 2136 887 praesertim
2172 794 2349 866 haec
2385 796 2600 867 tradit
2637 792 2913 889 (Empo-

270 910 409 980 sitio
447 906 897 981 sacramenti
951 927 1024 978 η.
1065 906 1234 979 232.
1276 903 1348 1002 ἓ.
1383 905 1500 1003 5.)
1527 931 1558 979 ·.·
1633 932 1669 975 «
1712 904 1800 981 Et
1852 907 2160 980 libenter
2213 908 2530 995 adverto,
2588 908 2779 997 quod
2832 909 2906 981 in

271 1018 843 1092 »festivitatibus
895 1015 1315 1091 Sanctorum
1370 1039 1622 1114 parum
1675 1020 2007 1092 convenit
2045 1019 2388 1110 expositio
2435 1020 2903 1109 sacramenti,

272 1157 301 1196 ν
329 1132 496 1223 quia
536 1130 862 1202 diversus
898 1135 1005 1201 est
1041 1130 1276 1201 cultus
1311 1129 1762 1204 exhibendus
1814 1131 2068 1202 Sacrae
2105 1128 2593 1203 Eucharistiae
2632 1152 2671 1201 a
2708 1132 2904 1204 cultu

271 1267 300 1308 ν
330 1241 736 1314 exhibendo
788 1240 1092 1330 SanctiS,
1151 1249 1223 1314 et
1272 1250 1649 1333 praesente
1695 1241 1994 1316 Domino
2029 1244 2343 1316 omnium
2382 1263 2655 1315 summo
2692 1243 2908 1316 debet

276 1381 302 1420 2
332 1373 612 1427 cessare
650 1355 887 1426 cultus
938 1355 1383 1456 Sanctorum».
1421 1381 1459 1423 »
1516 1353 1618 1427 De
1670 1356 1804 1426 hac
1854 1374 1927 1427 re
1980 1356 2339 1454 copiosi*
2369 1357 2513 1446 agit
2549 1351 2910 1427 Thiersius

269 1463 407 1560 (lib.
437 1467 567 1539 IV.
609 1486 769 1558 cap.
805 1463 1015 1562 12),
1069 1468 1191 1557 qui
1246 1468 1661 1540 Sanctorum
1716 1468 1983 1540 cultum
2047 1468 2276 1561 reipsa
2330 1487 2369 1538 a
2422 1465 2567 1539 Deo
2620 1468 2908 1540 minime

272 1579 539 1669 quidem
592 1580 904 1670 separari
957 1586 1144 1651 recte
1195 1581 1623 1672 perpendit;
1697 1600 1857 1652 cum
1917 1584 2160 1651 tamen
2211 1600 2410 1652 sacra
2462 1577 2905 1652 Eucharistia

272 1692 512 1781 populo
585 1690 948 1763 adoranda
1016 1692 1459 1784 proponitur,
1531 1693 1895 1783 praecipui
1969 1692 2335 1764 charitatis
2403 1712 2485 1764 ac
2545 1691 2907 1783 religionis

271 1809 494 1891 actuS‚
555 1803 660 1874 uti
721 1801 824 1874 fas
876 1808 1028 1891 est,
1085 1802 1176 1874 ad
1226 1800 1448 1874 Deum
1522 1804 1727 1876 unice
1783 1804 2239 1897 diriguntur3
2314 1824 2445 1876 nec
2497 1803 2586 1875 de
2638 1802 2907 1875 honore

270 1915 529 1986 Sanctis
599 1914 1070 2005 persolvendo
1139 1922 1310 1988 tune
1369 1916 1630 2007 aliquis
1682 1917 1997 2009 cogitat3
2073 1917 2169 1987 ita
2237 1922 2317 1989 ut
2389 1916 2761 1989 consilium
2825 1935 2907 1986 ac

267 2026 582 2099 voluntas
649 2025 1008 2100 Ecclesiae
1072 2029 1358 2100 minime
1411 2028 1843 2119 perficiatur.
1910 2024 2130 2101 Nemo
2183 2030 2373 2101 enim
2427 2047 2539 2101 res
2590 2027 2681 2098 ab
2734 2027 2907 2121 ipsis

267 2138 610 2228 praeclare
668 2145 903 2232 gestas
956 2158 1339 2231 eorumque
1393 2141 1687 2212 eximias
1742 2142 2037 2213 virtutes
2090 2142 2162 2214 in
2218 2147 2529 2214 mentem
2591 2146 2902 2227 revocat,

269 2270 430 2343 quae
485 2253 700 2325 nobis
750 2252 1138 2325 imitandae
1190 2260 1739 2346 proponuntur3
1814 2271 2022 2325 nemo
2092 2253 2373 2325 illorum
2434 2252 2905 2344 patrocinium

267 2365 610 2456 implorat,
669 2383 801 2437 nec
851 2353 1041 2436 ullae
1094 2364 1237 2438 Deo
1292 2367 1557 2458 gratiae
1596 2365 2021 2454 redduntur,
2062 2365 2256 2456 quod
2292 2367 2485 2456 ipsos
2523 2365 2595 2437 in
2630 2370 2904 2456 partem

267 2484 586 2550 aeternae
642 2478 902 2570 gloriae
957 2479 1331 2551 vocaverit.
1392 2475 1581 2550 Illud
1635 2479 1848 2550 etiam
1894 2479 2279 2570 praeterire
2315 2496 2458 2550 non
2498 2495 2902 2577 possumus,

269 2591 441 2680 quod
495 2592 807 2663 maxime
857 2589 949 2663 ad
998 2590 1185 2664 hanc
1236 2590 1666 2664 sententiam
1702 2589 2003 2679 confert,
2044 2608 2202 2662 cum
2251 2589 2451 2662 festis
2487 2590 2905 2662 Sanctorum

269 2701 506 2776 diebus
559 2703 849 2797 publice
902 2705 1304 2796 exponitur.
1361 2701 1668 2774 Maxima
1722 2703 1913 2775 enim
1984 2701 2387 2793 frequentia
2455 2702 2765 2796 populus
2833 2702 2909 2773 in

267 2816 598 2910 templum
661 2818 996 2905 confluit,
1070 2816 1192 2887 ubi
1261 2823 1420 2909 post
1490 2834 1738 2908 preces
1803 2816 2006 2888 vanis
2074 2815 2443 2906 colloquiis
2512 2814 2900 2901 detinetur,

269 2933 474 3017 utque
528 2929 848 3002 animum
903 2930 1327 3001 musicorum
1382 2927 1850 3001 concentibus
1900 2927 2254 3018 intendat,
2296 2927 2736 3000 divinissimo
2782 2927 2909 2997 Sa-

268 3047 614 3112 cramento
666 3046 862 3132 terga
915 3047 1188 3112 vertere
1241 3059 1385 3113 non
1437 3040 1823 3112 erubescit.

401 3153 515 3225 16.
569 3155 640 3225 Si
676 3160 920 3225 tamen
955 3172 1182 3225 sermo
1218 3154 1308 3224 sit
1347 3154 1433 3224 de
1470 3153 1891 3244 exponenda
1924 3152 2249 3243 privatim
2279 3145 2389 3247 (1)
2424 3146 2898 3237 Eucharistia‚

266 3283 410 3334 cum
461 3265 681 3337 nullis
731 3264 1089 3338 Ecclesiae
1140 3264 1419 3357 legibus
1470 3265 1759 3358 publica
1812 3283 2026 3336 causa
2079 3270 2150 3335 et
2199 3261 2530 3354 Episcopi
2603 3259 2904 3332 facultas

264 3377 652 3449 necessario
689 3377 1172 3468 requirantur,
1227 3395 1373 3448 rem
1421 3383 1641 3450 totam
1695 3376 1787 3448 ad
1837 3373 2279 3449 Praefectum
2317 3375 2508 3447 illius
2544 3371 2902 3446 Ecclesiae

267 3488 633 3577 reficimus,
690 3489 815 3560 ubi
869 3489 977 3561 vel
1027 3507 1155 3581 pro
1205 3489 1508 3561 alicuius
1559 3489 2010 3581 aegritudine
2061 3488 2395 3577 levanda,
2451 3487 2563 3558 vel
2615 3505 2743 3581 pro
2781 3503 2907 3558 ne-

265 3601 579 3672 cessitate
632 3620 716 3672 ac
767 3600 1116 3673 desiderio
1169 3601 1468 3673 alicuius
1521 3601 1829 3694 religiosi
1880 3604 2009 3673 viri
2063 3622 2263 3673 sacra
2298 3599 2746 3674 Eucharistia
2782 3599 2907 3671 de-

262 3707 375 3781 bet
430 3714 724 3804 exponi,
782 3714 856 3786 in
909 3731 1048 3803 quo
1100 3713 1285 3786 hanc
1335 3733 1656 3787 normam
1708 3713 2228 3788 observandam
2291 3712 2898 3807 praescribimus3

267 3831 335 3895 ut
385 3843 638 3917 nempe
690 3822 1180 3899 Eucharistiae
1249 3826 1795 3900 tabernaculum
1856 3827 2080 3900 solum
2136 3828 2524 3923 aperiatur,
2582 3833 2652 3897 et
2704 3844 2901 3897 saera

262 3935 461 4026 pyxis
508 3938 778 4027 clausa,
832 3956 1104 4030 suoque
1155 3939 1505 4012 velamine
1556 3939 1842 4013 obtecta
1892 3939 2139 4032 populi
2176 3939 2399 4012 oculis
2435 3937 2900 4026 subiiciatur3

387 4300 471 4374 (1)
510 4305 804 4370 Expositio
829 4302 984 4358 SSffii
1014 4306 1361 4359 Sacramenti
1388 4306 1599 4359 dicitur
1633 4307 1897 4372 privata,
1934 4305 2150 4373 qnando
2187 4307 2285 4361 SS.
2312 4306 2727 4359 Sacramentum
2755 4309 2906 4359 clau-

255 4404 364 4440 sum
404 4390 468 4440 in
510 4392 704 4454 pyxide
743 4391 872 4442 albo
910 4406 1006 4443 suo
1043 4393 1169 4443 velo
1203 4397 1476 4457 cooperta,
1519 4396 1715 4456 aperto
1755 4392 2135 4444 tantummodo
2171 4392 2526 4443 tabernaculi
2554 4393 2757 4444 ostiolo
2783 4392 2902 4444 ado·

257 4474 462 4525 rationi
502 4474 740 4527 fidelium
778 4477 1091 4541 exponitur,
1133 4478 1267 4543 quin
1309 4478 1473 4542 pyxis
1508 4479 1846 4530 extrahatur
1884 4483 1981 4529 unt
2006 4494 2128 4530 cum
2157 4479 2342 4530 eadem
2368 4479 2566 4544 populo
2590 4479 2906 4532 benedictio

259 4557 609 4621 impertiatur
647 4561 752 4625 (Of.
787 4562 844 4614 S.
877 4562 946 4613 R.
979 4562 1039 4614 O.
1070 4561 1157 4613 31.
1185 4563 1356 4614 Mart.
1388 4562 1548 4615 1642.
1580 4567 1637 4614 et
1673 4562 1761 4615 23.
1792 4563 1932 4615 Maii
1971 4565 2151 4631 1835„
2186 4568 2243 4616 et
2272 4564 2592 4618 Gardellini
2627 4567 2908 4620 Commen-

263 4642 469 4692 tarinm
520 4642 576 4693 in
617 4643 891 4696 Instruet.
930 4646 1264 4701 Clementin.
1307 4649 1359 4712 §-
1401 4647 1488 4700 36.
1531 4664 1588 4700 n.
1619 4649 1704 4699 11.
1741 4649 1828 4700 14.
1860 4646 1984 4718 15.).
2029 4651 2325 4715 Expositio
2371 4651 2584 4705 dicitur
2630 4652 2901 4719 publiea,

259 4720 477 4791 quando
514 4726 730 4783 SSffium
766 4731 828 4783 in
865 4732 1173 4783 ostensorio
1212 4732 1272 4783 in
1309 4731 1510 4784 throno
1545 4731 1862 4785 adorationi
1898 4732 2149 4787 fidelium
2185 4737 2505 4804 exponitur.
