3497 5235
631 307 751 371 242
1392 304 1762 363 lustr-notionis
1803 305 1857 362 8.
1883 304 2069 377 Gongr.
2094 302 2243 361 Oeno.
2282 302 2554 378 expetitio.

773 440 945 512 201.
1003 436 1662 511 Extraordinarium
1728 455 2094 510 sacrarum
2163 436 2581 509 missionum
2648 434 3042 508 remedium
3094 437 3165 507 S.
3210 432 3272 509 C.

632 549 924 624 Concilii
973 550 1290 623 solemne
1342 569 1624 641 semper
1671 548 1929 622 habuit
1980 546 2355 641 Episcopis
2405 566 2802 640 proponere
2861 555 2934 619 et
2984 548 3278 639 impense

633 663 1132 739 commendare
1169 665 1242 735 in
1278 661 1892 753 responsionibus,
1949 680 2132 751 quas
2184 660 2275 733 ad
2330 661 2716 734 relationes
2762 661 2851 733 de
2886 664 3081 731 statu
3118 661 3284 731 dioe-

632 794 887 851 ceseon
940 777 1114 867 ipsis
1167 775 1408 847 mittit.
1465 771 1661 856 Quae
1714 772 2007 863 quidem
2060 774 2436 863 disciplina
2495 772 2876 844 hodiedum
2929 774 3151 845 etiam
3190 788 3285 842 ao-

634 893 877 961 curate
927 897 1276 974 servatur,
1334 886 1672 958 laudibus
1726 885 2136 974 impertitiS,
2194 884 2487 975 quando
2533 903 2657 955 eas
2693 883 3058 955 adhibitas
3095 882 3285 954 luisse

636 1000 1087 1092 perspicitur,
1142 1004 1214 1070 et
1265 999 1573 1070 stimulis
1625 998 1717 1069 ad
1770 1015 1893 1069 eas
1943 997 2320 1069 habendas
2374 996 2709 1083 adiectiS,
2765 995 3056 1085 quando
3112 1012 3287 1087 prae-

632 1114 876 1184 sertim
929 1111 1145 1182 sidem
1185 1110 1293 1182 vel
1338 1127 1568 1181 mores
1605 1112 1678 1180 in
1714 1110 1981 1202 populo
2033 1108 2410 1198 aliquanto
2462 1109 2793 1180 remissos
2838 1125 2921 1178 ac
2956 1105 3288 1178 relaxatos

634 1221 850 1294 fuisse
904 1222 1328 1295 constiterit.
1392 1218 1599 1292 Porro
1635 1239 1845 1292 nemo
1899 1220 2152 1307 nescit,
2212 1219 2474 1311 probos
2526 1219 2796 1307 ubique
2843 1218 3291 1290 hominesin-

633 1334 904 1422 veniri;
960 1332 1085 1405 sed
1125 1332 1332 1424 longe
1369 1333 1611 1423 plures
1644 1338 1843 1419 sunt,
1903 1333 2055 1422 qui,
2113 1333 2562 1422 potissimum
2600 1332 2674 1402 in
2712 1331 2882 1403 locis
2918 1330 3285 1416 montanis

635 1453 706 1519 et
759 1466 801 1517 a
853 1445 1023 1518 sede
1075 1445 1460 1536 episcopali
1514 1446 1909 1533 seiunctiS,
1983 1446 2202 1515 vitam
2271 1443 2363 1515 ab
2427 1445 2620 1515 omni
2672 1444 2932 1516 virtute
3000 1442 3289 1513 alienam

631 1558 1047 1646 traducunt,
1104 1553 1357 1650 (veluti
1394 1556 1635 1628 aiebat
1681 1575 1742 1627 s,
1781 1575 1875 1626 m.
1917 1553 2190 1628 Bened.
2230 1552 2422 1627 XIV.
2468 1556 2539 1626 in
2577 1554 3067 1628 saluberrimis
3103 1572 3292 1644 ency-

635 1670 830 1742 clicis
880 1670 970 1740 ad
1027 1668 1400 1741 Antistites
1451 1671 1650 1760 regni
1701 1665 2155 1758 Neapolitani
2212 1668 2431 1758 incip.
2494 1668 3006 1741 Gravissimum
3056 1666 3196 1738 diei
3227 1667 3286 1736 8.

638 1785 837 1872 Sept.
883 1776 1139 1876 1745.)
1197 1804 1234 1845 (ι
1267 1781 1391 1869 qui
1442 1781 1498 1851 si
1556 1799 1596 1850 a
1648 1779 1792 1850 fide
1845 1798 1988 1850 non
2042 1779 2430 1868 aberrant,
2488 1779 2591 1850 uti
2645 1778 3110 1864 conlidimuS‚
3165 1794 3294 1849 cor-

643 1918 680 1961 »
721 1893 950 1984 ruptis
1002 1900 1245 1965 tamen
1299 1890 1616 1963 moribus
1668 1909 1753 1963 ac
1803 1892 2122 1983 flagitiiS,
2168 1892 2240 1961 in
2278 1908 2354 1963 se
2391 1892 2757 1963 concitant
2807 1890 3128 1962 divinam
3181 1891 3299 1961 ira-

645 2031 683 2076 »
723 2006 1086 2093 cundiam,
1144 2013 1214 2078 et
1269 2009 1655 2096 properant
1708 2004 1802 2076 ad
1851 2005 2342 2097 sepulchrum,
2384 2007 2563 2095 quin
2610 2014 2824 2078 antea
2862 2005 3119 2095 dignos
3154 2019 3299 2095 poe-

644 2143 682 2188 »
722 2118 1071 2188 nitentiae
1124 2116 1399 2188 fructus
1450 2116 1863 2188 ostendant.
1902 2142 1940 2184 ›

785 2229 955 2300 202.
1018 2226 1271 2317 Itaque
1324 2247 1437 2315 ea,
1495 2246 1636 2317 qua
1691 2227 2011 2319 pollebat
2062 2229 2505 2319 experientia
2552 2235 2624 2302 et
2662 2247 2825 2317 usu,
2881 2226 3298 2300 admonebat

644 2363 683 2408 ι
724 2339 813 2410 ad
855 2338 1213 2430 improbos
1264 2357 1495 2411 mores
1546 2341 2030 2431 corrigendoS,
2088 2341 2211 2429 qui
2264 2341 2375 2412 vel
2426 2359 2714 2433 serpere
2766 2341 3124 2433 incipiunt
3181 2334 3298 2430 (sic

644 2476 682 2518 ›
723 2450 880 2540 ipse
933 2444 1205 2545 pergit)
1261 2451 1369 2522 vel
1406 2451 1618 2522 nimis
1655 2451 1796 2521 iam
1834 2451 2311 2541 invalescunt,
2353 2453 2463 2524 vel
2502 2452 2793 2525 tandem
2841 2452 3298 2524 diuturnitate

643 2586 681 2629 ›
722 2561 1118 2635 confirmati
1173 2561 1538 2635 dioeceses
1588 2563 1804 2635 latius
1854 2572 2349 2653 occuparunt,
2417 2565 2597 2636 nihil
2664 2565 2889 2657 magis
2940 2563 3294 2649 conferre,

641 2698 679 2741 ν
721 2692 938 2763 quam
991 2675 1299 2745 alienam
1352 2692 1557 2765 opem
1612 2693 1696 2746 ac
1746 2676 1931 2746 vires
1982 2675 2362 2765 implorare
2394 2728 2413 2765 ,
2473 2678 2804 2750 videlicet
2855 2695 3097 2750 sacras
3148 2676 3300 2746 mis-

640 2809 681 2855 »
720 2787 955 2857 siones
1007 2786 1276 2875 ubique
1327 2786 1668 2873 indicere,
1725 2787 2145 2877 praesertim
2202 2788 2285 2859 iis
2342 2790 2413 2859 in
2466 2789 2681 2877 locis,
2754 2807 2943 2879 quae
2995 2787 3218 2878 magis
3263 2804 3301 2855 a

642 2921 682 2964 ›
723 2896 1134 2968 civitatibus
1185 2897 1692 2987 seiunguntur.
1729 2922 1767 2965 »
1826 2894 1911 2968 ld
1965 2916 2130 2970 vero
2183 2900 2650 2989 plurimorum
2689 2901 3105 2974 Antistitum
3146 2916 3302 2971 cum

641 3009 940 3080 scientia
1010 3014 1162 3079 tum
1231 3011 1612 3082 sanctitate
1664 3011 1857 3082 vitae
1909 3029 1991 3082 ac
2042 3012 2390 3102 singulari
2443 3031 2611 3105 erga
2662 3031 2830 3086 suos
2882 3029 3125 3105 greges
3178 3009 3308 3082 sol-

637 3118 1010 3192 licitudine
1062 3121 1583 3211 praestantium
1635 3122 1964 3212 exemplo
2016 3124 2419 3197 confirmat.

786 3231 957 3302 203.
1018 3228 1339 3304 Iamvero
1390 3233 1449 3303 si
1503 3250 1586 3304 eo
1641 3242 1956 3324 tempore
2009 3242 2153 3306 tam
2207 3236 2382 3308 utile
2436 3255 2521 3308 ac
2572 3238 3055 3309 necessarium
3104 3252 3309 3325 repu-

635 3341 928 3413 tabatur
976 3341 1386 3414 huiusmodi
1439 3362 1806 3416 sacrarum
1860 3346 2279 3419 missionum
2329 3347 2766 3436 subsidium,
2809 3349 2983 3439 quid
3026 3349 3157 3420 erit
3208 3348 3307 3417 iu-

641 3452 1031 3525 dicandum
1092 3454 1180 3525 de
1241 3456 1600 3546 praesenti
1651 3463 2129 3547 tempestate,
2187 3476 2331 3549 qua
2397 3459 2584 3531 inter
2634 3459 2885 3532 ssdeles
2946 3466 3307 3550 tantopere

638 3560 1027 3655 refrigescit
1082 3565 1438 3655 charitas,
1504 3573 1723 3656 atque
1777 3568 1956 3640 adeo
2008 3569 2188 3640 fides
2241 3571 2395 3661 ipsa
2448 3578 2597 3643 tam
2648 3573 3025 3644 imminuta
3077 3588 3159 3641 ac
3210 3570 3311 3639 la-

638 3674 1001 3747 hetactata
1040 3676 1290 3748 misere
1327 3674 1815 3768 dignoscitur?
1869 3676 2055 3751 Hinc
2089 3676 2348 3752 SSmus
2389 3680 2471 3752 D.
2514 3679 2601 3753 N.
2649 3684 2721 3753 in
2756 3684 2905 3756 suis
2941 3680 3305 3772 encyclicis

639 3782 900 3858 Literis
937 3787 1028 3858 ad
1064 3784 1317 3861 Italiae
1352 3786 1739 3881 Episcopos
1777 3792 1995 3882 incip.
2031 3791 2268 3865 Nostis
2303 3794 2582 3885 quidem
2616 3794 2756 3866 diei
2796 3797 2869 3865 8.
2900 3793 3063 3868 Dec.
3095 3791 3302 3862 1849.

639 3894 715 3992 ἓ.
757 3898 1129 3989 Equidem,
1195 3903 1795 3992 opportunissime
1861 3909 2149 3975 monet:
2221 3927 2259 3968 «
2294 3904 2623 3978 Attamen
2676 3906 2955 3978 illorum
3016 3901 3307 4000 (nempe

644 4008 1193 4098 »parochorum
1271 4017 1342 4084 et
1419 4014 2001 4086 concionatorum
2072 4013 2438 4090 Adventus
2514 4023 2585 4091 et
2660 4009 3311 4110 Quadragesimae)

644 4143 682 4188 ›
723 4138 981 4210 operae
1035 4122 1425 4215 adiungere
1479 4125 1839 4197 interdum
1877 4133 2153 4217 oportet
2200 4130 2769 4203 extraordinaria
2820 4130 3133 4203 subsidia
3166 4126 3316 4217 spi-

644 4257 683 4299 »
723 4233 1010 4305 ritualia
1064 4237 1555 4309 exercitiorum
1609 4244 1682 4310 et
1731 4257 2097 4312 sacrarum
2150 4241 2615 4331 missionum,
2682 4261 2906 4333 quaS‚
2979 4242 3102 4314 ubi
3145 4254 3316 4328 ope-

643 4365 682 4409 »
724 4345 930 4417 rariis
999 4347 1275 4419 idoneis
1345 4349 1764 4421 commissae
1832 4350 2149 4442 fuerint,
2224 4353 2433 4426 valde
2501 4354 2765 4445 utileS‚
2844 4353 3318 4427 benedicente

645 4475 684 4519 ι»
725 4452 1049 4546 DominO‚
1092 4477 1245 4532 esse
1300 4467 1579 4535 constat
1631 4469 1786 4534 tum
1838 4462 2188 4537 fovendae
2239 4464 2597 4538 bonorum
2652 4467 2932 4557 pietati,
2972 4474 3117 4540 tum
3145 4478 3319 4554 pec-

644 4587 683 4631 »
724 4570 1085 4642 catoribus
1135 4580 1208 4644 et
1261 4572 1471 4665 longo
1508 4575 1724 4647 etiam
1778 4574 2109 4648 vitiorum
2161 4576 2420 4650 habitu
2463 4578 2877 4669 depravatis
2910 4572 3319 4649 bominibus

640 4698 680 4744 ›
720 4678 815 4750 ad
853 4671 1252 4755 'salutarem
1320 4686 1836 4776 poenitentiam
1904 4689 2305 4764 excitandis
2339 4733 2377 4780 ,κ
2437 4699 2657 4782 atque
2712 4692 2893 4765 adeo
2959 4698 3035 4764 ut
3082 4687 3315 4762 fidelis
