3497 5235
569 367 648 431 68
1328 368 1700 428 latrantium
1739 368 1794 426 8.
1822 368 2005 441 Oongr.
2033 349 2195 425 Gonu.
2220 365 2496 440 expositio:

1148 647 1285 701 Art.
1325 647 1373 700 1.
1408 647 1501 701 De
1538 646 1949 714 reparatione
1988 646 2234 700 aedium
2271 661 2617 701 sacrarum.

700 856 1122 920 Sumnamnn.
1178 851 1285 915 39.
1342 846 1438 914 Ad
1487 846 1944 914 cathedralium
1991 847 2463 932 reparationem
2510 844 2863 931 adiguntur
2925 841 3239 931 gradatim

564 952 821 1030 fabrica,
875 952 917 1018 ii
966 952 1075 1038 qui
1125 948 1589 1016 consuetudine
1641 960 1970 1027 tenentur,
2008 948 2385 1036 Episcopu5‚
2425 948 2751 1025 canonici,
2800 958 2966 1013 totus
3000 946 3240 1022 clerus,

567 1057 829 1124 tandem
874 1055 1179 1142 populus.
1215 1089 1258 1100 -
1291 1056 1401 1119 40.
1452 1051 1627 1118 Idem
1676 1051 2022 1118 dicendum
2072 1050 2154 1117 de
2204 1050 2551 1137 collegiatis
2599 1049 2866 1136 dempto
2916 1051 3246 1135 Episcopo

566 1169 634 1224 et
680 1159 853 1224 clero
900 1167 1077 1223 extra
1124 1154 1485 1221 ecclesiam.
1518 1192 1561 1203 -
1609 1157 1717 1219 41.
1771 1157 1840 1218 In
1889 1154 2060 1219 Italia
2109 1164 2173 1219 et
2220 1154 2438 1220 insulis
2485 1152 2917 1219 adiacentibus
2963 1171 3084 1238 pro
3133 1169 3230 1215 ca-

564 1260 955 1328 thedralibus
1004 1270 1068 1325 et
1115 1257 1465 1343 collegiatis
1511 1254 1816 1321 solvenda
1867 1268 1961 1322 est
2008 1257 2213 1322 media
2263 1266 2518 1323 anneta
2566 1257 2739 1321 iuxta
2789 1252 3026 1321 Bened.
3066 1256 3227 1319 Xlll.

566 1363 853 1431 Constit.·
892 1365 1050 1429 Pius
1095 1367 1156 1425 et
1201 1362 1580 1424 misericors.
1635 1396 1675 1407 -
1726 1363 1836 1424 42.
1891 1361 2122 1424 Contra
2187 1378 2378 1445 quam
2426 1379 2554 1426 non
2618 1359 2790 1424 valet
2837 1357 3236 1424 consuetudo

565 1464 755 1530 etiam
804 1460 1342 1529 immemorabilis.
1380 1496 1422 1508 -
1471 1464 1577 1526 43.
1632 1460 1970 1527 Parochiae
2014 1472 2402 1527 scutatorum
2438 1472 2698 1527 centum
2731 1459 3010 1526 reditum
3046 1478 3235 1525 exce-

563 1566 789 1633 dentes
835 1567 1045 1631 medt‘a
1093 1571 1346 1629 annata
1395 1574 1705 1629 taxantur.
1739 1601 1783 1612 -
1817 1567 1923 1629 44.
1965 1567 2033 1629 In
2067 1564 2289 1630 harum
2327 1565 2641 1630 taxatione
2675 1562 3052 1630 deducenda
3085 1574 3236 1630 sunt

484 1694 493 1713 ¹
565 1688 754 1735 onera
802 1666 923 1732 fixa
974 1676 1036 1732 et
1083 1666 1307 1743 realia,
1360 1664 1625 1731 minime
1673 1685 1828 1731 vero
1876 1668 2250 1752 personalia.
2290 1704 2333 1715 -
2379 1671 2484 1733 45.
2539 1667 2938 1755 capellaniae
2987 1668 3236 1733 laicales

562 1769 640 1836 ad
687 1781 915 1835 nutum
963 1767 1334 1834 amovibiles
1382 1770 1621 1834 mediae
1653 1777 1938 1835 annatae
1984 1788 2113 1836 non
2143 1769 2494 1834 subiacent.
2528 1806 2571 1817 -
2602 1773 2710 1835 46.
2750 1768 3242 1836 Administratio

565 1871 801 1939 cumuli
850 1872 1207 1938 mediarum
1241 1881 1642 1936 annotarunt
1675 1871 1994 1956 Episcopo
2030 1890 2174 1935 cum
2211 1870 2488 1956 capitulo
2523 1870 2944 1956 collegialiter
2973 1882 3235 1956 sumpto

566 1975 895 2059 competit.
934 2011 976 2022 -
1025 1977 1131 2039 47.
1171 1977 1279 2039 48.
1333 1973 1428 2039 Ad
1479 1972 1896 2039 refectionem
1945 1973 2356 2038 ecclesiarum
2404 1972 2858 2059 parochialium
2923 1972 3235 2058 gradatim

567 2076 928 2164 obligantur
976 2076 1255 2155 labrica3
1317 2076 1358 2140 ii
1410 2075 1519 2161 qui
1570 2074 2025 2140 constitutione
2071 2074 2368 2161 speciali,
2421 2077 2524 2140 vel
2574 2073 3044 2139 consuetudine
3095 2092 3238 2138 coa·

564 2178 727 2246 ctiva
776 2188 1100 2256 tenentur,
1150 2178 1287 2243 sive
1333 2177 1644 2264 privatae,
1694 2178 1831 2242 sive
1866 2178 2134 2242 morales
2165 2196 2476 2264 personae
2506 2176 2673 2254 sint;
2723 2176 3009 2264 parochi,
3046 2194 3236 2261 paro·

566 2280 852 2347 chiarum
898 2279 1329 2366 pensionarii,
1381 2291 1447 2345 et
1489 2280 1816 2367 simplices
1864 2277 2266 2356 beneficiati3
2317 2280 2568 2363 patroni
2633 2278 2709 2361 (si
2763 2297 2998 2364 nempe
3044 2297 3235 2343 suum

564 2384 660 2449 ius
709 2385 991 2449 retinere
1036 2384 1325 2465 vohtnt);
1378 2382 1660 2468 denique
1706 2383 1986 2467 populus
2031 2400 2151 2464 per
2197 2401 2301 2446 aes
2350 2392 2414 2446 et
2464 2380 2709 2446 libram.
2750 2418 2793 2428 -
2826 2384 2933 2447 49.
2972 2384 3137 2448 Sunt
3171 2392 3244 2446 et

565 2485 846 2551 remedia
895 2485 1429 2563 extraordinaria,
1482 2486 1678 2551 veluti
1731 2504 1957 2550 census
2007 2480 2355 2570 impositio,
2408 2484 2727 2561 alienati0,
2781 2495 3111 2561 mutuum,
3167 2493 3236 2549 et

559 2588 673 2654 alia
723 2587 785 2654 id
835 2606 1036 2675 genus
1085 2608 1164 2654 ex
1210 2588 1408 2676 gratia
1458 2587 1820 2675 Apostolica
1870 2586 2291 2673 impetranda.
2329 2624 2372 2634 -
2423 2590 2533 2653 50.
2583 2588 2751 2664 Quae
2801 2578 2918 2673 pro
2969 2585 3238 2652 ecclesia

561 2690 900 2778 parochiali
962 2693 1195 2757 sancita
1242 2700 1427 2769 sunt,
1498 2691 1714 2756 valent
1766 2692 1961 2756 etiam
2022 2709 2139 2777 pro
2204 2689 2395 2755 domo
2457 2689 2716 2774 parochi
2783 2689 3154 2775 reparanda.
3193 2727 3240 2738 -

563 2783 672 2861 51.
709 2799 923 2860 Donec
970 2794 1195 2860 domus
1241 2793 1613 2881 parochialis
1664 2794 2068 2871 instauratur,
2121 2803 2332 2880 potest
2380 2794 2731 2880 Episcopus
2773 2792 3052 2877 parocho
3084 2811 3238 2878 per-

561 2897 844 2974 mittere,
896 2909 966 2963 ut
1016 2895 1277 2962 domum
1310 2895 1489 2962 aliam
1524 2894 1778 2961 interim
1812 2894 2211 2960 conducat.-
2244 2896 2349 2960 52.
2388 2895 2696 2960 Ecclesias
2728 2894 3049 2980 simplices
3091 2894 3240 2959 resi·

563 3018 710 3064 cere
760 3010 1061 3066 tenentur
1106 2998 1412 3085 gradatim
1460 2998 1714 3074 fabrica,
1763 2997 1871 3082 qui
1910 3017 1990 3062 ex
2026 2999 2256 3084 legam,
2306 3007 2569 3072 statuto,
2621 2997 2721 3060 vel
2753 2985 3242 3061 'consuetudine

564 3102 961 3187 obligantur3
1016 3102 1315 3167 ecclesiae
1363 3112 1594 3179 rector,
1646 3101 1882 3186 aliique
1930 3100 2333 3177 beneficiati3
2386 3101 2640 3165 tandem
2696 3100 2986 3183 patroni3
3039 3098 3130 3175 hi,
3182 3100 3237 3165 si

559 3215 854 3282 renuant,
887 3205 984 3269 vel
1012 3205 1345 3291 privantur
1372 3204 1508 3269 iure
1534 3214 1927 3288 patronatuS‚
1948 3204 2048 3268 vel
2079 3203 2229 3268 iuris
2255 3201 2555 3267 remediis
2580 3214 2968 3288 coguntur.-
2986 3205 3092 3267 53.
3119 3205 3240 3267 Po-

560 3316 681 3371 test
706 3307 1081 3393 EpiscopuS,
1113 3306 1202 3370 uti
1236 3305 1418 3375 Sedis
1438 3307 1837 3392 Apostolicae
1864 3304 2209 3392 delegatus,
2241 3303 2470 3370 auditis
2499 3305 2800 3369 interesse
2825 3303 3240 3380 habentibuS,

563 3407 905 3473 transferre
955 3407 1261 3474 beneficia
1294 3408 1370 3473 ab
1404 3408 1685 3474 ecclesiis
1719 3409 2009 3494 collapsis
2060 3410 2121 3474 in
2155 3408 2299 3472 alias
2334 3407 2625 3472 ecclesias
2673 3405 3035 3472 viciniores.
3076 3408 3240 3471 Item

557 3519 772 3594 potest
821 3509 1080 3596 adigere
1127 3508 1532 3576 beneficiatos
1579 3509 1657 3576 ad
1704 3511 1928 3576 barum
1980 3511 2526 3576 restaurationem.
2597 3513 2754 3576 ltem
2815 3509 2891 3575 ad
2957 3509 3237 3576 futuram

560 3611 1086 3676 restaurationem
1134 3610 1414 3689 aedium,
1472 3613 1536 3678 in
1581 3633 1736 3698 quas
1786 3611 2170 3679 beneficium
2223 3612 2593 3677 translatum
2643 3624 2770 3690 est,
2820 3611 2898 3676 ad
2948 3613 3242 3677 celebra-

557 3712 801 3778 tionem
851 3713 1065 3778 Missae
1130 3713 1195 3778 in
1245 3711 1350 3778 die
1399 3713 1556 3781 sesto
1604 3714 1895 3780 Titularis
1944 3713 2278 3792 beneficii,
2331 3713 2447 3778 nisi
2498 3733 2680 3779 secus
2743 3715 2805 3778 in
2859 3715 3244 3781 fundatione

552 3826 859 3880 statutum
904 3816 1008 3881 sit.
1060 3814 1351 3900 Denique
1398 3836 1517 3903 pro
1563 3816 1886 3901 praedicta
1938 3818 2335 3904 reparatione
2386 3827 2595 3902 potest
2640 3828 3046 3901 sequestrare
3100 3816 3238 3882 fru-

555 3927 694 3982 ctus
739 3917 1163 3983 beneficiales.
1200 3954 1243 3964 -
1278 3922 1385 3983 54.
1426 3922 1587 3984 Haec
1635 3921 1850 3985 valent
1884 3918 2073 3984 etiam
2109 3919 2272 3984 circa
2309 3921 2576 4007 capellas
2625 3931 2689 3984 et
2735 3919 2944 3984 altaria
2985 3918 3236 3986 ibidem

551 4019 693 4084 sita.
728 4057 771 4068 —
804 4025 909 4087 55.
948 4020 1063 4098 Qui
1114 4018 1193 4086 ad
1244 4019 1661 4105 reparandam
1711 4023 2066 4099 ecclesiam,
2122 4021 2316 4087 iidem
2352 4022 2430 4086 ad
2464 4022 2954 4107 comparandam
2989 4043 3235 4088 sacram

551 4123 1071 4206 suppellectilem
1106 4133 1433 4188 tenentur.
1473 4123 1895 4191 Nihilominus
1945 4125 2151 4190 media
2185 4134 2441 4191 annoto
2487 4144 2615 4189 non
2651 4137 2862 4210 potest
2902 4126 3068 4212 exigi
3108 4143 3242 4209 pro

552 4224 901 4310 reparanda
948 4244 1118 4290 sacra
1165 4224 1644 4310 suppellectile.
1681 4263 1724 4274 -
1772 4230 1878 4293 56.
1933 4227 1995 4293 Si
2047 4229 2254 4292 omnia
2313 4226 2595 4292 remedia
2647 4226 2967 4305 deficiant,
3022 4228 3240 4293 eccle-

550 4324 784 4389 siarum
851 4324 1333 4393 demolitionem
1396 4329 1637 4412 poterit
1700 4329 2051 4414 Episcopus
2115 4330 2536 4413 permittere,
2603 4349 2986 4416 quamquam
3045 4342 3242 4396 caute

557 4427 901 4495 admodum
947 4450 1014 4497 se
1063 4451 1291 4520 gerere
1340 4431 1556 4499 debet.
1610 4470 1652 4482 -
1700 4437 1807 4499 57.
1863 4434 2213 4520 Responsio
2262 4439 2325 4502 S.
2367 4437 2442 4500 C.
2480 4435 2611 4499 Rit.
2667 4452 2782 4519 pro
2832 4433 3113 4499 ecclesiis
3166 4444 3237 4500 et

550 4530 849 4596 altaribus
898 4534 1405 4611 reconciliandiS,
1459 4534 1565 4600 ubi
1615 4534 1916 4602 militares
1965 4538 2184 4623 copiae
2231 4535 2568 4601 stationem
2619 4535 2924 4614 fecerant,
2977 4555 3046 4599 ac
3078 4553 3237 4620 per-

551 4634 746 4698 multa
782 4633 1005 4700 damna
1041 4636 1474 4701 intulerant.—
1508 4641 1614 4704 58.
1662 4641 1728 4704 S.
1766 4641 1836 4704 C.
1879 4642 2073 4705 Conc.
2115 4638 2179 4703 in
2210 4640 2339 4703 suis
2375 4639 2895 4724 responsionibus
2943 4642 3242 4724 (quando

554 4738 671 4804 alia
718 4739 999 4806 remedia
1045 4759 1176 4807 non
1222 4740 1507 4827 prosint)
1569 4742 1740 4827 piam
1788 4740 2082 4808 fidelium
2129 4744 2575 4811 liberalitatem
2622 4744 2905 4811 excitare
2954 4762 3075 4830 pro
3124 4762 3242 4811 ec·
