3497 5235
601 307 679 369 44
1368 309 1654 369 lnntruoti·
1696 309 1751 368 s.
1776 307 2201 384 omgrogstioni·
2242 308 2467 370 conani.

600 454 669 519 et
720 464 814 518 an
866 445 1104 535 aliqua
1157 444 1500 518 beneficia
1552 445 1820 520 tuerint
1891 444 2121 518 eidem
2198 445 2400 519 unita
2432 497 2452 533 ,
2507 450 2580 519 et
2655 443 2731 516 in
2804 443 3240 533 universum,

602 558 894 648 quinam
946 563 1019 629 et
1069 564 1242 646 quot
1287 558 1429 628 sint
1479 557 1751 630 reditus
1800 557 2142 649 praedicti
2193 556 2579 630 seminarii.

746 667 835 739 X.
894 666 1239 740 Numerus
1266 669 1750 760 hospitalium,
1782 668 2261 762 collegiorum,
2291 666 2949 743 confraternitatum
2978 673 3046 739 et
3077 665 3252 737 alio-

599 799 757 852 rum
809 780 1117 852 locorum
1175 782 1475 871 piorum,
1532 798 1716 871 quae
1767 788 1937 854 sunt
1989 780 2064 852 in
2113 776 2576 872 Episcopatu,
2619 778 3244 872 Archiepiscopatu

601 899 727 965 aut
777 890 1296 979 Patriarohatu,
1353 899 1421 964 et
1474 892 1768 982 quinam
1821 894 1965 966 sint
2016 910 2258 965 eorum
2306 893 2606 983 reditus.
2714 980 2726 995 ἡ

748 999 873 1073 XI.
933 1001 1041 1073 An
1093 1002 1331 1074 adsint
1384 1008 1658 1075 montes
1708 1004 2023 1093 pietatis,
2079 1010 2149 1076 et
2199 1009 2375 1094 quot
2425 1006 2597 1092 sint,
2652 1022 2797 1077 una
2849 1021 3009 1076 cum
3087 1001 3249 1073 aliis

600 1114 1116 1203 consimilibuS,
1174 1114 1265 1185 ad
1313 1120 1589 1186 statum
1642 1114 2079 1187 materialem
2130 1115 2466 1187 ecclesiae
2516 1113 3034 1207 spectantibus;
3082 1128 3246 1185 cum

602 1228 1047 1300 advertentia
1101 1234 1338 1299 tamen
1369 1277 1390 1315 ,
1463 1232 1544 1298 ut
1613 1223 1822 1315 plena
1875 1232 2108 1298 status
2160 1225 2546 1299 materialis
2597 1227 2844 1300 relatio
2895 1226 2969 1298 in
3020 1224 3250 1316 prima

601 1341 941 1414 relatione
995 1345 1320 1425 tantum,
1377 1353 1563 1426 quae
1611 1335 1691 1409 fit
1745 1334 1838 1408 ab
1887 1332 2265 1428 Episcopo,
2321 1336 2857 1430 Archiepiscopo
2924 1343 3049 1409 aut
3116 1330 3255 1405 Pa-

601 1450 938 1538 triarcba,
994 1449 1465 1534 exhibeatur3
1528 1446 1603 1518 in
1652 1445 2261 1539 subsequentibus
2310 1449 2500 1521 enim
2551 1447 3019 1522 relationibus
3072 1446 3251 1518 satis

580 1563 763 1649 erit,
819 1560 1012 1652 quod
1064 1561 1198 1652 ipsi
1249 1576 1325 1630 se
1376 1556 1687 1629 referant
1738 1557 1831 1630 ad
1883 1560 2210 1652 primam,
2267 1560 2402 1632 nisi
2457 1559 2728 1649 aliquid
2781 1560 2973 1647 novi,
3028 1556 3251 1652 perti-

601 1692 778 1747 nens
831 1673 922 1746 ad
974 1672 1240 1744 dictum
1291 1675 1557 1742 statum
1626 1670 2089 1760 materialem,
2147 1673 2611 1763 contigisset,
2669 1671 2860 1761 quod
2937 1668 3249 1743 reterens

602 1781 1114 1858 notificandum
1166 1780 1422 1854 Sacrae
1479 1778 2021 1873 Congregationi
2076 1782 2535 1857 existimaret.

599 2017 701 2092 11.
760 2022 861 2093 De
912 2017 1208 2092 secundo
1259 2016 1624 2089 relationis
1674 2018 1901 2107 capite
1941 2018 2333 2109 pertinente
2384 2018 2479 2091 ad
2530 2020 2756 2110 ipsum
2802 2018 3254 2111 Episcopum,

1036 2128 1684 2222 Archiepiscopum,
1726 2128 2121 2201 Primatem
2168 2136 2231 2202 et
2272 2131 2798 2203 Patriarcham.

759 2337 847 2413 In
896 2339 1032 2412 hoc
1080 2338 1311 2430 capite
1359 2337 1614 2428 exponi
1668 2337 1999 2411 debebit:

758 2449 820 2523 I.
878 2452 987 2524 An
1037 2449 1462 2524 residentiae
1514 2457 1995 2540 praeceptum,
2052 2469 2093 2520 a
2143 2450 2361 2521 sacris
2437 2449 2828 2523 canonibus
2859 2502 2880 2538 ,
2934 2447 3247 2525 Concilio

606 2564 1019 2640 Tridentino
1086 2569 1158 2637 et
1224 2559 1739 2636 Constitutione
1793 2557 2077 2634 Urbana
2146 2562 2658 2654 praescriptum
2729 2562 3246 2655 adimpleverit,

606 2689 675 2754 et
728 2696 822 2750 an
873 2677 1138 2767 aliquo,
1192 2681 1265 2747 et
1317 2691 1459 2763 quo
1511 2681 1821 2764 tempore
1873 2672 2207 2762 abfuerit,
2264 2683 2334 2748 et
2386 2693 2479 2745 an
2534 2675 2716 2748 ultra
2768 2692 3043 2747 menses
3079 2693 3248 2748 con-

609 2792 910 2879 ciliares,
964 2796 1033 2862 et
1084 2804 1178 2858 an
1229 2802 1389 2857 cum
1443 2783 1551 2854 vel
1603 2785 1757 2883 sine
1809 2782 2009 2857 Sedis
2069 2783 2501 2876 Apostolicae
2552 2786 2862 2859 licentia.

745 2897 845 2972 11.
911 2899 1041 2988 An,
1094 2904 1166 2970 et
1218 2895 1498 2987 quoties
1548 2895 1888 2968 dioecesis
1939 2895 2075 2968 sibi
2128 2898 2540 2969 commissae
2604 2898 3075 2971 visitationem
3129 2916 3251 2970 ex-

607 3012 928 3107 pleverit.

748 3120 884 3195 IlI.
942 3121 1050 3194 An
1100 3137 1227 3211 per
1275 3136 1350 3192 se
1416 3118 1525 3190 vel
1590 3135 1717 3209 per
1781 3120 1998 3192 alium
2072 3116 2491 3213 Episcopum
2556 3139 2797 3195 sacras
2862 3120 3253 3195 ordinatio-

607 3255 733 3310 nes
784 3233 1209 3326 expleverit,
1265 3238 1334 3304 et
1385 3228 1917 3304 Sacramentum
1984 3229 2550 3305 confirmationis
2614 3233 3245 3307 administraverit.

747 3344 874 3419 IV.
936 3345 1066 3435 An,
1121 3353 1193 3419 et
1244 3345 1520 3435 quoties
1571 3344 1931 3434 Synodum
1983 3343 2477 3417 dioecesanam
2512 3345 2838 3435 coegerit3
2879 3352 2949 3417 et
2985 3344 3044 3415 si
3079 3341 3250 3435 Epi-

606 3477 864 3552 scopus
915 3458 1091 3531 nulli
1150 3456 1684 3549 Archiepiscopo
1736 3455 2099 3528 subiectus
2147 3457 2267 3546 sit,
2309 3474 2400 3527 an
2437 3455 2529 3528 ad
2566 3453 2924 3546 Synodum
2961 3456 3250 3545 provin-

602 3572 851 3647 cialem
906 3571 1060 3643 eius
1115 3566 1656 3660 Archiepiscopi,
1713 3583 1925 3656 quem
1993 3566 2085 3664 ad
2137 3567 2457 3640 tramites
2525 3563 2917 3639 Tridentini
2991 3565 3250 3658 eligere

601 3690 913 3770 tenetur,
970 3687 1049 3754 ut
1098 3681 1247 3752 eius
1299 3679 1581 3770 Synodo
1633 3677 2047 3770 provinciali
2103 3678 2407 3766 intersit,
2464 3677 2866 3766 accesserit3
2922 3684 2993 3750 et
3042 3679 3102 3750 si
3156 3678 3252 3750 sit

602 3793 1211 3888 ArchiepiscopuS,
1268 3810 1364 3863 an
1415 3790 1776 3880 Synodum
1840 3789 2342 3881 provincialem
2391 3787 2720 3863 habuerit
2753 3843 2775 3881 ,
2829 3797 2900 3864 et
2953 3791 3253 3881 quinam

603 3907 1030 3999 suffraganei
1083 3906 1312 3978 eidem
1350 3902 1827 3976 interfuerint.
2751 3991 2758 3994 .

746 4015 830 4089 V.
888 4017 995 4089 An
1045 4016 1339 4089 verbum
1393 4013 1515 4088 Dei
1569 4032 1693 4105 per
1747 4014 2055 4106 seipsum
2109 4015 2646 4107 praedicaverit,
2700 4024 2772 4090 et
2808 4034 2900 4089 an
2934 4015 3255 4109 legitimo

603 4139 1062 4204 concurrente
1115 4128 1645 4219 impedimento,
1718 4128 1902 4198 viros
1955 4127 2241 4200 idoneos
2312 4130 2774 4221 assumpserit
2841 4129 2934 4201 ad
3000 4128 3259 4203 huius-

604 4241 790 4313 modi
844 4239 1389 4334 praedicationis
1441 4237 1745 4310 officium
1801 4237 2181 4312 salubriter
2232 4242 2791 4330 exsequendum.
3043 4269 3048 4272 ·

752 4348 873 4421 vl.
934 4351 1038 4425 An
1088 4351 1353 4424 habeat
1405 4350 1913 4442 depositarium
1965 4368 2350 4441 poenarum
2421 4359 2491 4425 et
2543 4354 2968 4427 muletarum
3034 4371 3259 4448 pecu-

604 4464 1022 4553 niariarum,
1079 4470 1151 4536 et
1200 4483 1293 4536 an
1345 4463 1632 4535 eaedem
1689 4460 1947 4534 fuerint
2002 4464 2136 4557 piis
2185 4462 2434 4535 usibus
2486 4465 2911 4558 applicatae.

750 4570 911 4646 vll.
967 4570 1334 4656 Quaenam
1387 4581 1581 4664 taxa,
1639 4583 1707 4647 et
1761 4594 1855 4647 an
1907 4570 2423 4648 Innocentiana
2492 4577 2567 4648 in
2618 4596 2748 4650 sua
2817 4575 3263 4653 Cancellaria

609 4686 1049 4763 observetur.
