3497 5235
515 299 638 374 Gap.
662 301 734 358 11.
775 300 849 357 Do
886 300 1150 374 Epinoopo,
1189 298 1598 373 Archiopiuoopo,
1637 295 1866 354 Primnto
1907 295 1964 353 ot
2001 294 2326 353 Patrium.
2368 294 2423 369 ἓ.
2457 295 2506 350 4.
2732 291 2851 356 225

225 460 252 505 >
280 441 454 508 ctum
487 433 922 525 praefatum.
962 430 1103 504 Eos
1139 431 1629 515 nihilominus,
1672 431 1796 519 qui
1851 428 1960 500 vel
2008 446 2311 518 quorum
2364 433 2851 499 antecessores

223 547 402 616 »iam
453 545 673 617 semel
729 552 888 634 post
940 541 1437 615 Tridentinum
1490 543 1862 632 elegerunt
1914 538 2565 632 Metropolitanum,
2624 540 2853 612 teneri

224 664 449 727 »stare
500 657 878 741 electioni3
935 661 1144 747 prout
1198 656 1416 726 etiam
1468 650 1887 743 Episcopos,
1929 652 2049 741 qui
2090 670 2129 720 a
2170 652 2536 742 provincia
2590 647 2854 723 Roma-

223 788 379 855 νου,
420 768 612 838 inter
664 767 896 838 dictas
945 764 1360 855 Capuanam
1416 773 1485 837 et
1540 761 1874 837 Pisanam
1927 765 2344 847 constituta,
2387 762 2646 833 divulsi
2699 761 2857 834 fue-

222 905 250 946 »
276 887 450 965 runt,
491 885 562 950 et
601 879 945 969 assignati
982 874 1428 968 Suffraganei
1466 876 1930 950 ecclesiarum
1968 875 2041 944 in
2088 873 2676 965 metropolitanas
2713 874 2856 947 ele-

225 1014 253 1057 »
282 998 566 1076 ciarum,
609 989 840 1061 eidem
896 988 1218 1061 subesse.
2632 1000 2645 1021 ·

331 1126 366 1169 ›
401 1100 698 1190 Quart0,
730 1100 1121 1193 Episcopos
1150 1119 1313 1174 vere
1351 1101 1763 1172 immediate
1791 1100 2153 1173 subiectos
2181 1097 2627 1190 Apostolicae
2658 1098 2852 1190 Sedi,

225 1216 385 1303 »qui
431 1220 606 1285 sunt
659 1221 854 1286 extra
894 1212 1293 1305 praefatam
1349 1212 1782 1302 provinciam
1829 1208 2257 1300 Romanam,
2301 1211 2714 1302 ubicunque
2750 1214 2856 1283 lo-

224 1344 504 1397 ›corum
555 1326 971 1412 existenteS,
1013 1326 1301 1397 omnino
1353 1325 1581 1395 teneri
1638 1325 1899 1415 eligere
1971 1322 2598 1415 Metropolitanum
2654 1325 2852 1396 iuxta

224 1462 254 1506 ›
283 1438 629 1509 decretum
685 1434 971 1509 Concilii
1009 1432 1417 1508 Tridentini
1473 1438 1662 1507 Sess.
1705 1436 1827 1506 24.
1870 1454 2030 1527 cap.
2073 1437 2144 1506 2.
2186 1436 2277 1507 de
2312 1434 2634 1524 reform„
2679 1454 2860 1526 qua-

225 1554 474 1619 ›tenus
527 1548 661 1637 ipsi
736 1547 845 1619 vel
899 1565 1141 1619 eorum
1195 1554 1687 1620 antecessores
1741 1549 1883 1618 iam
1937 1566 2078 1619 non
2135 1548 2502 1638 elegerint.

332 1684 369 1727 ›
406 1657 699 1747 Quinto,
740 1658 1056 1731 Abbales
1109 1659 1430 1748 aliosque
1485 1658 1845 1731 Praelatos
1898 1659 2269 1731 inferiores
2333 1659 2618 1731 Nullius
2672 1661 2860 1733 dioe-

220 1772 463 1854 ›cesis,
500 1770 855 1842 habentes
908 1772 1466 1843 iurisdictionem
1536 1773 2273 1862 quasi-episcopalem
2337 1773 2412 1842 in
2466 1772 2730 1843 clerum
2785 1780 2858 1845 et

219 1906 249 1949 ›
277 1884 636 1974 populum,
671 1902 834 1954 cum
862 1883 1214 1956 territorio
1259 1890 1616 1976 separato,
1648 1885 1878 1955 teneri
1908 1885 2171 1976 eligere
2197 1881 2852 1975 Metropolitanum,

223 2016 253 2058 ›
285 2002 352 2065 ut
401 2013 646 2085 supra.

334 2131 370 2176 ›
414 2109 652 2192 Sexto,
685 2103 740 2177 E
751 2109 1100 2197 piscopos,
1132 2106 1452 2180 Abbates
1477 2115 1545 2180 et
1582 2106 1946 2180 Praelatos
1974 2107 2366 2195 inferiores,
2402 2109 2527 2197 qui
2555 2107 2852 2195 debent,

219 2241 249 2285 ›
281 2225 352 2289 ut
402 2237 647 2309 supra,
698 2220 957 2309 eligere
1028 2215 1650 2308 Metropolitanum
1684 2273 1702 2307 ,
1771 2220 1903 2290 etsi
1957 2239 2102 2290 non
2160 2226 2540 2292 teneantur
2595 2221 2856 2310 eligere

217 2350 247 2394 ›
277 2330 711 2415 viciniorem,
751 2330 1013 2401 debere
1063 2337 1334 2417 tamen,
1376 2332 1577 2401 iuxta
1630 2330 1901 2402 dictum
1947 2331 2312 2403 decretum
2365 2329 2655 2403 Concilii
2709 2329 2860 2403 Tri·

210 2461 241 2505 ›
274 2441 569 2529 demini,
613 2442 926 2512 vicinum
978 2443 1284 2532 eligere3
1343 2441 1535 2532 quod
1571 2450 1679 2514 est
1734 2443 2280 2534 intelligendum
2319 2445 2408 2516 de
2446 2464 2591 2517 non
2643 2445 2857 2516 nimis

211 2574 242 2620 ›
276 2553 474 2645 longe
528 2554 874 2641 distante,
916 2553 1162 2625 habita
1215 2555 1489 2626 ratione
1539 2556 1934 2646 regionum.
1983 2580 2019 2625 ›

329 2663 504 2739 Heio
557 2661 691 2737 loci
745 2666 836 2737 ad
892 2674 1229 2754 quartum
1282 2667 1579 2738 dubium
1636 2668 1829 2756 quod
1883 2669 2167 2756 attinet,
2209 2671 2490 2741 silentio
2543 2676 2859 2760 praeter-

201 2777 289 2847 ire
337 2778 585 2864 nolim,
647 2796 790 2848 non
844 2778 943 2848 ita
994 2778 1269 2869 pridem
1316 2779 1431 2849 die
1485 2780 1607 2850 26.
1655 2776 1846 2850 Iunii
1899 2783 2071 2850 anni
2118 2782 2328 2854 1865.
2370 2783 2655 2855 cuidam
2692 2779 2863 2871 Epi·

203 2906 394 2980 scopo
447 2896 651 2962 extra
706 2887 1015 2977 Italiam,
1075 2890 1196 2978 qui
1251 2897 1541 2963 sanctae
1593 2890 1754 2962 Sedi
1824 2893 2235 2964 immediate
2289 2894 2622 2964 subditus
2675 2899 2854 2981 erat,

200 3019 236 3068 a
283 2997 350 3071 S.
392 3000 467 3072 C.
512 3001 760 3089 Conc.,
800 3002 970 3072 dum
1009 3002 1327 3073 eiusdem
1384 3003 1706 3073 relationi
1763 3003 1852 3074 de
1904 3011 2098 3076 statu
2144 3005 2485 3076 ecclesiae
2522 3005 2655 3093 ipsi
2694 3022 2866 3074 con-

200 3114 501 3184 creditae
556 3113 1047 3203 responderet,
1091 3115 1164 3184 in
1201 3134 1357 3186 eam
1411 3117 1844 3189 sententiam
1900 3117 2334 3187 adamussim
2386 3116 2862 3205 perscriptum

194 3221 429 3310 fuisse,
489 3243 570 3296 ea
628 3228 952 3317 punctim
1007 3226 1489 3298 declaratione
1541 3247 1765 3319 penes
1816 3226 2088 3300 Bened.
2130 3226 2322 3299 xlv.
2373 3230 2708 3319 allegata.

331 3337 502 3408 159.
546 3334 635 3407 In
690 3335 940 3408 eadem
1019 3336 1578 3429 Congregatione
1632 3337 1724 3410 ad
1785 3342 1850 3410 1.
1896 3340 2193 3411 dubium
2250 3340 2636 3412 resolutum
2693 3344 2853 3427 est,

191 3447 801 3541 Archiepiscopos,
842 3450 966 3538 qui
1021 3469 1161 3520 non
1218 3450 1485 3522 habent
1540 3450 2067 3541 SuffraganeOS,
2128 3473 2268 3524 non
2321 3455 2551 3525 teneri
2606 3453 2861 3542 eligere

183 3551 818 3652 Metropolitanum
871 3562 962 3632 ad
1015 3562 1341 3634 effectum
1397 3563 1785 3635 accedendi
1841 3565 1929 3634 ad
1984 3567 2136 3636 eius
2201 3563 2863 3655 provinciale‘Con-

183 3671 450 3742 cilium.
497 3672 569 3742 Si
625 3679 870 3743 tamen
940 3671 1286 3761 fecerint,
1353 3675 1697 3746 laudandi
1778 3677 2026 3765 utique
2080 3677 2462 3764 videntur,
2529 3674 2859 3765 exemplo

176 3792 467 3873 sumpto
525 3802 566 3853 a
622 3782 835 3854 SSmo
891 3782 972 3854 D.
1015 3782 1135 3870 N„
1178 3786 1302 3874 qui
1355 3787 1427 3855 in
1485 3784 1740 3859 Literis
1792 3789 2168 3878 encyclicis
2224 3788 2394 3861 Cum
2446 3807 2667 3878 nuper
2719 3786 2862 3857 diei

177 3893 264 3964 20
318 3891 494 3965 lan.
544 3896 761 3965 1858.
806 3896 897 3966 ad
953 3895 1324 3968 Antistites
1376 3900 1751 3988 utriusque
1805 3900 2083 3972 Siciliae
2138 3903 2335 3992 regni
2392 3901 2493 3973 sic
2547 3900 2648 3970 eis
2702 3916 2867 3987 per-

173 4007 428 4078 scribit
487 4026 570 4079 eo
626 4009 808 4097 ip50,
851 4025 992 4097 quo
1045 4009 1135 4078 ad
1191 4009 1509 4098 Synodos
1563 4010 1940 4082 habendas
1993 4012 2277 4082 eosdem
2357 4012 2646 4083 excitat.
2694 4032 2730 4073 ‹
2773 4003 2864 4078 Et

174 4140 209 4183 ι
247 4137 421 4190 cum
486 4119 561 4189 in
617 4120 750 4190 isto
804 4137 1022 4208 regno
1074 4121 1404 4191 nonnulli
1457 4122 1769 4194 existant
1832 4121 2378 4214 Archiepiscopi,
2422 4123 2543 4211 qui
2600 4120 2866 4191 Suffra-

171 4253 206 4293 ι
249 4232 524 4321 ganeis
576 4239 849 4318 carent,
892 4238 964 4303 et
1018 4231 1240 4320 aliqui
1295 4233 1533 4304 adsint
1587 4231 1946 4324 Episcopi,
1990 4236 2111 4324 qui
2168 4234 2328 4305 istic
2379 4231 2865 4321 Metropolita-

169 4365 202 4411 >
240 4364 438 4414 num
530 4361 673 4414 non
727 4343 1001 4416 habent
1033 4397 1051 4431 ,
1119 4352 1335 4434 atque
1383 4329 1668 4417 idcirco'
1723 4346 2159 4435 provinciale
2212 4345 2597 4416 Concilium
2655 4360 2863 4433 agere

164 4479 199 4522 ›
238 4455 460 4527 haud
522 4462 850 4546 possunt,
893 4455 1301 4527 eorumdem
1355 4475 1716 4528 sacrorum
1775 4456 2184 4528 Antistitum
2224 4457 2646 4547 prudentiae
2701 4454 2860 4543 erit,

161 4593 196 4636 ι
234 4571 510 4642 omnia
562 4569 875 4640 locorum
923 4587 1007 4640 ac
1061 4575 1454 4659 temporum
1512 4569 1852 4641 adiuncta
1891 4567 2268 4658 diligenter
2319 4569 2744 4660 ponderare,
2785 4570 2865 4638 ut

157 4706 193 4750 »
232 4701 410 4756 cum
478 4679 625 4751 illis
679 4677 1053 4770 Episcopis
1128 4680 1222 4752 ad
1299 4679 1709 4753 huiusmodi
1772 4676 2161 4753 Concilium
2231 4680 2651 4754 habendum
2718 4694 2864 4748 una

387 4832 597 4882 Lutum,
633 4826 771 4877 Vixit.
798 4827 937 4875 sacr.
967 4827 1109 4882 Lim„
1136 4826 1254 4873 edit.
1287 4825 1379 4871 111.
1414 4824 1513 4873 Vol.
1541 4825 1584 4873 Ι.
1782 4853 1799 4868 .
2603 4828 2655 4870 15
