3497 5235
1080 335 1199 410 Gap.
1224 334 1322 392 111.
1361 335 1433 392 Do
1475 333 1610 392 clero
1652 333 1929 392 annulari.
1966 337 2020 410 g.
2048 335 2094 391 1.
2803 338 2922 403 283

294 491 424 546 vero
475 473 769 544 nimiam
804 471 984 543 haec
1017 471 1512 562 interpretatio
1547 469 2000 543 severitatem
2037 470 2334 559 redolet,
2376 490 2591 562 quam
2629 471 2701 545 S.
2734 473 2808 548 C.
2842 474 2936 547 C.

296 603 406 656 uon
439 603 691 676 parum
732 583 1201 674 temperavit3
1256 581 1612 672 siquidem
1658 582 1776 654 die
1819 581 1932 652 15.
1975 578 2145 653 Dec.
2185 582 2398 654 1605.
2442 584 2515 655 in
2552 584 2927 677 Euqubina

294 691 427 792 (lib.
469 696 585 769 10.
630 695 898 790 decret..
937 714 1017 787 p.
1062 687 1272 789 142.)
1325 695 1478 785 ipsa
1531 693 1799 767 edixit:
1873 716 1910 758 «ι
1948 689 2020 764 S.
2063 690 2138 764 C.
2179 695 2468 786 saepius
2503 696 2924 787 declaravit,

297 833 325 878 ›
355 808 621 881 decreto
675 825 833 898 cap.
870 805 988 880 12.
1047 806 1262 878 verbo
1299 825 1532 878 omnes
1584 823 1730 877 non
1785 823 1940 878 esse
1992 803 2355 878 sublatam
2408 810 2928 899 capitularibus

298 943 327 987 ›
357 919 756 992 facultatem
794 937 951 991 sese
985 919 1288 990 invicem
1340 916 1860 1006 substituendi,
1903 916 2288 989 dummodo
2325 918 2574 990 eodem
2613 926 2929 1012 tempore
2991 933 3004 942 ·

295 1054 325 1096 ι
354 1030 788 1104 substituens
836 1036 909 1101 et
960 1029 1397 1102 substitutus
1446 1027 1676 1101 eidem
1728 1029 2018 1100 servitio
2071 1027 2409 1122 adscripti
2481 1049 2625 1102 non
2676 1034 2850 1106 sint.
2886 1058 2927 1100 ι»

408 1143 524 1213 22.
566 1138 773 1214 Hanc
807 1141 1223 1214 facultatem
1262 1141 1694 1231 quibusdam
1729 1140 2013 1231 legibus
2048 1140 2299 1213 eadem
2337 1140 2410 1213 S.
2445 1139 2521 1213 C.
2561 1144 2930 1217 moderata

295 1260 397 1342 est,
427 1272 612 1345 quas
640 1254 738 1327 ita
767 1255 1174 1327 summatim
1203 1254 1492 1347 exponit
1519 1250 1991 1326 Bened.XIV.
2018 1250 2237 1351 (Inst.
2261 1255 2427 1327 eccl.
2448 1255 2616 1329 107.
2642 1252 2930 1350 η.17.),

292 1364 632 1439 videlicet:
694 1362 1021 1454 «Primo,
1079 1383 1170 1438 ne
1220 1366 1656 1438 substitutus
1708 1367 1862 1458 ipse
1916 1366 2007 1437 ad
2059 1366 2355 1439 chorum
2388 1370 2632 1441 venire
2667 1367 2930 1442 debeat

295 1477 483 1550 »illis
531 1475 834 1567 diebuS,
893 1478 1161 1568 quibus
1211 1478 1282 1549 in
1337 1477 1568 1550 locum
1622 1477 1920 1550 alterius
1972 1478 2368 1568 sufficitur3
2424 1480 2782 1567 secundo,
2840 1496 2933 1552 ne

294 1612 323 1653 ›
352 1588 414 1660 id
452 1589 865 1680 frequenter
915 1590 1329 1682 contingat3
1387 1591 1623 1678 tertio,
1663 1596 1745 1660 ut
1780 1589 2261 1683 subrogentur
2297 1593 2622 1664 canonici
2668 1592 2926 1681 solum,

294 1722 322 1764 ›
354 1699 457 1772 vel
493 1701 954 1773 mansionarii
1008 1706 1422 1793 praesentes
1459 1700 1533 1771 in
1571 1701 1890 1790 civitate,
1924 1719 2068 1773 non
2107 1720 2268 1775 vero
2304 1704 2427 1793 qui
2465 1709 2666 1775 extra
2704 1704 2926 1792 illam,

293 1832 322 1876 »
354 1812 460 1883 vel
510 1817 711 1885 extra
765 1811 1116 1884 suburbia
1167 1819 1573 1884 versantur.
1631 1809 1925 1900 Ultimo,
1984 1831 2073 1886 ne
2126 1815 2315 1886 banc
2375 1814 2790 1889 facultatem
2830 1815 2935 1886 al·

291 1946 321 1988 »
354 1925 561 1996 terius
613 1923 1101 1997 substituendi
1153 1924 1529 2000 obtineant
1567 1926 1702 1996 nisi
1737 1927 2063 1998 canonici
2111 1927 2217 1999 vel
2255 1929 2746 2018 mansionarii,
2787 1945 2931 2000 non

288 2056 320 2102 ›
354 2044 584 2110 autem
622 2039 939 2128 ipsorum
974 2036 1447 2125 coadiutoreS‚
1482 2039 1606 2128 qui
1646 2055 1775 2110 nec
1813 2038 2048 2128 reipsa
2077 2040 2428 2128 canonici,
2461 2058 2693 2130 neque
2731 2058 2935 2112 man-

294 2170 326 2216 »
358 2149 639 2222 sionarii
694 2149 1096 2239 nuncupari
1149 2155 1478 2239 possunt.
1515 2173 1554 2216 »

410 2262 528 2332 23.
587 2258 907 2342 Quatuor
957 2259 1171 2332 hasce
1226 2260 1418 2352 leges
1472 2261 1624 2352 ipse
1676 2279 1877 2332 sacer
1936 2259 2123 2333 Ordo
2177 2262 2552 2336 confirmat
2603 2262 2933 2354 pluribus

289 2369 903 2445 'declarationibus
959 2370 1194 2444 Prima
1232 2379 1341 2445 est
1375 2373 1516 2445 diei
1573 2374 1688 2444 12.
1731 2370 1902 2446 Dec.
1952 2375 2199 2463 1643„
2257 2381 2329 2448 et
2380 2377 2452 2447 2.
2495 2373 2663 2448 Dec.
2710 2373 2925 2447 1644.

284 2480 349 2553 in
393 2486 752 2576 Aquilam
803 2480 982 2581 (lib.
1023 2483 1113 2556 17
1123 2538 1139 2555 .
1175 2485 1431 2558 decret.
1462 2505 1628 2577 paq.
1672 2485 1845 2558 205.
1887 2491 1952 2557 et
1995 2480 2449 2583 paq.390.)‚
2501 2487 2626 2559 ubi
2660 2488 2935 2559 resolu-

286 2599 418 2666 tum
469 2602 603 2686 est,
662 2592 1092 2689 Episcopum
1144 2602 1571 2688 potestatem
1624 2597 1987 2671 canonicis
2041 2598 2273 2673 facere
2321 2617 2556 2690 posse,
2598 2605 2678 2672 ut
2713 2599 2929 2671 alium

290 2705 367 2778 de
416 2711 675 2800 gremio
730 2708 1083 2796 sufficere,
1127 2717 1197 2782 et
1234 2709 1520 2782 interim
1556 2709 2099 2783 distributiones
2137 2714 2421 2802 assequi
2458 2713 2765 2803 possint,
2806 2710 2931 2783 ubi
2998 2728 3003 2733 ·

285 2819 586 2893 addidit:
653 2843 690 2885 (ι
724 2821 823 2893 ita
858 2829 1131 2909 tamen,
1163 2826 1243 2891 ut
1276 2821 1686 2893 huiusmodi
1724 2821 2065 2895 facultate
2101 2824 2588 2898 substituendi
2627 2844 2771 2898 non
2805 2826 2936 2898 ab·

289 2952 323 2994 ›
355 2938 675 3020 utantur,
732 2938 805 3005 et
855 2933 1244 3004 canonicus
1294 2932 1733 3005 substitutus
1785 2933 1877 3005 sit
1927 2952 2271 3026 praesens
2324 2936 2396 3006 in
2437 2937 2748 3009 civitate.
2787 2959 2824 3005 ›

412 3041 783 3118 Praeterea
858 3047 974 3118 die
1042 3045 1164 3117 24.
1221 3042 1434 3118 Mart.
1495 3047 1708 3117 1612.
1776 3045 1851 3117 in
1905 3046 2139 3119 Alatr.
2215 3041 2437 3142 (tom.
2498 3048 2614 3120 11.
2673 3048 2928 3121 decret.

275 3170 433 3248 paq.
477 3152 688 3251 112.)
742 3158 840 3228 ita
892 3158 1309 3231 constituit:
1372 3180 1409 3223 ι
1441 3153 1513 3228 S.
1554 3154 1627 3229 C.
1672 3158 2042 3247 respondit
2094 3156 2186 3228 ad
2239 3160 2575 3249 primum,
2616 3178 2739 3231 eos
2771 3165 2937 3231 tan-

284 3289 318 3331 »
353 3273 526 3358 tum,
568 3271 692 3359 qui
746 3271 820 3341 in
872 3272 1187 3358 civitate,
1245 3269 1370 3342 ubi
1425 3277 1534 3342 est
1585 3269 2043 3358 cathedraliS,
2086 3271 2196 3343 vel
2252 3271 2325 3343 in
2364 3272 2517 3343 eius
2566 3271 2934 3343 suburbiis

281 3400 318 3446 ›
352 3389 516 3455 sunt
566 3390 1011 3474 praesentes,
1053 3401 1197 3454 non
1236 3388 1475 3453 autem
1531 3381 1710 3453 alios
1764 3398 1969 3472 posse
2016 3381 2479 3455 substituere.
2541 3381 2645 3453 Ad
2680 3400 2936 3454 secun-

281 3514 317 3555 »
353 3492 546 3583 dum,
604 3472 893 3567 causam
935 3512 1075 3566 non
1111 3495 1376 3584 requiri
1414 3493 1504 3565 ad
1542 3492 2160 3566 substituendum.
2217 3490 2417 3575 Quod
2457 3513 2622 3566 vero
2659 3492 2935 3566 monuit

279 3626 315 3667 ν
353 3598 840 3700 Congregatio,
899 3613 975 3678 ut
1026 3602 1379 3697 Episcopo
1432 3605 1624 3677 cordi
1671 3606 1791 3693 sit,
1830 3624 1923 3677 ne
1961 3606 2286 3677 canonici
2325 3624 2407 3678 ea
2444 3603 2932 3677 substituendi

281 3715 695 3791 »facultate
749 3718 1171 3805 abutantur,
1228 3735 1312 3789 eo
1361 3718 1720 3809 respexit,
1779 3735 1867 3789 ne
1921 3716 2471 3789 substitutiones
2522 3715 2935 3788 huiusmodi

277 3848 316 3891 »
353 3829 494 3903 sint
543 3831 842 3903 nimium
898 3829 1336 3920 frequenteS,
1393 3829 1586 3919 quod
1638 3827 1970 3919 Episcopi
2010 3829 2142 3901 erit
2181 3828 2500 3900 arbitrio.
2562 3827 2668 3900 Ad
2720 3846 2938 3918 quar-

274 3960 310 4005 »
349 3946 530 4031 tum,
588 3942 925 4014 absentes
976 3942 1051 4012 in
1105 3949 1339 4014 castro
1391 3941 1737 4013 dioecesis
1792 3958 1935 4011 non
1989 3959 2196 4033 posse
2251 3940 2789 4012 substituere.»
2844 3935 2937 4010 Et

268 4048 386 4119 die
425 4053 540 4124 26.
582 4051 759 4126 Feb.
809 4056 1020 4127 1650.
1065 4055 1141 4126 in
1173 4047 1635 4148 Casertana(
1648 4052 1773 4124 lib.
1819 4051 1937 4126 18.
1980 4053 2234 4125 decret.
2262 4071 2431 4144 paq.
2467 4048 2585 4123 19.
2629 4071 2675 4121 a
2709 4043 2936 4145 terqo)

268 4183 309 4225 α
349 4162 429 4234 S.
459 4163 531 4239 C.
574 4166 968 4257 respondit,
1009 4165 1493 4238 coadiutorem
1529 4164 1634 4235 uti
1671 4183 1818 4235 non
1856 4183 2064 4255 posse
2101 4163 2472 4255 privilegio
2510 4162 2729 4233 alium
2766 4162 2939 4233 sub-

251 4290 306 4341 ·›
346 4276 724 4350 stituendi.
760 4302 798 4346 ›
856 4274 1017 4350 Vid.
1061 4275 1333 4349 Bened.
1375 4271 1569 4346 XIV.
1612 4276 1742 4346 loc.
1785 4276 1909 4346 cit.
1951 4294 2026 4345 n.
2071 4274 2189 4347 18.

416 4389 535 4460 24.
575 4386 789 4461 Hisce
827 4389 1160 4462 addimus
1196 4387 1377 4460 alias
1413 4386 1936 4459 declarationes
1971 4384 2201 4457 editas
2237 4386 2309 4455 in
2337 4384 2701 4458 Asculana
2733 4387 2928 4459 Serv.

258 4498 459 4571 chor.
499 4502 619 4573 26.
662 4497 853 4573 Iunii
896 4500 1142 4573 1830.:
1204 4500 1346 4570 «2.
1409 4497 1513 4569 An
1567 4496 1892 4569 canonici
1944 4497 2132 4567 intra
2186 4495 2574 4585 civitatem,
2632 4497 2931 4589 eiusque

261 4634 301 4679 ν
348 4614 781 4686 territorium
855 4613 1203 4704 degentes
1253 4612 1531 4704 possint
1600 4626 1757 4681 sese
1827 4606 2133 4679 invicem
2182 4607 2259 4678 in
2314 4605 2581 4679 chorali
2647 4610 2934 4681 servitio

261 4746 304 4790 ι
350 4722 791 4798 substituere
843 4723 919 4794 in
972 4717 1193 4795 casn?
1248 4723 1316 4793 3.
1369 4720 1470 4791 An
1505 4720 1949 4794 sustineatur
1985 4720 2455 4810 consuetudO,
2496 4727 2574 4793 ut
2610 4719 2936 4793 canonici
