3497 5235
2283 252 2358 262 a—-b

1054 316 1127 376 Do
1164 317 1464 375 visitatione
1504 316 1771 376 Sacrorum
1808 317 2070 376 himinum:
2839 317 2878 379 5

261 445 460 546 (trist.
492 450 670 525 eccl.
702 451 830 524 lib.
854 452 927 524 5.
960 439 1115 543 cap.
1145 450 1213 524 6.
1240 470 1407 545 paq.
1437 450 1603 524 487.
1643 452 1810 525 edit.
1855 452 2065 524 Taur.
2095 450 2353 544 1746),
2381 454 2499 543 qui
2541 452 2886 524 videndus

262 571 355 636 est
385 566 685 655 insuper
720 562 851 634 lib.
886 562 957 633 4.
999 581 1155 654 cap.
1198 563 1323 633 23.
1364 581 1527 653 pag.
1575 563 1736 649 160,
1783 561 1899 634 ubi
1939 564 2274 651 ostendit,
2317 583 2454 654 qua
2494 567 2888 636 reverentia

262 673 590 746 Corinthii
646 681 798 746 tum
852 675 1042 764 ipsas
1091 671 1492 759 Clementis,
1549 681 1699 747 tum
1762 675 2048 761 Soteris,
2091 676 2281 747 illius
2317 678 2766 764 successoris,
2809 675 2892 745 li-

262 793 440 858 teras
492 786 934 876 acceperint.
975 785 1350 875 Speciatim
1405 802 1567 856 vero
1604 785 1793 875 quod
1848 789 2157 876 pertinet
2191 788 2279 858 ad
2314 785 2692 859 Clementis
2746 787 2893 878 epi-

263 896 536 983 stolam,
592 901 798 967 tanto
849 895 923 966 in
976 896 1197 986 pretio
1266 914 1348 967 ea
1410 895 1657 967 habita
1693 904 1801 970 est
1851 898 1997 969 sive
2049 916 2267 990 penes
2302 895 2695 970 Corinthios
2745 896 2893 968 sive

267 1007 432 1079 alios
501 1002 934 1093 OrientaleS,
991 1016 1066 1078 ut
1116 1006 1584 1097 subsequenti
1637 1009 1851 1080 etiam
1908 1015 2220 1099 tempore
2274 1010 2343 1080 in
2409 1009 2730 1100 pluribus
2783 1027 2897 1079 ec-

266 1118 492 1190 clesiis
546 1117 830 1207 publice
885 1118 1256 1208 legeretur.
1316 1113 1481 1209 Ipsa
1532 1136 1693 1190 vero
1730 1119 2028 1208 epistola
2080 1128 2312 1194 exstat
2347 1123 2558 1193 etiam
2597 1121 2669 1192 in
2705 1118 2889 1192 Bibl.

278 1230 410 1303 Vel.
454 1231 786 1317 Patrum,
814 1228 983 1300 edit.
1050 1229 1277 1303 Venet.
1334 1236 1502 1302 tom.
1560 1228 1633 1300 7.
1680 1249 1851 1321 paq.
1912 1230 1980 1302 9.
2038 1237 2101 1303 et
2153 1250 2292 1323 seq.
2433 1246 2443 1258 ·

406 1343 480 1414 6.
538 1339 718 1412 Dein
755 1339 1230 1412 consulendus
1265 1348 1371 1412 est
1411 1342 1560 1431 ipse
1596 1337 1949 1413 Eusebius
1985 1341 2109 1412 lib.
2153 1341 2222 1411 5.
2259 1359 2412 1431 cap.
2445 1342 2513 1413 3.
2550 1341 2891 1432 png.188,

272 1453 385 1527 ubi
442 1452 659 1525 refert
710 1451 922 1524 aliam
978 1449 1400 1542 legationem
1452 1452 1763 1524 secundo
1815 1448 2171 1523 Ecclesiae
2223 1451 2502 1523 saeculo
2539 1454 2821 1523 missam
2859 1471 2899 1521 a

274 1562 789 1638 confessoribus
863 1560 1464 1652 Lugdunensibus
1540 1564 1629 1635 ad
1706 1560 2226 1648 Eleutherium,
2277 1565 2398 1653 qui
2468 1571 2744 1635 creatus
2794 1570 2901 1636 est

274 1674 594 1749 Pontifex
646 1691 834 1745 anno
891 1673 1055 1760 1773
1113 1682 1191 1746 ut
1244 1674 1571 1747 videlicet
1620 1674 1708 1746 de
1778 1675 2233 1748 ecclesiarum
2287 1682 2478 1747 statu
2528 1675 2896 1746 referrent.

275 1785 518 1860 Confer
572 1786 785 1857 etiam
838 1784 1206 1874 epistolam
1245 1783 1557 1876 Dionysii
1595 1786 2051 1858 Alexandrini
2106 1787 2193 1856 ad
2233 1784 2504 1856 Sixtum
2541 1780 2637 1855 11.
2681 1780 2905 1878 (apud

276 1898 638 1984 Coustant,
696 1897 924 1989 Epist.
985 1895 1177 1966 Rom.
1231 1895 1442 1969 Povt.
1508 1895 1639 1967 col.
1694 1893 1878 1990 260)
1932 1904 2003 1968 et
2077 1881 2335 1967 Irflium
2389 1898 2446 1967 I.
2504 1894 2769 1989 (Epist.
2824 1895 2900 1966 2.

278 2032 346 2083 a.
397 2008 523 2082 22.
584 2008 755 2080 ibid.
813 2007 944 2078 col.
1005 2003 1219 2102 385),
1271 2008 1395 2080 ubi
1448 2009 1588 2080 alia
1639 2007 2050 2081 huiusmodi
2102 2011 2201 2081 rei
2279 2016 2732 2081 monumenta
2801 2026 2910 2080 re-

279 2124 675 2214 periuntur.

421 2234 493 2304 7.
552 2228 1156 2321 Vulgatissimum,
1197 2238 1271 2303 at
1309 2230 1716 2303 nullatenus
1751 2230 2218 2303 omittendum
2274 2230 2445 2302 illud
2485 2229 2556 2303 S.
2599 2227 2902 2317 Irenaei,

282 2344 397 2435 qui
451 2343 789 2433 magistro
842 2337 915 2411 S.
958 2336 1340 2432 Polycarpo
1391 2362 1560 2415 usus
1609 2352 1743 2432 est,
1801 2343 2178 2431 floruitque
2230 2352 2389 2433 post
2444 2342 2748 2414 medium
2802 2361 2914 2414 se-

282 2454 589 2527 cundum
640 2448 999 2523 Ecclesiae
1048 2456 1438 2525 saeculum.
1498 2476 1535 2522 ‹
1601 2453 1705 2526 Ad
1757 2453 1939 2526 hanc
1993 2452 2377 2526 Ecclesiam
2452 2451 2910 2547 (Romanam)

286 2592 319 2634 ›
354 2572 645 2656 propter
696 2563 1034 2654 potiorem
1090 2565 1684 2657 principalitatem
1736 2560 1921 2658 (ipse
1970 2562 2101 2660 ait)
2157 2583 2438 2639 necesse
2476 2574 2580 2639 est
2633 2584 2911 2637 omnem

288 2703 322 2743 ›
360 2675 737 2749 convenire
790 2674 1187 2762 ecclesiam,
1244 2677 1375 2747 boc
1425 2685 1531 2750 est
1583 2695 1729 2763 eoS,
1786 2678 1909 2766 qui
1959 2684 2127 2748 sunt
2182 2677 2498 2766 undique
2535 2677 2805 2763 fideles,
2843 2678 2914 2747 in

290 2815 322 2853 ›
360 2807 504 2877 qua
554 2801 831 2876 semper
882 2784 974 2855 ab
1027 2785 1163 2871 hiS,
1204 2787 1325 2876 qui
1370 2794 1538 2859 sunt
1575 2788 1922 2876 undique,
1964 2795 2373 2859 conservata
2412 2798 2518 2861 est
2569 2806 2680 2875 ea,
2732 2805 2916 2878 quae

289 2926 323 2968 ›
360 2907 470 2972 est
517 2898 611 2970 ab
665 2895 1015 2988 Apostolis
1065 2897 1353 2970 tradita.
1412 2924 1448 2966 ι
1505 2897 1700 2993 (Lib.
1741 2899 1816 2973 3.
1873 2906 2119 2972 contra
2168 2900 2430 2972 haeres.
2488 2920 2645 2992 cap.
2702 2898 2815 2996 3).

421 3017 495 3087 8.
550 3012 627 3087 S.
666 3012 1084 3109 Cyprianus,
1140 3012 1321 3085 Sede
1370 3009 1695 3085 Romana
1746 3016 2087 3099 vacante,
2144 3011 2328 3082 cle'ro
2381 3005 2699 3079 Romano
2762 3024 2923 3097 per-

286 3129 562 3221 scripsit
614 3128 1030 3222 epistolam,
1087 3143 1229 3215 qua
1281 3144 1534 3198 causas
1586 3122 2030 3216 exponebat,
2088 3138 2174 3193 ex
2228 3118 2530 3208 quibus,
2604 3125 2922 3209 tempore

288 3240 794 3331 persecutionis
828 3236 1228 3329 aufugerat,
1285 3239 1459 3327 quin
1511 3244 1746 3308 tamen
1801 3253 1882 3306 eo
1935 3232 2269 3323 temporis
2321 3229 2484 3302 cleri
2536 3230 2646 3301 sui
2699 3247 2927 3319 popu·

291 3351 475 3442 lique
527 3368 769 3423 curam
822 3349 1233 3422 dimitteret.
1290 3343 1555 3442 (Epist.
1583 3347 1718 3419 ·55.
1777 3346 1959 3417 inter
1998 3344 2227 3435 Opera
2276 3342 2630 3434 recoquita
2681 3360 2727 3412 a
2783 3343 2930 3412 Ste-

287 3463 515 3552 phano
540 3461 869 3543 Baluzio,
910 3460 1138 3533 Venet.
1165 3458 1376 3533 1758.
1411 3459 1541 3530 coi.
1572 3457 1731 3531 199.
1737 3451 1807 3553 ).
1849 3453 2150 3548 Insuper
2185 3456 2371 3528 idem
2407 3456 2672 3543 doctor,
2714 3472 2926 3544 quem

296 3571 558 3646 Natalis
609 3572 1008 3645 Alexander
1056 3567 1394 3668 (Dissert.
1435 3571 1507 3642 4.
1551 3570 1619 3643 1.
1660 3588 1842 3641 saec.
1883 3565 1955 3662 ξ.
1998 3566 2114 3663 at.)
2166 3567 2718 3640 versatissimum
2771 3582 2924 3636 esse

297 3686 506 3757 tradit
556 3687 632 3756 in
680 3682 1036 3756 Ecclesiae
1088 3683 1490 3777 disciplina,
1546 3676 1721 3777 (Ep.
1764 3680 1884 3752 59.
1944 3680 2074 3752 loc.
2115 3680 2236 3752 cit.
2284 3698 2455 3771 paq.
2493 3675 2670 3757 263,
2706 3682 2770 3747 et
2804 3674 2931 3746 ha-

299 3797 484 3870 betur
545 3798 762 3870 etiam
813 3797 943 3887 Ep.
988 3795 1102 3869 12.
1159 3796 1349 3887 apud
1404 3795 1736 3868 Constant
1805 3812 1881 3864 n.
1933 3792 2041 3874 9..
2093 3812 2231 3883 qua
2289 3791 2478 3883 apud
2537 3788 2929 3865 canalium

303 3909 702 4002 Pontificem
749 3926 890 3980 sese
938 3915 1270 3991 excusat,
1338 3907 1517 3999 quod
1583 3905 1929 3977 nonnulla
1991 3904 2074 3977 de
2127 3905 2497 3976 Fortunati
2564 3902 2929 3974 schismate

304 4018 510 4092 eidem
558 4039 699 4092 non
750 4015 1308 4114 significasset).-
1381 4042 1418 4084 ‹
1457 4014 1721 4090 Nactus
1773 4012 1905 4109 (ita
1957 4012 2137 4108 ipse)
2201 4022 2437 4088 tamen
2488 4014 2927 4086 occasionem

309 4128 903 4202 »familiarissimi
970 4129 1273 4202 hominis
1339 4136 1412 4202 et
1477 4129 1707 4202 clerici
1781 4147 1905 4220 per
1974 4127 2403 4201 Felicianum
2473 4127 2921 4217 acolythum,

312 4264 348 4305 s
383 4259 583 4329 quem
636 4260 797 4315 cum
848 4238 1098 4314 Perseo
1151 4248 1387 4314 nostro
1424 4241 1689 4333 collega
1743 4241 2061 4328 miseraS,
2113 4240 2294 4311 inter
2331 4246 2592 4327 cetera,
2633 4242 2926 4330 quaein

313 4374 349 4415 ι
385 4353 696 4425 notitiam
745 4361 942 4425 tuam
980 4353 1398 4445 perferenda
1442 4354 1611 4427 binc
1645 4352 1955 4441 fuerant,
2002 4353 2212 4425 etiam
2251 4354 2338 4425 de
2375 4351 2758 4427 Fortunato
2795 4355 2928 4426 isto

316 4485 350 4529 ι
388 4463 505 4535 tibi
553 4466 804 4559 scripsi
857 4490 896 4532 ι
2679 4561 2682 4566 .

440 4576 509 4648 9.
565 4576 880 4649 Alterum
931 4575 1206 4670 insigne
1268 4577 1577 4673 profecto
1628 4577 2130 4651 documentum
2202 4583 2309 4650 est
2377 4574 2462 4649 D.
2518 4572 2928 4667 Hieronymi

315 4686 587 4784 epistola
639 4684 764 4761 XI.
825 4687 916 4762 ad
972 4688 1429 4782 Agerucbiam
1482 4681 1687 4775 (tom.
1723 4692 1791 4761 1.
1838 4691 2013 4781 Ορρ.
2065 4709 2230 4782 paq.
2271 4689 2391 4761 48.
2431 4689 2598 4761 edit.
2647 4685 2928 4785 Ram).-
