3497 5235
1067 279 1186 353 Gap.
1213 280 1309 338 111.
1349 281 1424 337 Do
1465 280 1600 337 clero
1642 278 1913 337 sueultri.
1958 280 2011 353 ἓ.
2040 280 2090 337 4.
2797 272 2915 333 347

301 409 416 480 imo
460 410 715 482 etiamsi
772 411 843 481 in
892 415 1152 486 exteris
1188 414 1604 486 nationibus
1640 415 1981 500 existant,
2021 415 2079 484 si
2120 412 2359 484 nullae
2399 410 2692 496 adsunt,
2728 409 2914 479 intra

299 539 637 611 congruum
693 530 977 613 tempus
1029 524 1121 595 ab
1174 523 1526 616 Episcopo
1578 524 2191 616 praesignandum
2245 523 2497 595 confici
2553 520 2797 607 iubet,
2856 519 2914 591 si

297 650 430 704 vero
477 635 845 707 mendosae
896 636 1066 724 sint,
1124 638 1490 709 emendari
1546 645 1615 709 et
1670 637 1923 728 corrigi
1976 634 2423 727 praescribit.
2483 630 2634 704 Hoc
2671 639 2914 703 tamen

294 763 443 835 opus
488 766 525 816 a
573 746 914 837 Capitulis
986 750 1161 840 ipsis
1213 749 1672 821 condendum
1724 755 1835 821 est
1886 750 2084 819 iuxta
2140 764 2426 818 normas
2480 745 2553 815 in
2609 743 2915 814 decretis

293 855 534 929 Concilii
589 856 891 931 Romani
961 862 1462 951 praescriptas.
1537 858 1737 941 Quod
1794 879 1955 931 cum
2008 860 2099 930 ad
2152 859 2424 931 exitum
2491 855 2913 948 perductum

292 967 493 1059 inerit,
549 970 894 1065 Episcopo
948 973 1436 1045 exhibendum
1489 980 1640 1061 est,
1698 979 1816 1060 ut,
1878 978 2153 1043 maturo
2208 967 2532 1040 adhibito
2585 966 2905 1050 consili0‚

288 1083 577 1173 corrigat,
635 1103 718 1156 30
769 1085 939 1157 dein
991 1103 1164 1157 suae
1217 1085 1663 1158 auctoritatis
1717 1084 1990 1156 calculo
2043 1080 2392 1173 approbet
2428 1086 2644 1167 atque
2682 1095 2914 1147 corro-

282 1190 474 1265 boret.
532 1192 670 1267 Sed
720 1197 782 1268 si
834 1195 1158 1288 Capitula
1214 1197 1398 1267 ultra
1451 1198 1765 1287 spatium
1817 1195 2283 1267 constitutum
2341 1191 2783 1280 negligenter
2833 1204 2910 1258 se

284 1313 538 1394 gerant,
595 1305 669 1378 S.
714 1306 787 1378 C.
831 1307 906 1378 C.
965 1309 1257 1381 mandat
1309 1305 1719 1399 EpiscopiS,
1779 1312 1856 1378 ut
1910 1305 2455 1378 constitutiones
2506 1301 2640 1391 ipsi
2692 1300 2913 1370 confi-

274 1414 476 1504 ciant,
548 1437 815 1508 easque
869 1420 1192 1513 Capitulo
1261 1419 1750 1492 observandas
1826 1420 2232 1508 iniungant.
2308 1412 2390 1485 In
2444 1412 2633 1483 banc
2702 1429 2908 1500 porro

276 1529 666 1600 sententiam
722 1549 848 1620 pro
900 1532 1435 1621 opportunitate
1489 1532 1960 1603 communiter
2018 1529 2242 1601 solere
2296 1525 2617 1610 rescribi,
2676 1522 2911 1613 quoti-

271 1636 456 1708 diana
508 1640 717 1713 docet
770 1644 1237 1733 experientia.
1298 1639 1468 1738 (Cir.
1511 1641 2003 1715 Montisfalisci
2063 1642 2180 1712 16.
2222 1636 2389 1710 Iun.
2427 1633 2706 1727 1866.).

395 1750 552 1823 147.
611 1751 718 1825 Ex
769 1754 911 1842 bis,
970 1773 1155 1844 quae
1214 1756 1420 1827 modo
1474 1757 1887 1842 statuimus,
1946 1753 2253 1842 quisque
2290 1750 2511 1836 videt,
2553 1745 2908 1837 pertinere

266 1860 339 1930 ad
385 1859 800 1956 EpiscopOS,
843 1873 1115 1939 statuta
1166 1867 1681 1958 Capitulorum,
1724 1885 1910 1956 quae
1947 1867 2022 1936 in
2058 1867 2210 1935 eius
2245 1860 2550 1932 dioecesi
2586 1861 2902 1943 exstant,

259 1973 621 2067 episcopali
686 1998 818 2050 sua
881 1980 1306 2052 auctoritate
1371 1982 1689 2068 munire3
1775 1998 1858 2051 30
1909 1978 2209 2069 proinde
2287 1995 2430 2047 non
2482 1973 2661 2044 solet
2712 1970 2784 2042 S.
2826 1968 2900 2040 C.

257 2080 645 2161 huiusmodi
700 2093 991 2162 statutis
1043 2092 1557 2184 capitularibus
1610 2112 1697 2164 ex
1751 2092 2109 2163 ordinaria
2162 2086 2540 2180 disciplina
2588 2083 2780 2155 omni
2818 2099 2906 2152 ex

255 2203 434 2283 parte
485 2218 784 2290 prorsus
836 2204 1329 2294 expendendis
1364 2211 1435 2275 et
1471 2203 2022 2294 comprobandis
2069 2219 2325 2272 manus
2359 2213 2744 2290 apponere.
2785 2190 2907 2264 In-

255 2310 507 2398 tegrum
563 2320 810 2384 tamen
863 2321 999 2402 est,
1033 2314 1357 2388 eamdem
1412 2319 1484 2387 S.
1526 2315 2161 2407 Congregationem
2201 2310 2597 2395 consulere,
2631 2309 2692 2378 si
2729 2303 2904 2396 quid

251 2417 313 2489 in
360 2424 849 2510 peculiaribus
902 2427 1187 2499 casibus
1239 2435 1560 2501 occurrat
1614 2429 1966 2519 penitiore
2019 2424 2522 2515 disquisitione
2574 2420 2898 2510 dignum,

246 2532 416 2617 quod
470 2537 870 2627 episcopali
923 2540 1346 2611 auctoritate
1400 2539 1681 2611 definiri
1738 2558 1881 2611 non
1918 2539 2195 2633 possit3
2255 2535 2325 2607 id
2362 2535 2553 2606 enim
2604 2548 2908 2605 consen-

242 2645 515 2717 taneum
573 2655 689 2720 est
742 2650 1197 2740 dispositioni
1244 2650 1532 2723 Concilii
1589 2649 1923 2739 Romani,
1984 2653 2054 2722 in
2111 2668 2252 2740 quo
2308 2653 2686 2718 monentur
2735 2641 2907 2734 Epi-

237 2757 441 2847 scopi,
487 2766 570 2832 ut
631 2761 705 2832 in
757 2762 1044 2834 casibus
1089 2762 1188 2834 ibi
1225 2764 1557 2835 indicatis
1613 2788 1650 2829 (ι
1683 2763 2162 2854 Apostolicam
2202 2760 2453 2833 Sedem
2494 2756 2899 2844 consulant,

237 2883 272 2934 a
317 2886 455 2956 quo
510 2873 697 2943 iuris
747 2874 1062 2944 remedia
1116 2882 1622 2965 exspectent».

368 2981 538 3054 148.
603 2980 1088 3057 Nihilominus
1137 2986 1531 3059 identidem
1586 2989 1950 3075 usuvenit,
2011 2991 2086 3058 ut
2139 2987 2286 3056 sive
2338 2981 2690 3072 Capitula‚
2749 2978 2901 3048 sive

232 3086 602 3168 Antistites
636 3097 772 3186 ipsi
801 3097 1304 3186 capitularium
1339 3105 1767 3171 statutorum
1805 3118 1985 3190 opus
2024 3096 2095 3169 S.
2129 3092 2668 3186 Congregationi
2700 3107 2906 3179 prae-

223 3213 531 3298 sentent,
599 3216 685 3282 ut
735 3210 984 3280 eadem
1039 3218 1528 3301 recognoscat,
1586 3229 1861 3300 suaque
1912 3211 2279 3282 sanctione
2333 3200 2771 3295 comprobet.
2818 3198 2903 3270 At

219 3331 370 3389 vero
425 3321 735 3392 nonnisi
787 3340 1104 3413 perram,
1146 3329 1217 3394 et
1264 3323 1694 3412 gravissimis
1730 3328 2016 3394 tantum
2054 3316 2697 3393 intervenientibus
2734 3332 2903 3384 cau-

213 3426 330 3515 sis,
386 3432 662 3505 eadem
714 3431 850 3503 boc
901 3432 1038 3504 sibi
1094 3452 1354 3506 munus
1407 3435 1734 3507 assumit.
1786 3434 2217 3524 Aliquando,
2275 3438 2353 3504 ut
2404 3428 2775 3521 Episcopis
2827 3425 2898 3497 id

214 3541 412 3615 enixe
452 3544 973 3634 flagitantibus
1010 3565 1158 3617 rem
1199 3554 1467 3638 gratam
1499 3546 1787 3634 faceret,
1824 3548 1895 3617 S.
1922 3544 1996 3615 C.
2032 3552 2231 3616 extra
2260 3544 2581 3614 ordinem
2614 3537 2896 3624 annuit,

212 3657 288 3723 ut
333 3673 488 3726 non
530 3658 615 3726 in
655 3656 887 3745 plenis
919 3658 1250 3744 0011111115,
1292 3658 1446 3746 sed,
1488 3666 1567 3730 ut
1601 3659 1700 3730 ita
1755 3659 2015 3745 dicam,
2057 3658 2336 3750 privata
2375 3649 2899 3745 quodammodo

205 3761 425 3839 forma
467 3768 1036 3842 constitutiones
1073 3771 1503 3860 capitulares
1537 3789 1663 3862 per
1699 3771 2012 3860 aliquem
2051 3788 2137 3842 ex
2171 3769 2318 3840 suis
2365 3759 2900 3837 Consultoribus

201 3886 620 3967 excuteret,
662 3886 734 3951 et
769 3889 1208 3972 opportunas
1246 3884 1317 3954 in
1354 3882 1497 3954 illis
1530 3901 1657 3973 pro
1693 3901 1769 3953 re
1808 3889 1977 3954 nata
2006 3880 2659 3953 animadversiones
2696 3892 2904 3965 prae-

197 3995 519 4063 notaret.
589 3988 743 4061 1135
796 4000 1034 4064 autem
1089 3991 1460 4086 Episcopis
1514 3994 2163 4065 animadversiones
2218 3992 2586 4063 remittens
2639 3988 2899 4060 diserte

187 4100 686 4193 significavit,
721 4108 801 4174 ut
836 4105 1122 4176 easdem
1159 4124 1331 4195 prae
1369 4105 1592 4177 oculis
1634 4105 1773 4176 sibi
1810 4111 2185 4198 ponerent,
2243 4118 2632 4189 earumque
2687 4098 2903 4170 ratio-

187 4229 350 4284 nem
411 4222 496 4286 et
559 4220 970 4304 respectum
1024 4215 1431 4305 baberent;
1505 4216 1594 4287 de
1647 4223 1882 4287 cetero
1942 4215 2078 4286 sibi
2141 4215 2316 4286 satis
2372 4217 2558 4283 esset
2610 4209 2897 4282 easdem

181 4325 775 4398 constitutiones
827 4326 1230 4399 ordinariae
1291 4346 1462 4399 suae
1501 4328 1945 4399 auctoritatis
1997 4326 2283 4397 decreto
2320 4322 2679 4407 roborare,
2721 4321 2896 4409 quin

177 4451 364 4530 opus
423 4437 665 4523 foret,
722 4443 803 4508 ut
856 4456 1058 4508 suam
1115 4438 1514 4530 Apostolica
1569 4435 1789 4508 Sedes
1848 4443 2271 4527 potestatem
2326 4434 2692 4505 adiiceret.

326 4550 524 4620 149.
602 4543 801 4620 Inter
852 4550 1139 4637 multaS,
1198 4568 1383 4639 quae
1438 4551 1509 4621 S.
1568 4547 2109 4639 congregationi
2162 4545 2444 4618 oblatae
2495 4552 2668 4617 sunt
2731 4562 2899 4615 con-

162 4660 663 4746 stitutioneS,
721 4660 1008 4750 aliquae
1059 4667 1464 4753 compertae
1501 4667 1673 4733 sunt
1709 4676 2232 4749 nonnunquam
2267 4659 2369 4730 510
2405 4656 2890 4750 imperfectae,
