3497 5235
523 309 641 384 Gap.
665 310 738 368 11.
778 312 849 369 Do
888 309 1152 386 Bpinoopo,
1190 310 1599 385 Arohiopiucopo,
1637 310 1867 370 Prinato
1907 310 1963 369 ot
1999 310 2327 370 Patria-011⁸.
2371 313 2424 388 ἓ.
2454 311 2502 369 7.
2726 308 2849 375 259

235 448 635 539 quantumvis
686 453 1142 520 contumaces
1179 445 1412 517 forent
1448 446 1582 536 ipsi
1622 445 2060 534 cancellarii,
2100 452 2182 518 ut
2214 445 2459 538 paullo
2496 447 2850 519 maturius

233 562 289 633 in
327 577 390 632 re
432 559 609 630 tanti
663 559 1006 630 momenti
1059 565 1353 648 agerent
1404 553 1562 628 Emi
1615 553 1891 646 PatreS,
1949 557 2174 631 dilata
2229 558 2711 649 propositione
2757 558 2852 630 ad

227 670 791 761 congregationem
843 669 1060 741 huius
1111 669 1253 741 diei
1308 668 1627 751 omnino,
1680 669 2146 757 mandarunt,
2203 675 2286 741 ut
2335 670 2639 741 interim·
2675 670 2854 741 scri-

230 783 448 856 beretur
495 783 856 874 Episcopis
907 783 1116 854 iuxta
1165 782 1518 853 minutam
1576 802 1624 854 a
1677 784 1751 855 S.
1816 783 1890 856 C.
1949 781 2437 872 approbatam.
2494 777 2855 853 Mandatis

229 894 381 968 hisce
411 893 816 985 obsequens
867 892 939 966 S.
981 891 1055 965 C.
1100 893 1539 966 secretarius
1592 894 1838 965 literas
1874 893 1967 965 ad
2002 898 2313 964 mentem
2348 890 2686 964 Emorum
2720 889 2857 964 Pa-

231 1012 375 1078 trum
419 1012 750 1079 exaratas
801 1002 1194 1077 Ordinariis
1253 1001 1669 1077 Pontificiae
1721 1003 2015 1078 ditionis
2063 1005 2459 1076 transmisit
2492 1058 2511 1094 ,
2586 1022 2854 1094 eosque

228 1115 294 1189 de
331 1117 449 1190 hoc
497 1117 946 1210 potissimum
1000 1114 1401 1187 admonitos
1453 1115 1719 1204 voluit,
1778 1121 1884 1204 ut,
1940 1116 2003 1186 si
2054 1116 2224 1206 qaid
2272 1117 2520 1205 favore
2578 1116 2857 1189 cancel-

226 1226 524 1302 lariorum
574 1228 909 1301 deducere
959 1229 1388 1311 censuerint,
1440 1228 1517 1300 id
1562 1246 1777 1319 qaam
1826 1227 2034 1299 citius
2076 1228 2410 1319 perficere
2461 1247 2602 1300 non
2643 1246 2857 1318 prae-

228 1341 672 1414 remitterent.

334 1453 494 1524 237.
552 1449 767 1524 Porro
818 1456 1156 1543 acceptae
1220 1458 1392 1524 sunt
1454 1451 1546 1523 ab
1598 1448 1970 1543 Episcopis
2036 1451 2420 1524 relationes
2489 1451 2858 1542 allegatio-

225 1578 453 1653 nesque
503 1562 1092 1636 cancellariorum
1124 1614 1144 1650 ‚
1220 1562 1310 1634 de
1375 1562 1640 1652 quibus
1698 1567 1781 1633 ut
1835 1562 2119 1654 gravius
2182 1563 2521 1635 iudicium
2590 1562 2855 1636 ferrent

222 1668 345 1744 Emi
403 1672 701 1763 Patres,
775 1674 1254 1766 opportunum
1337 1675 1567 1745 visum
1634 1678 1744 1746 est
1813 1674 2003 1765 typis
2057 1675 2348 1747 easdem
2416 1675 2857 1775 committere

221 1784 579 1876 iisdemque
626 1783 960 1857 Patribus
1026 1784 1482 1858 distribuere.
1557 1782 1817 1876 Itaque
1865 1787 2250 1877 resumptis
2319 1788 2580 1858 iurium
2634 1786 2860 1859 dedu-

222 1896 538 2001 ctionibus
591 1898 668 1968 in
720 1898 948 1988 prima
1002 1915 1263 1969 causae
1314 1898 1799 1989 propositione
1849 1896 2213 1987 exhibitis,
2275 1899 2348 1970 in
2401 1898 2858 1990 disceptatio-

221 2024 352 2079 nem
400 2016 693 2082 vocatae
747 2015 918 2081 sunt
966 2015 1355 2098 sequentes
1407 2007 1793 2081 dubiorum
1845 2008 2235 2080 formulae:

333 2120 496 2191 238.
558 2143 597 2185 «
634 2120 701 2189 1.
766 2118 867 2192 An
904 2122 997 2191 sit
1032 2119 1374 2192 standum
1427 2121 1538 2192 vel
1588 2121 2067 2193 recedendum
2115 2142 2155 2192 a
2193 2120 2449 2193 decisis
2501 2123 2575 2192 in
2629 2122 2857 2212 primo

219 2229 481 2302 »dubio
535 2232 613 2302 in
665 2226 890 2304 casu‘i
958 2233 1029 2303 2.
1094 2230 1197 2302 An
1250 2233 1343 2304 sit
1395 2231 1735 2304 standum
1798 2230 1909 2303 vel
1971 2231 2454 2304 recedendum
2506 2252 2547 2303 a
2599 2232 2858 2304 decisis

222 2364 252 2405 ν
283 2342 346 2414 in
376 2342 693 2415 secundo
744 2342 965 2416 dubio
1016 2345 1091 2415 in
1144 2338 1364 2415 casu?
1420 2345 1493 2415 3.
1558 2340 1661 2415 An
1713 2343 1807 2415 sit
1857 2344 2197 2416 standum
2235 2344 2344 2416 vel
2379 2344 2861 2416 recedendum

217 2472 318 2525 »a
362 2455 614 2527 decisis
668 2456 743 2526 in
797 2455 1003 2527 tertio
1062 2454 1281 2527 dubio
1352 2456 1427 2526 in
1498 2448 1787 2527 casui»
1845 2452 1970 2526 Die
2028 2456 2142 2528 15.
2203 2452 2368 2527 Iulii
2428 2456 2643 2528 1848.
2698 2451 2862 2526 Emi

211 2558 429 2639 Patres
461 2567 1023 2659 rescripserunt:
1085 2589 1123 2632 (ι
1160 2564 1264 2639 Ad
1296 2562 1486 2639 1.1n
1523 2567 1808 2655 decisiS‚
1847 2573 1919 2642 et
1956 2566 2048 2639 ad
2087 2572 2439 2657 mentem;
2483 2586 2683 2641 mens
2721 2570 2857 2655 est,

218 2700 249 2739 ι
281 2684 358 2749 ut
402 2680 820 2752 consulatur
870 2678 1087 2750 SSmo
1138 2696 1266 2770 pro
1317 2680 1720 2769 sanatione,
1788 2686 2149 2771 quatenus
2200 2697 2379 2770 opus
2429 2680 2524 2751 sit
2574 2697 2701 2770 pro
2755 2680 2866 2751 in-

212 2796 532 2864 »teresse
584 2794 923 2884 partium,
980 2791 1299 2863 omnium
1353 2798 1645 2864 actuum
1696 2799 1770 2866 et
1802 2798 2301 2866 contractuum
2338 2811 2378 2862 a
2417 2790 2862 2863 cancellariis

218 2924 251 2964 ι
283 2909 748 2990 peractorum.
806 2903 913 2975 Ad
965 2904 1038 2974 2.
1097 2906 1168 2974 et
1221 2905 1292 2974 3.
1358 2904 1430 2975 in
1483 2904 1766 2976 decisis.
1802 2929 1840 2971 »

345 3014 506 3086 239.
565 3012 796 3086 Causa
847 3014 1183 3086 nimirum
1217 3068 1237 3103 ‚
1302 3014 1392 3086 ob
1447 3033 1662 3105 quam
1718 3015 1790 3087 S.
1849 3014 1923 3088 C.
1981 3017 2056 3088 in
2107 3016 2333 3108 primo
2386 3013 2605 3086 dubio
2656 3032 2861 3085 suam

215 3130 501 3195 mentem
553 3124 809 3213 edidit,
864 3125 1043 3198 haec
1094 3125 1257 3216 fuit,
1315 3134 1394 3200 ut
1447 3145 1627 3199 ansa
1679 3126 2080 3200 auferretur
2131 3129 2254 3215 iis,
2312 3127 2435 3215 qui
2485 3125 2622 3196 hac
2675 3144 2866 3198 reso-

211 3230 460 3308 lutione
497 3236 703 3308 abuti
740 3238 1028 3327 vellent,
1088 3245 1165 3311 ut
1204 3240 1869 3327 instrumentorum,
1912 3257 2099 3329 quae
2143 3259 2182 3310 a
2219 3237 2663 3311 cancellariis
2698 3256 2867 3308 con·

208 3343 378 3420 fecta
408 3351 739 3441 fuissent,
783 3353 1281 3425 auctoritatem
1334 3353 1409 3422 in
1454 3350 1754 3423 dubium
1794 3357 1865 3423 et
1900 3350 2489 3450 disceptationem
2528 3367 2671 3419 non
2708 3349 2863 3419 sine

208 3458 461 3550 ingenti
515 3463 962 3535 incommodo
1014 3463 1368 3535 deducere
1424 3468 1883 3534 conarentur.

350 3569 687 3646 Eamdem
739 3575 1034 3666 insuper
1085 3575 1587 3646 resolutionem
1632 3575 1706 3645 in
1742 3573 2075 3645 omnibus
2127 3572 2552 3663 approbavit
2604 3569 2866 3642 SSiiius

207 3676 291 3752 D.
345 3680 426 3754 N.
483 3703 567 3756 ac
629 3686 1115 3773 confirmavit,
1173 3692 1243 3756 et
1292 3682 1385 3756 R.
1424 3682 1506 3757 P.
1552 3683 1636 3756 1).
1694 3686 2084 3757 Secretario
2148 3685 2566 3756 mandatum
2621 3682 2862 3770 dedit,

201 3799 286 3864 ut
339 3813 455 3885 per
505 3798 873 3888 appositas
923 3797 1319 3888 encyclicas
1370 3798 1613 3870 literas
1665 3793 2060 3869 Ordinariis
2113 3797 2404 3868 ditionis
2452 3794 2866 3867 Pontificiae

205 3908 524 4010 eamdem
574 3908 1034 4000 significaret.

351 4018 513 4090 240.
570 4016 918 4101 Quoniam
972 4019 1061 4091 de
1114 4038 1328 4091 causa
1384 4022 1707 4091 Romana
1759 4026 1823 4092 et
1888 4021 2203 4092 aliarum
2253 4019 2613 4107 diximus,
2686 4017 2869 4089 ratio

195 4130 535 4218 postulat,
577 4136 660 4201 ut
694 4129 783 4202 de
821 4130 961 4202 alia
997 4148 1212 4202 causa
1250 4132 1689 4203 Ariminensi
1724 4150 1948 4222 penes
2002 4134 2072 4203 S.
2107 4130 2181 4203 C.
2216 4128 2453 4221 Episc.
2497 4138 2567 4202 et
2601 4127 2864 4220 Regul.

199 4239 534 4328 agitatam
590 4261 989 4315 sermonem
1041 4242 1487 4332 habeamus;
1563 4246 1871 4316 maxima
1934 4245 2288 4333 siquidem
2353 4264 2512 4316 cum
2564 4262 2647 4316 ea
2702 4244 2872 4316 huic

198 4356 320 4421 est
364 4353 749 4427 similitudo
804 4360 874 4426 et
927 4357 1300 4445 connexim
1362 4355 1683 4445 adeoque
1738 4357 1964 4447 ipsam
2015 4358 2400 4446 praeterire
2460 4355 2565 4427 las
2600 4374 2874 4444 nequa-

199 4477 418 4548 quam
466 4466 773 4539 videtur.
832 4462 1218 4540 Occasione
1278 4469 1552 4558 itaque,
1613 4485 1756 4556 qua
1811 4467 2262 4558 municipalis
2299 4467 2668 4539 Sabiniani
2726 4485 2877 4539 mo-

198 4569 509 4665 derator,
567 4584 815 4669 utpote
865 4578 1174 4670 hospitio
1245 4579 1612 4653 charitatis
1671 4579 2120 4673 praepositus
2154 4632 2173 4668 ,
2247 4577 2777 4673 beneplacitum
2833 4599 2875 4650 a

196 4681 288 4755 S.
330 4682 398 4756 C.
436 4684 671 4781 Episc.
725 4697 798 4763 et
845 4687 1101 4783 Regul.
1162 4690 1663 4783 imploraverat
1711 4710 1840 4783 pro
1892 4689 2213 4764 locandis
2282 4690 2375 4763 ad
2437 4693 2873 4766 novennium
