3497 5235
577 289 699 355 238
1336 284 1707 344 humationi!
1746 283 1801 342 8.
1828 283 2012 358 Oongr.
2041 283 2191 344 Oeno.
2217 283 2488 358 monitu.

577 442 819 499 coram
869 440 946 495 se
999 420 1411 494 solemniter
1461 418 1876 509 praedicare
1914 415 2174 505 faciat3
2214 436 2421 490 secus
2456 418 2649 491 enim
2685 420 3041 492 innumera
3085 424 3205 496 ori-

578 542 832 609 rentur
882 531 1102 607 dubia
1155 539 1226 605 et
1278 531 1828 618 controversiae,
1871 549 1966 601 an
2013 530 2257 602 concio
2309 548 2548 602 coram
2602 528 2945 623 Episcopo
2991 532 3205 607 habita

581 666 669 722 ex
705 648 848 720 illis
890 648 1008 734 sit,
1049 663 1235 736 quae
1271 643 1404 716 sub
1442 644 1942 716 interdictione
1978 643 2272 717 cadant.
2311 642 2561 717 Cetera
2596 644 2685 717 de
2722 646 3207 736 praedicatione

579 757 1052 851 Regularium
1102 762 1553 847 exponentur
1604 774 1765 845 cap.
1802 754 1927 826 IV.
1965 752 2039 850 ἓ.
2080 756 2155 827 A.

733 871 900 942 185.
942 865 1289 950 Quoniam
1326 863 1724 957 Episcopus
1778 884 1906 957 per
1939 885 2014 939 se
2071 886 2214 938 non
2265 868 2501 959 potest
2554 868 2754 941 iuxta
2800 869 3025 941 ovium
3072 889 3212 943 sua-

581 1000 742 1054 rum
793 979 1266 1071 indigentiam
1318 976 1543 1048 divini
1597 976 1798 1049 verbi
1851 995 2032 1068 opus
2067 978 2339 1069 ubique
2393 981 2467 1051 in
2510 1000 2640 1051 sua
2694 982 2994 1055 dioecesi
3042 1000 3214 1055 exer·

583 1112 741 1167 cere
791 1100 863 1165 et
915 1090 1263 1177 excolere,
1307 1089 1631 1178 adeoque
1682 1090 2048 1178 operarios
2099 1091 2375 1182 cogitur
2427 1110 2819 1181 assumere,
2861 1112 3031 1183 quos
3077 1094 3219 1164 mit-

583 1210 691 1280 tat
743 1205 818 1274 in
872 1220 1202 1288 messem,
1266 1199 1445 1271 illud
1496 1202 1898 1272 necessario
1950 1203 2454 1291 consequitur,
2513 1208 2593 1275 ut
2644 1222 2772 1295 pro
2833 1223 2960 1277 suo
3007 1202 3218 1276 debito

584 1316 919 1390 omnibus
973 1314 1199 1387 modis
1250 1319 1449 1384 curet
1501 1317 1571 1384 et
1640 1312 1985 1404 advigilet
2033 1314 2525 1405 evangelicum
2594 1333 2860 1406 panem
2912 1315 3222 1388 famelicis

586 1428 842 1502 ovibus
892 1430 968 1500 in
1002 1425 1303 1517 singulis
1354 1425 1701 1515 paroeciis
1738 1424 2046 1496 fideliter
2098 1444 2182 1497 ac
2217 1426 2470 1498 sedulo
2522 1425 2757 1519 frangi
2801 1433 2876 1501 et
2927 1425 3227 1498 distribui

587 1559 714 1633 per
764 1558 1001 1613 sacros
1053 1555 1470 1631 praeconeS,
1512 1538 1633 1628 qui
1673 1537 1963 1626 quidem
2002 1536 2114 1609 vel
2166 1537 2508 1610 ordinarii
2561 1545 2734 1611 sunt
2784 1539 2900 1612 vel
2951 1546 3228 1610 extraor-

587 1654 876 1726 dinarii.
919 1648 1277 1724 Ordinarii
1331 1650 1470 1721 dici
1523 1656 1824 1739 possunt
1874 1651 2101 1743 primo
2153 1651 2472 1741 parochi,
2514 1652 2832 1725 secundo
2890 1653 3231 1725 conciona-

587 1773 776 1839 tores
832 1763 1195 1836 Adventus
1231 1768 1305 1834 et
1351 1758 1981 1852 Quadragesimae.
2024 1758 2590 1834 Extraordinarii
2625 1770 2822 1850 sunt,
2869 1766 2992 1855 qui
3040 1762 3230 1834 sacris

587 1875 1049 1950 missionibus
1109 1880 1236 1945 aut
1301 1872 1801 1963 spiritualibus
1853 1873 2209 1945 exercitiis
2259 1874 2523 1967 populo
2574 1881 2700 1946 aut
2763 1876 2955 1948 clero
3005 1890 3238 1966 suppe-

590 1988 908 2063 ditandis
958 1986 1455 2058 dimittuntur:
1513 1984 1602 2057 de
1656 1984 1820 2056 unis
1873 1990 1943 2056 et
1995 1984 2242 2057 alteris
2294 1986 2644 2057 nonnulla
2697 1987 3151 2059 disseramus.

742 2100 909 2172 186.
950 2095 1277 2170 Remisso
1332 2103 1836 2185 reservatoque
1887 2114 2214 2168 sermone
2263 2097 2351 2168 de
2404 2097 2735 2187 parochis
2787 2098 2884 2171 ad
2923 2116 3078 2189 cap.
3119 2089 3233 2164 111.

592 2211 667 2308 ξ.
708 2215 817 2295 9.,
855 2209 984 2283 ubi
1037 2210 1126 2281 de
1175 2209 1311 2282 boc
1361 2208 1679 2298 ipsorum
1732 2207 2129 2279 ministerio
2180 2209 2552 2300 speciatim
2618 2210 2984 2301 agendum
3033 2215 3158 2292 est,
3208 2224 3245 2276 a

595 2320 1218 2396 concionatoribus
1270 2319 1637 2391 Adventus
1673 2325 1744 2392 et
1794 2315 2397 2411 Quadragesimae
2432 2324 2800 2395 exordium
2857 2323 3069 2396 duco.
3107 2317 3243 2389 Tria

593 2454 760 2507 vero
812 2433 1262 2525 potissimum
1299 2432 1574 2523 agenda
1627 2439 2057 2504 occurrunt:
2115 2433 2278 2521 quis
2311 2451 2433 2505 eos
2468 2434 2904 2526 approbare,
2946 2435 3105 2523 quis
3142 2447 3252 2502 no-

595 2547 899 2634 minare,
941 2545 1104 2636 quis
1156 2543 1600 2636 stipendium
1652 2544 1926 2616 solvere
1980 2551 2336 2617 teneatur.
2395 2544 2792 2636 Sequemur
2852 2552 3096 2619 autem
3143 2541 3249 2614 do-

596 2659 899 2732 ctrinam
978 2666 1049 2730 et
1124 2657 1449 2729 ordinem
1501 2675 1543 2727 a
1596 2653 1913 2729 Ferraris
1993 2657 2336 2730 traditum
2415 2658 2632 2730 verbo
2708 2659 3144 2732 Praedicare
3209 2672 3250 2724 a

596 2792 672 2844 η.
715 2770 893 2845 33..·
946 2769 1303 2861 quidquid
1355 2770 1546 2840 enim
1601 2767 1834 2855 docet,
1887 2786 2016 2859 per
2067 2769 2591 2843 declarationes
2644 2791 2685 2842 a
2739 2770 2813 2842 S.
2875 2769 3256 2860 congrega·

595 2882 915 2957 tionibus
969 2883 1046 2955 in
1096 2900 1246 2954 rem
1298 2880 1623 2973 apposite
1661 2880 1941 2952 emissis
1993 2881 2394 2955 confirmat.
2442 2903 2478 2949 ‹
2521 2882 2941 2974 Approbare
2994 2876 3257 2974 praedi·

600 3022 639 3066 ι
680 3002 955 3068 catores
1006 3000 1286 3086 spectat
1337 2994 1429 3064 ad
1480 2989 1942 3086 Episcopum,
1999 2991 2165 3065 licet
2202 2994 2453 3065 electio
2519 3000 2883 3085 spectaret
2924 2992 3018 3064 ad
3071 2990 3253 3063 alios.

598 3132 638 3178 ›
679 3111 752 3181 S.
786 3105 860 3179 C.
891 3104 1131 3198 Episc.
1173 3112 1246 3179 et
1279 3102 1538 3196 Regni.
1575 3104 1649 3174 in
1679 3107 1945 3196 Aquen.
1979 3106 2051 3177 8.
2091 3105 2254 3197 Apr.
2294 3105 2510 3176 1603.
2545 3105 2738 3196 apud
2773 3100 3010 3176 Nicol.
3046 3100 3252 3172 Flosc.

600 3244 640 3290 ›
679 3218 897 3292 verbo
928 3218 1428 3298 Praedicator,
1464 3235 1540 3287 n.
1567 3215 1685 3306 15.
1720 3213 1924 3288 Unde
1959 3214 2329 3289 Praelatus
2364 3223 2739 3308 exemptus
2775 3216 3081 3288 inferior
3114 3209 3267 3301 Epi—

599 3355 639 3401 »
681 3348 896 3421 scopo
947 3325 1239 3424 (nempe
1292 3329 1565 3420 primae
1616 3347 1702 3399 ac
1752 3327 2115 3400 secundae
2149 3327 2475 3424 speciei),
2514 3329 2821 3418 quinon
2876 3325 3112 3400 babet
3143 3329 3267 3395 ter·

601 3466 642 3512 »
680 3443 1002 3515 ritorium
1056 3446 1469 3534 separatum
1522 3457 1684 3511 cum
1721 3457 1889 3512 vera
1941 3439 2292 3528 qualitate
2328 3438 2651 3520 Nullius,
2687 3457 2836 3512 non
2890 3439 3027 3511 dat
3068 3437 3272 3508 licen-

599 3577 641 3623 »
679 3555 853 3626 tiam
905 3569 1141 3641 neque
1191 3550 1770 3623 benedictionem
1820 3550 2462 3642 praedicatoribuS,
2506 3551 2630 3642 qui
2682 3551 3116 3642 praedicare
3165 3544 3274 3619 de-

603 3690 642 3734 »
680 3663 859 3738 bent
909 3665 985 3736 in
1036 3663 1209 3735 locis
1258 3681 1432 3736 suae
1485 3663 2040 3752 iurisdictioniS,
2104 3663 2233 3736 sed
2283 3663 2421 3735 ista
2489 3662 2796 3736 facultas
2848 3665 3144 3753 spectat
3190 3654 3271 3727 ad

604 3800 643 3844 ι
682 3772 1141 3867 Episcopum,
1182 3774 1256 3845 in
1292 3775 1495 3847 cuius
1530 3775 1838 3848 dioecesi
1873 3776 2072 3847 locus
2106 3782 2483 3866 exemptus
2517 3776 2788 3848 existit.
2831 3776 2910 3847 S.
2956 3772 3037 3846 C.
3071 3773 3271 3846 Conc-

602 3912 642 3958 ›
681 3889 802 3960 21.
845 3884 1022 3959 Nov.
1070 3886 1319 3975 1596„
1361 3884 1643 3979 Pignat.
1700 3893 1870 3959 tom.
1913 3886 2033 3960 10.
2074 3907 2267 3960 com.
2296 3885 2462 3960 151.
2504 3907 2580 3959 n.
2611 3885 2728 3959 15.
2759 3892 2828 3960 et
2867 3885 3045 3970 17„
3081 3882 3277 3957 Petra

600 4024 638 4069 ›
678 4005 844 4072 tom.
885 4000 961 4071 A.
1001 3998 1098 4072 ad
1152 3998 1448 4073 Constit.
1491 3997 1615 4072 IV.
1663 3999 1944 4073 Callisti
1999 4000 2130 4072 ΙΙΙ.
2194 4000 2375 4072 Sect.
2411 3997 2487 4069 2.
2546 4018 2622 4070 n.
2664 3997 2759 4070 57
2768 4051 2826 4080 .,
2864 3997 3008 4072 ubi
3064 3994 3281 4071 addu-

598 4134 638 4180 ›
675 4110 775 4185 cit
822 4110 1067 4202 plures
1119 4107 1194 4181 S.
1237 4109 1578 4203 Congreg.
1621 4109 1836 4183 Conc.
1879 4117 1951 4183 et
1999 4107 2231 4183 Rotae
2283 4110 2710 4184 decisiones.
2757 4135 2796 4179 :v

748 4223 914 4295 187.
955 4220 1144 4295 Hinc
1195 4241 1382 4314 quae
1436 4223 1645 4295 modo
1698 4221 1892 4295 dicta
1942 4229 2141 4312 sunt,
2197 4222 2433 4296 locum
2480 4221 2751 4295 babere
2800 4240 2940 4314 pro
2997 4218 3280 4296 concio-

594 4335 969 4410 natoribus
1005 4337 1082 4408 in
1116 4334 1433 4409 ecclesiis
1469 4334 2073 4409 conventualibus
2105 4334 2378 4408 ordinis
2411 4334 2744 4408 militaris
2776 4330 2849 4406 S.
2887 4328 3282 4427 Stephani,

598 4452 673 4519 et
721 4446 1165 4538 prioratuum
1215 4446 1581 4540 religionis
1631 4443 2320 4541 Hierosolymitanae
2371 4447 2807 4520 territorium
2855 4449 3289 4540 separatum

600 4575 750 4631 non
799 4557 1243 4632 habentibus
1276 4560 1593 4634 ostendit
1642 4558 1835 4633 idem
1885 4556 2199 4631 Ferraris
2250 4559 2382 4631 loc.
2423 4559 2547 4633 cit.
2590 4579 2665 4633 n.
2706 4556 2829 4634 35.
2871 4565 2950 4634 et
2984 4558 3165 4643 36„
3198 4554 3296 4630 al-

602 4669 860 4764 legatis
909 4670 999 4744 de
1049 4689 1243 4745 more
1295 4673 1368 4746 S.
1410 4670 1488 4745 C.
1527 4670 1741 4745 Conc.
1784 4671 2370 4746 resolutionibus
