3497 5235
596 288 678 351 56
1344 288 1710 349 Iusti-notionis
1752 289 1805 348 Β.
1834 288 2018 365 Gongr.
2046 288 2193 349 Οοιιο.
2232 289 2502 366 expetitio.

745 447 782 494 ›
827 420 932 497 Ad
968 423 1039 495 4.
1081 419 1447 516 Negative.

749 560 787 606 ›
831 533 932 607 Ad
967 535 1040 607 5.
1085 532 1542 609 Affirmative.
1587 559 1624 606 ›

742 642 1008 718 Iterum
1062 646 1435 745 impetrato
1493 646 1841 720 beneficio
1892 666 2116 722 novae
2182 646 2597 723 Audientiae
2658 649 3035 741 propositis
3094 651 3242 725 sin-

597 757 779 850 gulis
831 758 1070 833 dubiis
1118 758 1235 833 die
1275 760 1389 832 13.
1431 758 1661 833 Martii
1698 761 1868 834 anni
1901 762 2114 835 1762.
2155 762 2404 836 eadem
2440 763 2513 835 S.
2545 758 2620 834 C.
2653 763 3038 854 rescripsit:

745 892 783 938 ‹
821 867 908 943 In
961 871 1216 945 decisis
1252 878 1322 945 et
1359 872 1690 962 amplius.
1735 897 1775 942 ›

743 985 856 1055 14.
899 980 1168 1058 Eadem
1222 982 1366 1056 fere
1418 992 1836 1077 argumenta
1889 985 2432 1061 adducebantur
2479 986 2555 1059 in
2606 1004 2818 1058 causa
2855 986 3040 1058 inter
3070 983 3242 1077 Epi-

592 1114 842 1188 scopos
893 1097 1451 1188 Squillacensem
1502 1104 1574 1170 et
1624 1095 2146 1171 Hieracensem
2195 1118 2410 1191 super
2444 1098 2927 1173 iurisdictione
2963 1098 3242 1189 aliquo-

590 1229 748 1283 rum
798 1210 1138 1301 locorum,
1196 1228 1382 1300 quae
1434 1229 1649 1284 causa
1716 1229 2011 1284 excussa
2078 1212 2212 1285 fuit
2276 1232 2466 1285 anno
2506 1212 2717 1285 1838.
2781 1212 2858 1284 in
2920 1211 3237 1303 generali
3345 1294 3350 1303 ,

590 1320 1146 1416 Congregatione
1197 1319 1700 1394 Consistoriali.
1759 1320 1970 1396 Porro
2029 1323 2120 1396 ab
2188 1320 2537 1416 Episcopo
2606 1321 3078 1413 Squillacensi
3142 1322 3235 1393 ad

588 1433 847 1507 iurium
898 1453 1188 1508 suorum
1238 1433 1849 1507 confirmationem
1884 1435 2490 1527 depromebantur
2525 1441 2806 1527 praeter
2842 1434 2981 1506 alia
3018 1435 3235 1506 etiam

590 1548 931 1637 antiquae
982 1548 1364 1620 relationes
1440 1567 1482 1617 a
1545 1547 1690 1619 suis
1768 1547 2256 1621 decessoribus
2332 1566 2547 1639 super
2619 1551 2814 1619 statu
2890 1546 3232 1618 ecclesiae

591 1659 1100 1749 Squillacensis
1152 1657 1223 1730 S.
1265 1656 1807 1751 congregationi
1857 1658 2144 1733 Concilii
2197 1659 2663 1750 conscriptae.
2721 1653 3057 1740 Quocirca
3103 1674 3236 1749 per

589 1789 666 1842 se
719 1772 1021 1861 quisque
1072 1770 1433 1863 intelligit,
1491 1777 1844 1860 quantum
1902 1772 2209 1862 intersit,
2288 1766 2395 1863 (et
2459 1770 2718 1842 idcirco
2780 1767 3234 1858 peculiariter

592 1882 1014 1956 adnotatum
1064 1880 1472 1977 voluimus),
1527 1888 1607 1954 ut
1659 1879 1990 1974 Episcopi
2042 1902 2203 1956 cum
2254 1882 2344 1955 de
2398 1881 2555 1954 aliis
2604 1880 2863 1970 rebUS,
2920 1885 3071 1952 tum
3139 1878 3230 1950 de

589 1994 723 2067 hoc
773 1996 1007 2085 capite
1058 1994 1150 2067 ad
1201 1991 1275 2065 S.
1315 1990 1946 2086 Congregationem
1999 1999 2328 2068 accurate
2378 1992 2731 2066 deferant.

739 2107 853 2178 15.
896 2104 1295 2197 Disputatio
1346 2106 1514 2178 olim
1575 2113 1729 2179 erat
1781 2109 1966 2180 inter
2016 2108 2376 2195 doctore5‚
2434 2125 2526 2178 an
2578 2110 2814 2196 posset
2870 2123 2908 2169 ‹
2947 2102 3235 2175 inferior

591 2245 627 2289 >
673 2215 1043 2291 Praelatus
1094 2219 1523 2291 territorium
1573 2227 1982 2310 separatum
2044 2225 2116 2292 et
2187 2218 2743 2292 iurisdictionem
2800 2214 3233 2303 ordinariam

598 2356 635 2400 »
674 2337 746 2402 et
798 2330 1528 2421 quasi-episcopalem
1578 2331 1654 2402 in
1705 2331 1971 2404 clerum
2023 2337 2095 2403 et
2146 2331 2488 2423 populum
2548 2348 2708 2402 cum
2774 2328 2998 2419 ipsius
3065 2323 3236 2417 Epi-

590 2467 626 2511 »
671 2443 863 2534 scopi
917 2441 1320 2514 exclusione
1373 2442 1446 2512 in
1498 2442 1737 2533 aliquo
1791 2442 2080 2535 speciali
2132 2443 2283 2515 loco
2335 2443 2701 2532 acquirere
2752 2457 2880 2531 per
2925 2437 3253 2529 quadra-

595 2578 632 2623 »
677 2554 1038 2646 genariam
1088 2542 1717 2645 praescriptionem
1769 2575 1915 2628 una
1968 2572 2129 2629 cum
2180 2554 2391 2628 titulo
2444 2546 2797 2627 colorato?
2839 2575 2875 2620 >
2932 2547 3019 2623 At
3062 2567 3231 2622 vero

584 2667 903 2738 discusso
954 2666 1270 2739 formiter
1320 2668 1619 2740 articulo
1670 2669 1745 2740 in
1799 2669 2209 2761 particulari
2278 2664 2835 2759 Congregatione
2905 2663 2999 2736 ad
3072 2662 3230 2744 hoc,

589 2779 772 2849 idest
824 2778 915 2851 ad
964 2778 1157 2851 hunc
1207 2780 1486 2870 proprie
1563 2780 1779 2852 finem
1847 2801 1888 2853 a
1949 2799 2010 2853 s.
2054 2798 2148 2851 m.
2190 2778 2409 2851 Clem.
2449 2775 2579 2849 XI.
2661 2777 3004 2868 deputata
3037 2826 3057 2864 ,
3114 2774 3230 2846 cui

583 2889 1023 2962 adhaerebat
1057 2911 1097 2960 a
1136 2891 1426 2963 secretis
1477 2890 1981 2964 celeberrimus
2016 2889 2576 2980 LambertiniuS,
2616 2888 3053 2963 declaratum
3088 2890 3225 2970 est,

582 3001 987 3074 inferiorem
1037 2998 1445 3075 Praelatum
1494 3003 1567 3076 id
1621 3021 1765 3076 non
1819 3022 2054 3095 posse:
2115 3023 2153 3069 ‹
2192 3002 2320 3075 sed
2367 3021 2493 3093 pro
2556 2999 3022 3090 acquisitione
3089 3003 3234 3068 ter-

582 3140 619 3184 »
662 3115 884 3188 ritorii
934 3117 1247 3208 separati
1299 3116 1852 3208 praedictaeque
1905 3114 2411 3189 iurisdictionis
2462 3112 2749 3185 omnino
2803 3108 3069 3201 requiri
3105 3113 3231 3179 aut

583 3252 620 3296 »
661 3229 930 3302 clarum
980 3238 1052 3303 et
1103 3231 1585 3321 undequaque
1640 3230 2038 3302 consistens
2076 3226 2550 3321 Apostolicum
2584 3225 3061 3321 privilegium,
3103 3225 3229 3292 aut

584 3364 621 3407 »
661 3341 1250 3415 consuetudinem
1320 3340 1952 3415 immemorabilem
2029 3358 2188 3413 curn
2255 3341 2403 3413 suis
2472 3337 2803 3411 omnibus
2869 3334 3230 3426 requisitis

583 3476 619 3518 »
659 3453 789 3524 rite
840 3452 1242 3544 probatam,
1299 3473 1426 3547 per
1464 3473 1680 3546 quam
1717 3453 2195 3545 Apostolicum
2230 3452 2675 3544 privilegium
2712 3450 2800 3523 de
2836 3450 2987 3521 iure
3023 3465 3232 3540 prae·-

581 3586 618 3632 »
657 3565 840 3636 sumi
896 3566 1159 3640 valeat.
1201 3592 1240 3637 ›
1297 3565 1492 3649 Quae
1545 3567 1930 3642 declaratio
1981 3586 2023 3637 a
2075 3563 2364 3638 Summo
2422 3559 2761 3636 Pontifice
2831 3559 3227 3655 approbata

579 3681 687 3747 est
737 3676 851 3748 die
894 3676 1010 3748 14.
1050 3675 1344 3753 Ianuar.
1384 3679 1630 3769 1721„
1688 3685 1904 3770 atque
1957 3677 2135 3750 adeo
2186 3695 2313 3767 pro
2365 3674 2603 3749 stabili
2653 3676 2897 3769 regula
2947 3673 3229 3746 firmata

576 3786 709 3859 fuit
763 3785 854 3859 ab
932 3791 1182 3863 eodem
1258 3789 1773 3881 Lambertinio,
1828 3789 2124 3882 posthac
2200 3785 2471 3860 Bened.
2510 3784 2703 3858 xlv,
2762 3787 2835 3858 in
2902 3784 3231 3878 pluribus

575 3895 1243 3992 ConstitutionibuS‚
1300 3905 1719 3998 praesertim
1771 3905 1844 3976 in
1900 3919 2023 3991 ea,
2064 3918 2249 3992 quae
2283 3918 2576 3971 numero
2613 3904 2721 3971 est
2755 3902 2876 3971 33.
2915 3899 3026 3971 sui
3063 3893 3231 3969 Bul·

575 4009 759 4101 larii‚
794 4014 985 4102 quod
1017 4015 1166 4105 ipse
1204 4021 1511 4088 testatur
1546 4017 1620 4087 in
1656 4034 1867 4110 opere
1898 4015 1981 4087 de
2011 3999 2273 4106 Sy‘nod.
2306 4012 2522 4084 dioec.
2552 4011 2672 4084 lib.
2703 4010 2821 4084 13.
2847 4031 2910 4083 c.
2934 4006 3228 4082 8.n.18.

727 4124 843 4196 16.
885 4123 1178 4201 Limites
1231 4146 1360 4201 seu
1409 4129 1698 4202 termini
1748 4127 2169 4199 dioeceseon
2221 4141 2447 4215 aeque
2517 4141 2599 4195 ac
2668 4122 2772 4194 illi
2837 4119 3237 4213 provincia-

573 4249 730 4306 rum
785 4255 866 4308 ac
918 4238 1445 4332 parochiarum,
1504 4247 1576 4314 et
1626 4258 1740 4329 ea,
1797 4256 1981 4329 quae
2032 4237 2146 4310 his
2198 4235 2605 4326 cohaerent,
2660 4232 3048 4325 praescribi
3084 4249 3236 4303 non

570 4352 869 4436 possunt
920 4349 1011 4420 ad
1064 4358 1337 4425 textum
1392 4372 1549 4446 cap.
1592 4350 1664 4425 3.
1726 4348 1954 4442 Super
2006 4367 2085 4422 eo
2138 4349 2222 4421 de
2277 4347 2576 4420 Paroch.
2637 4346 2757 4418 lib.
2806 4344 2881 4419 3.
2935 4344 3049 4418 tit.
3101 4343 3231 4417 29.

578 4481 614 4523 »
654 4456 801 4529 ibi:
862 4479 900 4525 ‹
940 4480 1156 4553 super
1207 4484 1290 4538 eo
1342 4484 1536 4556 vero,
1594 4464 1789 4555 quod
1840 4463 2034 4554 apud
2084 4479 2206 4533 vos
2257 4459 2739 4535 intelleximus
2791 4456 3232 4546 dubitatum,

575 4593 612 4637 »
657 4591 748 4640 an
806 4574 993 4661 quod
1046 4575 1134 4648 de
1189 4577 1486 4668 finibus,
1543 4584 1616 4650 et
1665 4577 1808 4665 his,
1864 4592 2049 4666 quae
2103 4572 2366 4645 finibus
2402 4573 2808 4659 cohaerent,
2849 4586 2993 4642 non
3028 4586 3243 4660 prae-

575 4704 611 4748 >›
652 4682 1077 4777 scribendiS‚
1133 4694 1485 4763 statutum
1538 4706 1667 4782 per
1716 4704 2028 4762 canones
2088 4683 2550 4779 dignoscitur,
2605 4684 2698 4755 sit
2746 4683 2821 4754 in
2871 4680 3242 4774 paroecia-
