3497 5235
1080 276 1201 352 (hp.
1226 277 1323 336 m.
1361 280 1432 337 n·
1472 279 1607 339 olm
1647 281 1918 341 mon-rt
1958 284 2012 356 g,
2040 284 2088 340 ε.
2793 277 2911 341 363

259 405 696 474 lemnioribuS.
733 407 1016 476 Audiens
1050 410 1474 481 consessiones
1506 413 1778 481 habetur
1810 434 1927 501 pro
1958 425 2329 502 praesente3
2365 415 2629 481 minime
2676 431 2832 478 vero
2862 410 2916 477 si

259 528 384 583 non
432 509 647 576 audiat
693 510 1143 592 consessiones,
1179 526 1287 582 aut
1319 517 1562 582 Missam
1609 516 1922 604 privatam
1970 516 2279 594 celebret,
2316 530 2421 582 aut
2453 516 2738 583 Officium
2786 514 2916 600 pri-

257 614 450 679 vatim
499 613 753 680 recitet.
802 611 978 680 Idem
1024 615 1304 684 lucratur
1351 618 1835 685 distributiones
1884 618 2253 698 ordinariaS,
2291 631 2481 705 atque
2522 616 2682 684 adeo
2716 627 2922 684 extra·-

261 715 630 793 ordinarias,
668 717 784 782 nisi
821 719 1239 797 consuetudo,
1290 730 1594 787 statutum
1643 732 1748 787 aut
1794 740 1974 787 mens
2006 712 2478 807 disponentium
2512 722 2693 787 aliter
2736 738 2920 807 prae-

257 818 516 884 scribat.
567 824 762 887 Secus
807 830 928 897 est,
977 819 1028 885 si
1077 821 1500 889 consessiones
1548 832 1724 890 extra
1774 821 2197 889 cathedralem
2244 823 2726 890 audiat.-203.
2780 824 2919 887 Non

259 934 467 1009 potest
517 943 653 990 esse
701 923 983 990 Vicarius
1031 924 1379 1003 Generalis,
1415 945 1534 992 nec
1568 923 1978 991 confessarius
2013 924 2375 991 monialium
2425 927 2593 990 iuxta
2625 921 2911 990 modum.

259 1062 303 1076 -
330 1030 482 1093 204.
539 1030 837 1092 Praesens
884 1026 1154 1093 habetur
1200 1029 1263 1093 in
1312 1027 1506 1093 choro
1541 1028 1729 1094 etiam
1767 1028 1896 1105 ille,
1935 1028 2041 1113 qui
2078 1025 2416 1113 aliquando
2448 1023 2920 1113 poenitentiarii

258 1128 427 1196 vices
474 1129 754 1215 expleat.
803 1164 847 1177 -
894 1131 1043 1195 205.
1099 1130 1627 1195 poenitentiarius
1672 1141 1885 1216 potest
1933 1129 2071 1215 cogi
2121 1128 2198 1194 ad
2246 1126 2679 1215 accipiendam
2728 1124 2918 1191 facul-

257 1242 447 1297 tatem
510 1229 877 1298 absolvendi
927 1252 958 1296 a
1009 1234 1340 1300 reservatis
1371 1282 1389 1312 ,
1458 1233 1646 1299 etiam
1693 1252 1813 1319 per
1862 1233 2417 1297 comminationem
2483 1246 2915 1295 censurarum.

258 1368 301 1382 -
329 1336 487 1399 200.
544 1335 704 1399 Dum
754 1334 821 1399 in
868 1333 1303 1401 confessionali
1356 1335 1532 1402 audit
1581 1333 2032 1412 confessiones,
2069 1353 2298 1422 gerere
2329 1352 2459 1400 non
2494 1330 2688 1398 debet
2737 1331 2921 1397 indu-

253 1446 467 1502 menta
518 1436 814 1512 encratia,
866 1436 987 1502 nisi
1033 1436 1194 1502 adsit
1241 1437 1664 1504 consuetudo.
1702 1440 1921 1504 -207,
1975 1437 2337 1523 Theologus
2386 1446 2449 1501 et
2494 1434 2923 1523 poenitentia-

255 1536 386 1604 rius
434 1558 566 1604 non
614 1548 876 1624 possunt
925 1539 1065 1626 cogi
1116 1538 1194 1604 ad
1238 1539 1633 1627 suscipienda
1670 1561 1740 1606 ea
1774 1538 1974 1605 officia
2023 1538 2413 1626 capitularia,
2449 1557 2610 1623 quae
2658 1536 2827 1624 ipsos
2859 1536 2924 1600 in

255 1660 371 1706 suo
419 1659 693 1708 munere
742 1640 1040 1707 obeundo
1090 1639 1503 1728 impedirent.
1542 1679 1584 1692 -
1615 1645 1769 1709 208.
1819 1640 2192 1707 Afferuntur
2241 1644 2305 1708 S.
2348 1644 2417 1707 C.
2475 1643 2667 1707 Conc.
2722 1638 2927 1704 decla-

256 1744 575 1822 rationes,
647 1744 877 1830 quibus
937 1763 1055 1831 pro
1118 1744 1422 1810 varietate
1484 1744 2095 1811 circumstantiarum
2161 1742 2365 1809 edixit
2435 1740 2661 1808 eadem
2727 1740 2925 1806 officia

257 1845 506 1912 eisdem
558 1844 948 1934 iniungenda
999 1865 1167 1924 esse,
1219 1849 1321 1913 vel
1370 1866 1522 1914 non.
1561 1884 1605 1896 -
1650 1850 1802 1914 209.
1857 1848 1919 1915 Si
1971 1847 2063 1912 ius
2112 1845 2389 1932 optionis
2438 1845 2501 1911 in
2549 1845 2760 1929 aliquo
2811 1846 2928 1909 Ca-

253 1948 468 2035 pitulo
517 1946 846 2026 obtineat,
900 1967 1060 2034 quae
1110 1948 1242 2015 iura
1292 1970 1410 2036 pro
1459 1951 1786 2039 theolog0,
1839 1951 2059 2017 eadem
2109 1969 2226 2036 pro
2272 1949 2767 2034 poenitentiario
2821 1969 2927 2014 va-

254 2049 420 2125 lent,
460 2058 527 2114 et
559 2048 906 2115 viceversa.
958 2051 1018 2119 Si
1068 2051 1472 2138 praebendae
1520 2052 1856 2119 destinatio
1906 2054 2196 2119 formiter
2238 2052 2444 2118 locum
2479 2071 2606 2117 non
2639 2052 2931 2119 babuerit

257 2162 407 2216 ante
475 2150 883 2235 praebendae
953 2152 1342 2219 vacationem
1374 2203 1391 2231 ,
1444 2154 1644 2221 vincit
1694 2155 1789 2220 ius
1838 2155 2113 2241 optionis
2143 2204 2160 2233 ,
2212 2174 2329 2221 nec
2375 2153 2805 2242 praebendam
2862 2154 2931 2221 in

259 2271 449 2317 usum
500 2251 686 2317 officii
738 2253 1153 2341 theologaliS,
1203 2255 1310 2321 vel
1357 2257 1831 2341 poenitentialis
1879 2255 2192 2323 destinare
2241 2258 2408 2323 licet.
2476 2256 2538 2324 Si
2596 2256 2929 2323 decretum

259 2366 562 2442 peractae
608 2355 1045 2422 destinationis
1092 2367 1238 2423 ante
1287 2358 1679 2423 vacationem
1729 2358 1937 2425 locum
1991 2359 2306 2436 habuerit,
2355 2378 2537 2424 secus
2584 2357 2930 2424 dicendum

262 2467 380 2522 est.
438 2457 912 2523 poenitentialis
959 2459 1060 2524 vel
1112 2458 1481 2548 theologalis
1525 2461 1889 2548 praebenda
1936 2463 2134 2528 semel
2187 2462 2523 2528 constituta
2560 2460 2764 2548 optari
2799 2479 2930 2527 non

260 2569 503 2647 potest,
556 2576 766 2643 neque
814 2561 1002 2626 etiam
1052 2561 1388 2629 canonicus
1435 2582 1536 2630 eas
1586 2564 1879 2631 obtinens
1908 2576 2121 2651 potest
2154 2563 2299 2631 alias
2333 2575 2577 2651 optare.
2615 2567 2708 2631 Ne
2741 2582 2923 2642 vero,

259 2679 406 2725 cum
456 2661 655 2726 maius
704 2681 861 2727 onus
907 2663 1178 2748 perfert,
1228 2665 1471 2731 minora
1522 2668 1953 2733 emolumenta
1999 2667 2336 2754 percipiat,
2371 2668 2767 2733 succurritur
2809 2686 2930 2754 per

260 2763 589 2830 indultum
636 2768 701 2831 S.
743 2768 843 2843 C.,
896 2778 966 2833 ut
1012 2768 1210 2854 possit
1260 2779 1501 2855 optare.
1556 2771 1635 2834 At
1669 2771 1774 2836 lex
1804 2770 2125 2848 adiicitur,
2166 2781 2260 2848 ut,
2312 2789 2455 2835 cum
2505 2788 2626 2835 una
2676 2787 2753 2833 ex
2786 2769 2929 2853 pin-

261 2866 597 2954 guioribus
646 2879 854 2955 optata
904 2868 1142 2947 fuerit,
1194 2882 1509 2957 perpetuo
1569 2891 1686 2958 pro
1751 2872 2050 2958 theologo
2121 2873 2225 2937 vel
2274 2869 2770 2958 poenitentiario
2818 2869 2929 2935 de·

260 2970 486 3036 stinata
536 2971 952 3057 intelligatur.
1003 2976 1069 3038 ln
1109 2976 1378 3057 Signina
1416 2974 1676 3059 insuper
1708 2976 2159 3039 canonicorum
2189 2973 2513 3038 seniorum
2555 2969 2678 3035 iam
2711 2978 2928 3035 extan-

262 3071 424 3137 tium
478 3072 571 3137 ius
602 3073 844 3139 salvum
881 3092 1012 3140 esse
1046 3072 1284 3140 debere
1319 3077 1381 3143 S.
1415 3078 1485 3141 C.
1525 3074 1951 3161 praescripsit.
1990 3112 2033 3124 -
2064 3078 2213 3141 210.
2252 3072 2432 3151 Quod
2462 3090 2651 3159 supra
2686 3071 2929 3137 dictum

265 3185 384 3251 ωε,
438 3174 807 3263 theologum
854 3177 957 3242 vel
1007 3176 1574 3261 poenitentiarium
1623 3177 1903 3263 optionis
1951 3177 2088 3242 iure
2140 3177 2230 3242 uti
2281 3194 2411 3241 non
2441 3193 2648 3262 posse,
2703 3173 2785 3238 ita
2835 3173 2932 3239 in-

261 3276 692 3366 telligendum
744 3289 882 3356 est,
936 3289 1005 3344 ut
1054 3293 1274 3366 optare
1323 3299 1451 3346 non
1497 3279 1740 3365 possit,
1802 3290 2053 3346 retento
2105 3279 2313 3346 titulo.
2372 3282 2522 3345 Nam
2569 3276 2617 3343 si
2671 3275 2930 3341 titulum

261 3398 413 3447 cum
465 3380 671 3446 officio
723 3382 786 3446 in
834 3382 1125 3448 manibus
1173 3382 1468 3470 Episcopi
1503 3382 1804 3449 canonice
1838 3383 2145 3470 resignet,
2183 3380 2463 3467 optionis
2497 3379 2591 3446 ius
2627 3395 2932 3445 exercere

259 3501 400 3548 non
447 3481 855 3569 prohibetur.

422 3651 592 3722 177.
649 3648 735 3722 In
785 3653 1255 3746 paragraphis
1320 3655 1573 3744 quinta
1643 3660 1714 3726 et
1765 3659 1964 3726 sexta
2035 3654 2241 3744 primi
2312 3655 2569 3746 capitis
2638 3660 2928 3726 nostrae

251 3759 778 3835 Beuedictinae
831 3760 1357 3854 Instructionis‚
1408 3765 1531 3837 ubi
1583 3773 1926 3857 rogantur
1979 3763 2373 3853 AntistiteS‚
2417 3785 2511 3837 an
2564 3765 2638 3835 in
2692 3762 2935 3836 cathe-

240 3874 596 3949 dralibus
646 3882 879 3947 erecta
916 3875 1102 3949 adsit
1156 3876 1569 3968 praebenda
1620 3877 2151 3968 poenitentialis
2187 3877 2395 3949 simul
2449 3895 2532 3948 ac
2569 3876 2938 3965 theologa-

223 3989 384 4076 lis,
426 3985 584 4058 fuse
634 3987 1146 4077 explicavimus
1197 4006 1308 4076 ea,
1349 4006 1534 4078 quae
1585 3987 1842 4061 harum
1875 3988 2448 4081 praebendarum
2503 3987 2931 4059 erectionem

215 4098 690 4188 respiciunt,
732 4098 1016 4188 aliaque
1052 4101 1315 4187 omnia,
1357 4118 1541 4189 quae
1578 4119 1738 4172 cum
1779 4118 1863 4171 ea
1915 4119 1989 4172 re
2026 4100 2450 4172 affinitatem
2502 4098 2800 4170 habent.
2845 4093 2935 4167 In

206 4217 409 4292 ha'c
461 4211 714 4301 quinta
772 4212 1220 4303 paragrapho
1272 4213 1464 4285 tertii
1516 4212 1798 4300 capitis,
1840 4211 1962 4282 ubi
2016 4212 2385 4300 quaeritur
2435 4209 2525 4281 ab
2582 4206 2936 4282 Antistiti-

197 4332 434 4414 Ῑπιε,
478 4344 575 4396 an
627 4326 948 4396 canonici
1000 4325 1592 4415 poenitentiarius
1644 4342 1726 4393 ac
1780 4322 2197 4414 theologalis
2233 4321 2702 4411 adimpleant,
2746 4336 2933 4408 quae

195 4435 735 4527 adimplenda
788 4442 986 4524 sunt,
1027 4441 1099 4508 et
1149 4435 1530 4525 quomodo,
1573 4451 1655 4505 ea
1707 4431 2157 4504 studebimus
2210 4432 2559 4521 evolvere,
2601 4448 2786 4521 quae
2841 4428 2935 4501 ad

189 4564 654 4655 personam
706 4547 1028 4620 canonici
1066 4544 1592 4637 poenitentiarii
1646 4561 1730 4616 ac
1778 4543 2088 4636 theologi
2133 4544 2415 4635 proprie
2465 4547 2825 4636 spectant,
2867 4545 2941 4612 et

185 4657 691 4745 eorumdem
742 4676 1004 4730 munus
1055 4656 1402 4730 afficiunt.
