3497 5235
1058 341 1178 416 ⁰⁸1³·
1206 343 1302 401 m.
1344 343 1414 402 Do
1453 343 1589 402 clero
1629 342 1900 402 sumlui.
1944 346 1997 419 ἓ.
2026 344 2075 401 2.
2785 339 2905 401 329

301 478 411 559 tur,
461 471 525 543 in
573 472 716 543 Fol.
757 474 1055 567 Anqlon.
1108 478 1180 546 2.
1223 473 1475 549 Octob.
1527 478 1740 550 1723.
1809 477 2251 551 testabatur:
2331 501 2370 546 ‹
2408 480 2484 552 in
2544 498 2654 563 eo,
2713 477 2906 570 quod

301 607 331 649 ›
361 583 584 655 attinet
632 584 726 657 ad
776 588 1104 678 exempla
1182 590 1721 661 consuetudinis
1774 590 2165 679 admissae,
2224 598 2349 663 aut
2399 592 2706 679 indulti,
2764 608 2905 680 quo

298 717 327 760 ›
357 696 733 768 assistentes
770 698 982 769 choro
1021 700 1093 770 in
1145 700 1447 772 ecclesia
1485 701 1878 774 cathedrali
1921 704 2277 794 integrum
2332 704 2407 774 in
2457 702 2704 774 eodem
2759 720 2905 773 non

298 829 327 873 ι
356 807 736 898 persolvunt
788 810 1097 882 officium
1138 812 1487 899 divinum,
1523 830 1654 883 nec
1706 832 1746 884 a
1794 814 2179 901 scribente,
2220 832 2352 886 nec
2387 834 2427 886 a
2462 833 2575 886 me
2628 816 2905 886 ratione

298 943 327 987 ι
359 922 664 1009 muneris,
707 922 934 993 ullum
986 924 1275 1013 reperiri
1333 925 1566 1014 potuit
1599 926 2034 1016 exemplum:
2071 949 2110 992 ν
2166 923 2539 1016 Subsequa
2585 931 2905 1017 tempora

294 1031 447 1119 quod
510 1034 817 1123 respicit,
876 1031 949 1104 S.
1008 1032 1082 1105 C.
1141 1036 1216 1107 in
1270 1042 1658 1108 memorata
1734 1037 2158 1110 Grossetana
2231 1037 2355 1109 22.
2425 1032 2602 1108 Nov.
2685 1037 2899 1108 1858.

290 1137 346 1235 ἓ.
386 1144 584 1234 Usque
636 1163 744 1217 res
795 1151 957 1235 post
1006 1147 1362 1238 exscripta
1401 1143 1841 1220 Lambertini
1880 1148 2100 1221 verba
2137 1149 2233 1220 ita
2287 1147 2567 1220 subdit:
2628 1169 2667 1214 ‹
2703 1144 2907 1228 Quod

292 1276 321 1320 ›
351 1249 829 1327 Lambertinus
880 1256 969 1328 de
1019 1276 1148 1329 suo
1202 1265 1516 1349 tempore
1568 1259 2051 1346 asseverabat,
2108 1259 2417 1349 idipsum
2469 1276 2704 1344 nunc,
2768 1257 2910 1328 sal-

292 1370 473 1436 ›tem
523 1368 756 1457 quoad
814 1368 1350 1441 consuetudinis
1405 1370 1939 1464 admissionem,
1981 1370 2317 1443 affirmari
2369 1387 2576 1461 posse
2629 1369 2909 1441 videtur

287 1480 687 1568 »arguendo
741 1479 831 1551 ab
886 1481 1261 1571 exempliS,
1302 1499 1489 1571 quae
1542 1480 1630 1554 de
1682 1483 1994 1571 sequiori
2047 1487 2362 1572 tempore
2414 1482 2486 1552 in
2541 1480 2911 1552 resolutio-

285 1605 492 1658 ›num
545 1591 882 1662 thesauro
933 1599 1339 1664 occurrunt.
1386 1616 1423 1661 >
1502 1589 1697 1673 Quae
1777 1593 2102 1682 exempla
2171 1592 2583 1683 singulatim
2661 1591 2908 1663 ordine

280 1695 504 1770 ibidem
556 1702 897 1795 deinceps
949 1702 1379 1775 referuntur.
1437 1702 1761 1794 Denique
1813 1700 1885 1777 S.
1958 1702 2031 1777 C.
2088 1705 2165 1774 in
2216 1705 2370 1795 ipsa
2426 1704 2906 1784 Grossetana,

279 1810 438 1897 qnod
485 1813 557 1884 in
614 1812 782 1885 folio
833 1813 1248 1903 docebatur,
1288 1834 1418 1887 sua
1456 1815 1936 1888 declaratione
1972 1815 2441 1899 confirmavit,
2482 1819 2691 1905 prout
2743 1831 2910 1884 con-

278 1925 394 1992 stat
440 1941 523 1993 ex
573 1923 746 1997 facti
814 1927 1093 2017 specie,
1153 1945 1370 2017 quam
1445 1927 1843 1999 referimus.
1927 1925 2330 2018 Capitulum
2397 1922 2904 1997 Grossetanum

275 2037 411 2104 ante
457 2033 848 2109 Concilium
901 2035 1217 2110 Trident.
1260 2039 1399 2109 iam
1435 2037 1754 2110 habebat
1806 2039 1877 2110 in
1933 2055 2124 2109 more
2161 2039 2496 2136 positum,
2539 2055 2629 2108 ne
2680 2042 2906 2108 totum

274 2144 554 2231 quotidie
614 2148 934 2220 divinum
984 2148 1293 2222 officium
1348 2149 1769 2223 absolveret.
1829 2147 1995 2221 Post
2043 2147 2255 2220 Conc.
2331 2145 2649 2221 Trident.
2706 2148 2910 2219 iden-

273 2254 460 2328 tidem
511 2255 850 2350 Episcopi
899 2261 1049 2331 suis
1126 2261 1429 2332 decretis
1501 2268 1910 2334 accuratam
1989 2257 2446 2332 Tridentinae
2517 2260 2907 2332 sanctionis

271 2363 775 2442 observantiam
830 2371 1395 2460 inculcaverant,
1438 2373 1606 2445 licet
1657 2373 2039 2443 incassum.
2076 2371 2281 2444 Anno
2332 2372 2644 2462 denique
2683 2371 2899 2442 1669.

266 2474 430 2550 illius
454 2483 802 2574 temporis
825 2480 1220 2574 Episcopus
1256 2502 1385 2555 suo
1415 2483 1697 2555 decreto
1724 2484 2134 2574 permittere
2161 2502 2236 2555 se
2265 2501 2474 2574 posse
2501 2488 2904 2575 putaverat,

264 2594 330 2660 ut
359 2594 676 2682 qnotidie
712 2594 969 2668 diebus
1022 2593 1389 2667 ferialibus
1441 2591 1871 2669 Matutinum
1925 2601 1996 2668 et
2048 2591 2332 2669 Laudes
2383 2596 2906 2683 omitterentur,

263 2715 466 2792 eaque
514 2708 795 2779 ratione
847 2707 1168 2779 canonici
1220 2708 1335 2779 usi
1384 2712 1589 2780 erant
1641 2707 1731 2780 ad
1786 2708 1963 2780 haec
2030 2726 2260 2796 usque
2332 2713 2676 2798 tempora.
2735 2703 2908 2777 Cum

259 2818 476 2888 tamen
530 2819 611 2890 in
649 2819 1122 2909 expendenda
1160 2819 1506 2893 relatione
1557 2825 1790 2892 status
1826 2820 2167 2892 ecclesiae
2204 2816 2675 2890 Grossetanae
2712 2814 2784 2888 S.
2827 2814 2901 2888 C.

258 2920 430 2998 hunc
478 2928 842 3003 defectum
896 2930 1367 3021 cognovisset,
1424 2936 1494 3002 et
1545 2948 1784 3004 sacros
1836 2949 2146 3002 canones
2197 2927 2682 3002 observandos
2750 2944 2907 2999 esse

257 3036 386 3107 suis
433 3039 667 3113 literis
718 3041 1218 3132 significasset,
1274 3042 1599 3114 canonici
1652 3043 1962 3113 assecuti
2016 3047 2211 3129 sunt,
2254 3046 2335 3111 ut
2384 3058 2498 3111 res
2550 3038 2640 3109 ad
2692 3038 2910 3131 plena

254 3140 317 3215 S.
366 3146 956 3244 congregationis
1008 3153 1290 3223 comitia
1343 3152 1754 3225 referretur.
1811 3149 2068 3243 Itaque
2121 3152 2236 3223 die
2287 3151 2407 3222 20.
2448 3146 2625 3220 Nov.
2690 3148 2904 3221 1841.

253 3254 536 3333 dubium
593 3264 1035 3355 propositum
1083 3262 1261 3335 fuit:
1323 3287 1360 3331 ‹
1398 3262 1501 3335 A'n
1536 3271 1609 3335 et
1643 3264 1998 3352 quomodo
2035 3259 2581 3354 approbandum
2617 3260 2710 3331 sit
2742 3260 2912 3333 cho·-

250 3391 282 3433 ›
319 3373 457 3445 rale
494 3377 899 3464 servitium,
942 3375 1136 3466 quod
1169 3381 1491 3467 praestat
1526 3371 2037 3446 Grossetanum
2070 3373 2471 3465 Capitulum
2509 3373 2584 3444 in
2621 3367 2843 3444 casu‘i
2868 3395 2905 3440 >

250 3475 315 3550 S.
365 3482 590 3577 Cong.
652 3486 1064 3578 respondit:
1130 3508 1167 3552 ‹
1197 3484 1460 3573 Dilata,
1502 3492 1574 3558 et
1610 3487 2080 3576 exquirantur
2131 3485 2473 3575 exempla*
2508 3493 2578 3556 et
2633 3501 2913 3556 reassu-

247 3614 282 3654 »
316 3603 612 3669 mantur
647 3599 1026 3670 relationes
1063 3594 1209 3668 VV.
1251 3594 1374 3668 SS.
1418 3594 1563 3668 LL.
1606 3598 1695 3669 de
1729 3603 1924 3670 statu
1959 3596 2302 3669 ecclesiae
2330 3592 2828 3667 Grossetanae.
2866 3618 2905 3659 »

243 3701 621 3796 Aliquibus
675 3710 884 3780 annis
936 3709 1261 3799 quaestio
1311 3708 1549 3797 siluit:
1608 3715 1681 3780 at
1732 3726 1896 3781 vero
1950 3708 2025 3779 in
2088 3708 2276 3782 hanc
2350 3726 2498 3779 rem
2550 3706 2910 3778 efficacius

242 3813 555 3893 instante
610 3817 685 3891 S.
743 3817 818 3892 C.
876 3821 952 3891 in
1004 3821 1263 3906 literiS,
1321 3821 1586 3910 quibus
1640 3820 1733 3892 ad
1783 3820 2175 3893 triennales
2226 3820 2609 3891 relationes
2660 3816 2913 3889 rescri-

235 3923 574 4019 bebatur,
636 3932 949 4024 denique
1000 3934 1285 4021 iterum,
1344 3932 1587 4005 audito
1639 3931 1990 4025 Capitulo,
2030 3932 2331 4006 dubium
2368 3932 2598 4023 ipsum
2653 3945 2911 4021 propo-

235 4039 445 4113 situm
501 4042 647 4116 fuit
697 4044 812 4115 die
862 4045 983 4115 22.
1041 4041 1387 4116 Novemb.
1468 4045 1678 4116 1856.
1744 4048 1827 4116 At
1891 4042 1965 4116 S.
2023 4040 2099 4115 C.
2156 4043 2558 4135 respondit:
2638 4062 2676 4109 ‹
2714 4037 2911 4111 Nihil

233 4176 270 4217 ν
307 4171 439 4243 pro
495 4173 698 4227 nunc
764 4157 1187 4244 innovetur:
1243 4156 1373 4229 sed
1438 4152 1834 4248 Episcopus
1891 4162 2142 4243 curet,
2199 4163 2322 4241 ut,
2382 4153 2908 4245 quamprimum

232 4284 269 4327 ›
305 4263 464 4337 fieri
522 4268 778 4357 possit,
836 4267 1187 4361 generalis
1240 4268 1580 4341 ecclesiae
1633 4267 2008 4360 disciplina
2061 4282 2277 4356 super
2327 4265 2605 4355 integra
2657 4264 2911 4334 recita-

229 4377 510 4448 »tione
568 4376 790 4449 divini
842 4377 1057 4451 officii
1107 4386 1454 4451 servetur.
1494 4404 1532 4445 »

375 4487 564 4558 117.
619 4485 772 4569 Qua
825 4489 1160 4563 firmitate
1212 4511 1387 4563 usus
1437 4497 1547 4562 est
1595 4505 1798 4561 sacer
1824 4484 2013 4559 Ordo
2049 4490 2126 4560 in
2179 4488 2562 4562 reiicienda
2614 4505 2912 4560 consue·

222 4598 485 4670 tudine
546 4601 763 4672 etiam
814 4602 1407 4689 immemorabili,
1465 4601 1555 4674 de
1606 4618 1748 4691 qua
1827 4599 2046 4673 locuti
2098 4618 2347 4671 sumus
2379 4652 2398 4688 ,
2456 4617 2600 4671 non
2657 4599 2908 4672 eadem

219 4727 402 4782 usus
436 4716 564 4783 est
612 4711 686 4783 in
740 4711 1183 4805 indulgenda
1231 4713 1500 4786 servitii
1554 4712 1861 4785 choralis
1894 4711 2335 4801 reductione,
2376 4729 2631 4803 nempe
2667 4712 2902 4797 venia,
