3497 5235
556 295 634 358 80
786 298 794 307 '
1315 297 1687 356 hott-notionis
1729 298 1782 355 8.
1812 297 1994 372 Oongr.
2024 298 2171 357 Ocno.
2211 301 2481 373 οηοιὶὲὶο.

559 452 597 498 »
637 429 895 518 verint,
953 447 1036 501 eo
1090 431 1243 522 ipso
1296 431 1655 522 applicata
1691 438 1765 503 et
1799 434 2249 524 incorporata
2286 436 2432 507 sint
2464 443 2535 507 et
2570 455 2725 508 esse
2762 445 3222 510 censeantur.

559 565 597 611 »
636 538 747 612 Ita
802 542 995 630 quod
1047 543 1259 615 liceat
1307 542 1450 613 illis
1498 543 1858 615 defunctis
1910 544 1986 614 in
2039 545 2306 617 eisdem
2360 546 2704 634 ecclesiis,
2779 550 3231 622 monasteriis

557 677 594 721 ›
637 658 709 724 et
757 652 1128 726 beneficiis
1179 654 1755 743 successoribuS,
1823 673 1907 727 ac
1971 657 2429 728 ecclesiarum
2492 667 2561 731 et
2634 662 3226 732 monasteriorum

557 790 594 834 >
635 765 1042 837 huiusmodi
1097 766 1429 858 capitulis
1480 771 1549 837 et
1603 766 2079 839 conventibus
2132 770 2552 859 respective,
2611 770 2731 840 illa
2775 772 3060 864 propria
3098 792 3231 844 au-

558 902 597 939 »
635 880 962 950 ctoritate
1032 877 1253 951 libere
1322 879 1902 969 apprehendere,
1960 899 2045 951 ac
2095 899 2337 952 eorum
2393 881 2709 954 ecclesiis
2763 888 2835 953 et
2884 884 3229 955 sacristiis

557 1017 595 1061 ›
637 992 999 1083 applicare
1052 998 1124 1063 et
1176 991 1725 1081 incorporare.»

701 1106 820 1176 62.
864 1101 1117 1194 Itaque
1152 1103 1603 1195 paragrapho
1640 1102 2111 1191 subsequenti
2152 1104 2391 1175 nullae
2432 1105 2814 1194 irritacque
2851 1106 3230 1178 declaran-

555 1223 670 1288 tur
722 1233 1218 1306 quaecumque
1271 1215 1776 1305 dispositiones
1825 1215 1973 1285 sive
2029 1215 2212 1287 inter
2264 1217 2487 1300 vivos,
2538 1217 2686 1288 sive
2723 1236 2939 1288 causa
2979 1219 3231 1289 mortis

553 1327 760 1399 aliter
810 1328 1068 1415 factae,
1128 1327 1411 1399 tametsi
1451 1327 1523 1396 in
1559 1327 2005 1397 commodum
2046 1344 2510 1416 personarum
2548 1329 3223 1414 ecclesiasticarum,

551 1445 678 1510 aut
728 1439 1039 1510 locorum
1093 1439 1370 1531 piorum
1425 1436 2092 1527 quomodocumque
2147 1440 2574 1511 destinatae.
2644 1438 2963 1512 Subinde
3017 1457 3226 1511 cave-

551 1556 691 1637 tur,
753 1559 826 1621 ut
880 1568 1006 1640 per
1057 1567 1397 1621 censuras
1450 1554 1521 1619 et
1572 1565 1843 1638 poenas
1894 1550 2107 1621 etiam
2163 1550 2329 1621 furti
2383 1558 2455 1622 et
2507 1551 2885 1643 sacrilegii,
2944 1570 3027 1622 ac
3079 1551 3226 1622 alia

548 1662 722 1733 iuris
774 1669 843 1733 et
896 1662 1063 1733 facti
1116 1660 1431 1732 remedia
1484 1659 1576 1730 ad
1629 1661 2155 1732 restitutionem
2205 1662 2360 1752 cogi
2416 1659 2724 1752 possint',
2784 1664 3224 1752 quicumque

551 1773 598 1842 ii
652 1774 824 1860 sint,
883 1774 1006 1862 qui
1059 1790 1172 1843 res
1223 1789 1495 1858 sacras,
1555 1779 1680 1843 aut
1717 1772 1860 1842 alia
1896 1772 2085 1842 bona
2127 1774 2489 1863 praedicta
2529 1774 2997 1846 detinuerint.
3039 1771 3232 1843 Tan-

549 1886 712 1958 dem
763 1885 1150 1974 spoliorum
1202 1881 1291 1955 R.
1335 1882 1410 1955 C.
1457 1883 1584 1977 Ap.
1629 1884 2125 1955 collectoribus
2164 1885 2574 1974 gravissime
2610 1886 3086 1971 interdicitur,
3129 1902 3226 1956 ne

548 1998 626 2066 in
675 1995 890 2068 rebus
941 2014 1215 2067 sacram
1269 1995 1791 2087 supellectilem
1843 1997 2388 2085 respicientibus
2429 1996 2765 2067 unimode
2802 2015 2956 2068 sese
2992 1996 3227 2065 immi-

546 2115 822 2195 sceant,
879 2109 989 2178 vel
1045 2109 1115 2178 in
1168 2126 1413 2179 earum
1468 2107 1892 2178 inventariis
1945 2112 2313 2196 tamquam
2359 2107 2585 2198 spolia
2625 2108 2954 2198 redigant
2988 2114 3059 2178 et
3097 2107 3229 2179 de·-

547 2219 894 2306 scribant,
951 2218 1076 2289 sed
1129 2219 1469 2306 ecclesiiS,
1529 2219 1979 2290 monasteriis
2032 2218 2335 2308 aliisque
2388 2218 2794 2291 huiusmodi
2848 2218 3228 2291 beneficiis

547 2328 769 2401 libere
823 2330 1113 2402 tradant
1166 2338 1384 2420 atque
1437 2331 1881 2419 relinquant.

696 2443 814 2512 63.
873 2438 1067 2522 Quae
1119 2443 1194 2513 in
1245 2441 1382 2512 hac
1430 2439 1950 2513 Constitutione
2020 2443 2296 2514 sancita
2349 2450 2545 2529 sunt,
2604 2459 2945 2531 persaepe
2997 2459 3232 2531 quae-

547 2552 902 2625 stionibus
938 2571 1187 2625 ansam
1229 2553 1582 2626 dederunt
1633 2559 1787 2625 tum
1824 2571 1988 2625 cum
2022 2552 2341 2626 eiusdem
2378 2553 2846 2645 applicationi
2884 2552 2976 2625 ad
3012 2571 3228 2625 casus

547 2665 1013 2757 particulares
1051 2665 1251 2737 fieret
1287 2666 1512 2738 locus.
1552 2663 1738 2737 Hinc
1775 2666 2043 2738 factum
2081 2674 2212 2754 est,
2272 2671 2350 2737 ut
2404 2667 2476 2747 S.
2518 2663 2593 2737 C.
2635 2663 2846 2737 Conc.
2889 2672 2962 2737 et
2997 2668 3221 2738 etiam

543 2774 729 2848 Rota
779 2774 1109 2849 Romana
1162 2777 1567 2848 huiusmodi
1617 2772 1866 2849 litibus
1901 2776 2322 2849 dirimendis
2359 2776 2864 2865 adhiberetur3
2921 2779 3224 2869 insuper

546 2890 870 2961 doctores
924 2890 1012 2987 in,
1052 2890 1248 2960 varia
1299 2890 1820 2962 sententiarum
1887 2888 2126 2960 studia
2181 2887 2809 2975 distrahebantur,
2869 2889 3226 2977 quemad-

547 3000 833 3071 modum
886 3018 1014 3090 pro
1066 3019 1302 3071 rerum
1356 2999 1837 3070 humanarum
1886 3007 2143 3071 natura
2195 3001 2268 3070 in
2321 2999 2458 3071 hoc
2492 3018 2728 3071 rerum
2769 3017 3026 3090 genere
3065 3000 3228 3091 ple-

545 3130 849 3202 rumque
883 3112 1257 3203 contingit.
1300 3108 1458 3182 Huc
1493 3111 1906 3200 accedebat,
1950 3112 2169 3201 quod,
2212 3130 2370 3182 cum
2427 3108 2498 3182 S.
2542 3107 2636 3180 R.
2679 3106 2762 3179 E.
2806 3106 3228 3182 Cardinales

545 3224 883 3315 specialia
935 3225 1211 3296 soleant
1263 3222 1541 3295 indulta
1599 3223 1966 3312 consequi,
2024 3227 2103 3293 ut
2156 3243 2195 3292 a
2252 3222 2476 3312 spolio
2529 3223 2963 3308 eximantur,
3026 3223 3225 3311 quod

545 3335 638 3407 ab
695 3337 868 3427 ipsis
917 3336 1228 3407 sacrario
1280 3332 1650 3408 Pontificio
1701 3336 2030 3422 debetur,
2088 3335 2727 3407 controversiarum
2790 3333 3021 3405 nodus
3091 3335 3234 3405 im·-

539 3447 868 3541 plicatior
919 3454 991 3519 et
1042 3446 1395 3519 difficilior
1449 3447 1921 3535 efficiebatur,
1979 3447 2038 3517 si
2093 3446 2383 3535 quando
2423 3445 2711 3516 insimul
2748 3445 3066 3517 ecclesiis
3105 3463 3232 3518 ca·—

542 3557 1019 3647 tbedralibus,
1062 3559 1174 3631 vel
1212 3558 1704 3631 abbatialibus
1757 3564 2215 3651 praeessent3
2273 3557 2511 3628 adhuc
2547 3558 2738 3628 enim
2781 3555 3001 3628 Plana
3040 3554 3230 3628 Con-

542 3670 917 3742 stitutione
969 3671 1018 3742 ii
1070 3672 1296 3742 teneri
1349 3669 1809 3743 videbantur.
1854 3670 2028 3740 Aliis
2064 3675 2433 3759 praeterea
2471 3670 2732 3742 diversi
2773 3671 3051 3761 generis
3088 3671 3229 3741 du·-

541 3780 1018 3854 bitationibus
1055 3790 1300 3873 aperta
1338 3783 1584 3855 aderat
1625 3786 1761 3870 via,
1805 3780 2409 3871 quemadmodum
2445 3782 2721 3875 patebit
2756 3801 2843 3854 ex
2883 3782 2995 3871 iis,
3030 3800 3226 3871 quae

545 3893 755 3966 modo
808 3894 1214 3965 afferemus.

691 4006 811 4077 64.
861 4003 1201 4087 Quocirca
1237 4012 1318 4076 ut
1352 4004 1688 4076 omnibus
1721 4004 1919 4076 hisce
1955 4005 2453 4076 controversiis
2488 4006 2705 4076 etiam
2741 4004 2815 4077 in
2853 4004 3225 4094 posterum

543 4118 1084 4208 praevertendis
1120 4117 1636 4204 consuleretur,
1681 4116 1771 4188 cl.
1816 4134 2025 4188 mem.
2070 4112 2277 4188 Card.
2322 4113 2643 4187 Ostinius
2687 4135 2849 4188 cum
2887 4115 3227 4186 Aesinam

543 4236 818 4319 regeret
852 4230 1254 4317 ecclesiam,
1298 4228 1504 4319 plura
1560 4226 1632 4299 S.
1667 4226 1739 4299 C.
1776 4225 2016 4319 Episc.
2056 4235 2129 4300 et
2164 4225 2422 4318 Regul.
2463 4246 2680 4320 super
2714 4227 2852 4299 hac
2885 4245 2961 4298 re
2996 4226 3226 4298 dubia

544 4339 981 4412 declaranda
1032 4340 1427 4431 proposuit.
1490 4338 1788 4412 Interim
1850 4339 2039 4411 idem
2100 4337 2498 4410 Cardinalis
2551 4338 2642 4410 ad
2695 4337 3226 4430 praefecturam

436 4436 450 4448 ’
542 4450 860 4521 eiusdem
932 4449 1001 4523 S.
1064 4451 1646 4544 congregationis
1717 4451 2107 4524 translatus
2178 4457 2335 4523 est:
2409 4450 2732 4540 adeoque
2804 4450 3224 4523 eorumdem

539 4560 923 4633 dubiorum
972 4582 1115 4634 una
1154 4582 1317 4635 cum
1356 4564 1516 4634 aliis
1568 4564 2050 4655 superadditis
2086 4562 2686 4653 disceptationem
2721 4562 3003 4633 enixius
3057 4579 3229 4652 pro-

541 4675 971 4748 movendam
1030 4676 1369 4766 suscepit.
1438 4672 1763 4766 Namque
1833 4682 2057 4747 totam
2119 4693 2271 4747 rem
2330 4675 2878 4767 expendendam
2943 4673 3225 4746 remisit
