3497 5235
558 307 677 371 366
1305 312 1673 371 minutioni·
1712 311 1767 370 Β.
1796 312 1977 387 Oongr.
2014 311 2161 371 Ocno.
2200 312 2468 387 expositio.

557 447 864 522 constito
913 465 1086 520 sane
1138 446 1227 520 de
1279 447 1466 519 mala
1519 447 1868 519 relatione
1921 447 2520 538 examinatorum,
2572 453 2698 520 aut
2746 445 3215 519 irrationabili

562 558 825 632 iudicio
876 556 1233 651 Episcopi,
1277 561 1348 631 S.
1409 556 1663 650 cong„
1724 557 2056 630 omnibus
2107 578 2190 630 ac
2241 559 2539 652 singulis
2606 577 2994 633 concursus
3044 560 3216 632 actis

561 670 905 757 rescissis,
947 670 1268 758 mandat,
1327 678 1406 744 ut
1460 687 1687 742 novus
1739 687 2132 742 concursus
2193 670 2551 743 indicatur
2603 688 2821 761 penes
2872 667 3217 761 Metropo-

563 781 894 870 litanum,
935 780 1151 854 veluti
1192 782 1264 852 in
1303 782 1684 854 Urbanien.
1720 781 1974 853 Praeb.
2010 780 2214 854 theol.
2246 784 2366 854 23.
2401 779 2845 872 Iun.1764.,
2878 784 3212 855 Larineu.

569 894 959 967 Concursus
1012 893 1084 962 2.
1128 890 1328 983 Sept.
1374 893 1588 964 1758.
1632 888 1719 963 In
1757 892 2070 965 secundo
2122 911 2320 982 casu,
2361 894 2569 966 modo
2605 893 2786 965 nihil
2838 899 3084 965 contra
3118 895 3219 964 iu-

561 1005 832 1075 stitiam
885 1003 1032 1075 sive
1082 1021 1171 1076 ex
1233 1009 1438 1096 parte
1491 1003 2085 1091 examinatorum,
2124 1005 2272 1077 sive
2307 1022 2394 1077 ex
2445 1013 2645 1096 parte
2680 1002 3011 1097 Episcopi
3063 1021 3224 1095 pec-

564 1121 804 1187 catum
855 1113 1093 1202 fuerit,
1143 1119 1378 1206 potest
1431 1112 1504 1185 S.
1557 1112 1631 1185 C.
1690 1113 2011 1187 defectus
2062 1115 2409 1188 admissos
2460 1135 2589 1188 sua
2642 1118 3062 1188 auctoritate
3110 1133 3223 1186 sa-

567 1243 768 1315 nare,
814 1226 1197 1298 dummodo
1250 1224 1713 1299 rationabiles
1756 1244 2016 1298 causae
2068 1232 2536 1300 concurrant:
2595 1244 2736 1317 quo
2770 1245 2941 1300 casu
2991 1243 3219 1316 neque

561 1343 728 1409 acta
780 1337 1148 1426 rescindit,
1207 1354 1443 1426 neque
1496 1353 1756 1408 novum
1809 1335 2009 1409 iubet
2063 1356 2527 1428 concursum,
2585 1345 2656 1411 et
2708 1340 2887 1410 ratio
2937 1356 3021 1410 ea
3076 1354 3223 1409 esse

568 1439 876 1536 videtur,
943 1447 1163 1537 quod,
1231 1465 1389 1520 cum
1443 1447 1733 1520 aliunde
1790 1455 2064 1522 constet
2117 1450 2206 1523 de
2257 1452 2522 1522 maiore
2573 1448 2948 1523 habilitate
3002 1456 3074 1522 et
3126 1448 3226 1520 di-

574 1559 845 1651 gnitate
899 1559 1164 1631 electae
1217 1575 1589 1650 personae,
1638 1559 2126 1632 solemnitates
2179 1563 2252 1632 in
2306 1560 2529 1633 forma
2583 1579 2969 1634 concursus
3021 1560 3225 1632 omis-

569 1687 720 1758 sae,
762 1676 888 1742 aut
941 1670 1308 1762 neglectae
1359 1687 1745 1743 concursus
1816 1671 2219 1744 nullitatem
2290 1690 2531 1745 secum
2584 1673 2765 1746 terre
2818 1691 2964 1744 non
3023 1689 3224 1762 repu-

571 1788 845 1871 tantur,
895 1782 1007 1855 vel
1059 1783 1310 1855 saltem
1364 1784 1434 1854 S.
1477 1780 1551 1855 C.
1591 1783 1786 1855 hisce
1840 1785 1912 1855 in
1966 1782 2251 1856 casibus
2321 1787 2798 1857 necessarium
2849 1801 2993 1855 non
3047 1781 3225 1853 arbi-

574 1901 831 1983 tratur,
871 1901 952 1967 ut
986 1914 1371 1968 concursus
1423 1897 1887 1969 instauretur.
1936 1893 2027 1968 Et
2077 1913 2251 1968 sane
2302 1898 2376 1968 in
2415 1896 2883 1970 Policastren.
2926 1893 3214 1966 Paroch.

575 2006 719 2079 diei
777 2007 892 2079 18.
933 2003 1131 2098 Sept.
1180 2005 1395 2076 1745.
1438 2007 1856 2080 confirmata
1907 2008 2028 2079 28.
2071 2002 2264 2079 Maii.
2314 2007 2560 2095 1746„
2611 2008 2685 2078 in
2738 2024 2879 2095 qua
2932 2021 3217 2077 examen

577 2137 815 2191 coram
868 2116 1149 2191 duobus
1200 2117 1809 2193 examinatoribus
1861 2117 2330 2210 synodalibus
2380 2123 2693 2207 tantums
2732 2116 2977 2189 addito
3028 2114 3214 2187 tertio

577 2226 860 2302 Vicario
913 2225 1268 2317 Generali‚
1311 2229 1434 2317 qui
1468 2230 1833 2320 synodalis
1886 2230 2327 2302 examinator
2369 2248 2513 2301 non
2568 2237 2747 2317 erat,
2788 2228 3111 2318 quamvis
3143 2242 3213 2297 ex

581 2340 773 2413 illius
824 2340 1168 2414 dioecesis
1221 2341 1737 2413 consuetudine
1790 2341 1942 2413 loco
1993 2342 2185 2414 tertii
2253 2341 2758 2414 examinatoris
2810 2340 3077 2410 assumi
3122 2354 3217 2408 so·

579 2452 785 2540 leret,
844 2451 1252 2524 absolutum
1305 2452 1522 2525 tuisse
1574 2452 2112 2545 opponebatur,
2172 2471 2254 2524 ac
2305 2453 2563 2526 deinde
2617 2452 2887 2525 dictum
2939 2467 3216 2522 examen

582 2564 676 2637 ad
727 2582 950 2637 unam
1000 2564 1398 2638 doctrinam
1451 2565 1860 2654 coercitum,
1919 2565 2210 2638 minime
2261 2582 2426 2638 vero
2478 2564 2568 2638 ad
2622 2582 2893 2652 mores,
2955 2562 3214 2652 aliaque

581 2676 925 2765 requisita
977 2684 1352 2750 extensum
1404 2676 1666 2766 tuisse,
1719 2682 1791 2750 et
1841 2678 2133 2768 insuper
2183 2677 2725 2749 conciunculam
2778 2674 3039 2762 verbo,
3093 2690 3219 2744 non

581 2788 844 2880 scripto
896 2788 1239 2861 traditam
1291 2788 1507 2861 tuisse
1561 2787 2105 2878 subiiciebatur,
2157 2808 2355 2862 sacer
2405 2785 2593 2861 Ordo
2644 2807 2859 2881 super
2910 2785 3219 2858 nullitate

581 2900 971 2989 requisitus
1023 2900 1430 2994 respondit:
1477 2923 1513 2965 αι
1551 2920 1692 2972 esse
1746 2900 1972 2972 locum
2022 2901 2385 2973 sanctioni
2433 2900 2527 2972 ad
2576 2899 2927 2973 cautelam
2965 2923 3003 2964 s
3044 2892 3221 2968 etad

582 3018 924 3099 mentem,
967 3029 1152 3100 quae
1206 3011 1367 3100 tuit,
1410 3018 1486 3083 ut
1524 3029 1949 3084 concursum
2004 3011 2485 3084 convalidaret
2524 3011 2812 3100 quidem
2867 3010 2965 3081 ad
3015 3013 3220 3080 caute-

583 3123 763 3204 lam,
799 3122 917 3194 sed
970 3122 1181 3194 simul
1252 3122 1692 3195 scribendum
1743 3123 1931 3195 dimit
1983 3123 2368 3215 Episcopo,
2432 3123 2787 3196 Vicarium
2841 3118 3224 3193 Generatem

584 3253 726 3306 uon
774 3253 975 3325 posse
1027 3234 1343 3324 deinceps
1397 3235 1759 3326 synodalis
1810 3235 2320 3307 examinatoris
2385 3254 2638 3306 munus
2690 3251 3054 3313 exercere,
3100 3227 3227 3301 nisi

582 3346 869 3438 proprio
920 3363 1241 3436 expresso
1294 3348 1573 3418 nomine
1625 3347 1721 3419 ad
1773 3346 1953 3418 illud
2020 3347 2273 3419 iterum
2341 3346 2823 3436 deputaretur,
2886 3349 3066 3416 teste
3115 3338 3234 3412 Be-

588 3457 756 3530 ned.
805 3453 992 3527 xlv.
1037 3456 1120 3528 de
1177 3458 1347 3545 Syn.
1389 3458 1607 3530 dioec.
1667 3458 1787 3529 lib.
1846 3458 1917 3529 4.
1961 3477 2117 3550 cap.
2176 3457 2248 3529 7.
2308 3477 2502 3529 num.
2561 3459 2631 3530 5.
2689 3453 2778 3527 In
2827 3456 3233 3532 Milevitana

591 3568 1040 3641 Parochialis
1093 3569 1165 3639 2.
1208 3564 1398 3639 Iunii
1456 3569 1703 3656 1764.,
1744 3570 1819 3639 in
1871 3587 2014 3658 qua
2066 3574 2308 3641 contra
2363 3569 2629 3662 peracti
2689 3585 3079 3641 concursus
3126 3582 3235 3634 va-

589 3678 942 3751 liditatem
997 3678 1219 3768 aliqui
1255 3678 1574 3751 defectus
1625 3698 1712 3752 ex
1757 3698 1900 3751 non
1954 3686 2235 3752 servata
2284 3680 2505 3751 forma
2557 3677 3122 3770 excipiebantur,
3158 3673 3233 3744 li-

589 3796 703 3864 cet
756 3788 827 3863 S.
870 3786 1088 3880 Cong.
1129 3807 1254 3880 pro
1291 3790 1619 3862 nullitate
1672 3792 1748 3862 in
1800 3791 2025 3882 prima
2064 3792 2542 3883 propositione
2594 3808 2849 3863 causae
2901 3790 3224 3872 stetisset,

591 3900 1086 3988 nihilominuS,
1145 3901 1540 3974 instaurato
1604 3904 2028 3991 certamine,
2088 3922 2171 3975 ac
2221 3922 2295 3976 re
2362 3903 2711 3974 maturius
2764 3920 3077 3993 expensa
3128 3898 3229 3970 die

595 4012 713 4083 15.
755 4009 951 4104 Sept.
994 4013 1440 4101 insequentis
1495 4032 1536 4084 a
1587 4012 1843 4086 decisis
1878 4015 2355 4088 recedendum
2392 4033 2545 4087 esse
2597 4014 3113 4107 pronuntiavit.
3152 4005 3232 4079 Et

586 4123 664 4196 in
716 4123 1024 4196 Alerien.
1101 4126 1275 4199 Can.
1324 4143 1533 4215 poen.
1592 4125 1709 4196 19.
1767 4125 1935 4217 Apr.
1997 4127 2244 4216 1777.,
2285 4128 2360 4199 in
2413 4146 2553 4216 qua
2616 4125 2971 4197 Antonius
3022 4120 3233 4194 Matra

588 4234 1052 4325 querebatur,
1128 4254 1426 4309 examen
1477 4235 1910 4310 verbotenus
1962 4237 2053 4309 ab
2108 4237 2712 4311 examinatoribus
2782 4234 3235 4328 synodalibus

584 4347 950 4439 expletum
1003 4346 1248 4435 tuisse,
1291 4366 1589 4439 seseque
1625 4349 1791 4422 licet
1843 4349 2184 4423 doctorali
2219 4350 2462 4422 laurea
2501 4349 2917 4441 insignitum
2956 4348 3047 4420 ab
3082 4343 3240 4436 Epi-

586 4476 799 4550 scopo
852 4457 1340 4549 posthabitum
1394 4460 1611 4533 tuisse
1663 4457 2029 4535 Dominico
2082 4459 2324 4534 Iacobi
2368 4460 2613 4533 eodem
2670 4459 2893 4551 gradu
2945 4454 3233 4538 carenti,

590 4569 948 4657 proposito
1002 4569 1262 4641 dubio:
1309 4594 1347 4637 ‹
1392 4569 1494 4642 An
1546 4574 1985 4647 sustineatur
2039 4574 2318 4649 collatio
2371 4573 2902 4667 poenitentiarii
2967 4573 3038 4644 in
3087 4584 3241 4661 per-

599 4697 640 4742 »
678 4691 926 4747 sonam
962 4682 1283 4753 canonici
1334 4678 1678 4757 Dominici
1714 4683 1985 4777 Iacobi,
2025 4705 2153 4761 seu
2204 4687 2440 4779 potius
2474 4688 2671 4759 locus
2722 4686 2815 4758 sit
2847 4701 3026 4757 novo
3078 4696 3242 4752 exa·
