3497 5235
589 360 669 423 68
1349 361 1721 421 Inmotioniu
1760 362 1815 419 8.
1843 361 2027 436 θοις».
2055 343 2215 419 cons
2242 359 2516 435 expetitio:

1168 640 1306 693 Art.
1346 640 1393 692 1.
1430 640 1522 694 De
1559 640 1970 708 reparatione
2010 640 2255 694 aedium
2293 655 2638 695 sacrarum.

720 848 1143 912 Summantun.
1198 844 1306 908 39.
1363 840 1458 908 Ad
1507 839 1963 907 cathedralium
2012 840 2483 926 reparationem
2530 838 2883 925 adiguntur
2947 835 3248 926 gradatim

584 945 842 1023 fabrica,
895 945 937 1011 ii
987 945 1095 1031 qui
1146 941 1610 1011 consuetudine
1661 954 1990 1021 tenentur,
2029 944 2406 1031 Episcopus,
2445 943 2772 1020 canonici,
2821 951 2986 1007 totus
3020 940 3248 1015 clerus,

587 1050 849 1116 tandem
895 1048 1199 1134 populus.
1236 1082 1279 1093 -
1311 1049 1421 1112 40.
1472 1044 1647 1111 Idem
1696 1045 2043 1112 dicendum
2092 1044 2175 1111 de
2224 1044 2572 1131 collegiatis
2619 1043 2887 1130 dempto
2936 1045 3256 1129 Episcopo

586 1161 655 1217 et
699 1151 873 1216 clero
921 1159 1096 1215 extra
1144 1148 1505 1215 ecclesiam.
1540 1185 1583 1196 -
1629 1150 1739 1213 41.
1793 1151 1861 1212 ln
1909 1147 2079 1213 Italia
2130 1157 2193 1214 et
2241 1148 2458 1215 insulis
2505 1147 2938 1214 adiacentibus
2984 1165 3105 1232 pro
3153 1164 3243 1210 ca-

583 1252 976 1320 thedralibus
1025 1264 1088 1319 et
1135 1250 1486 1338 collegiatis
1532 1248 1836 1315 solvenda
1887 1261 1980 1315 est
2028 1252 2233 1316 media
2284 1259 2538 1317 annata
2587 1251 2759 1316 iuxta
2809 1248 3047 1316 Bened.
3087 1250 3241 1314 Xlll.

586 1355 873 1423 constit:
912 1358 1070 1421 Pius
1115 1360 1176 1418 et
1222 1355 1601 1417 misericors.
1656 1389 1696 1400 -
1746 1356 1856 1417 42.
1912 1354 2141 1418 Contra
2207 1372 2396 1439 quam
2447 1373 2576 1420 non
2638 1353 2810 1419 valet
2858 1352 3250 1419 consuetudo

585 1457 776 1522 etiam
823 1452 1361 1521 immemorabilis.
1400 1489 1442 1501 -
1491 1458 1597 1519 43.
1652 1453 1988 1520 Parochiae
2034 1465 2422 1521 scutatorum
2457 1467 2719 1521 centum
2752 1455 3031 1521 reditum
3067 1473 3248 1521 exce-

583 1558 809 1625 dentes
856 1560 1064 1624 medt'a
1113 1564 1366 1622 anneta
1413 1567 1725 1623 taxantur.
1762 1594 1803 1605 -
1838 1562 1943 1624 44.
1986 1561 2055 1623 ln
2087 1559 2309 1624 harum
2347 1558 2661 1624 taxatione
2696 1558 3072 1625 deducenda
3106 1567 3250 1624 sunt

503 1686 513 1705 ¹
585 1680 774 1728 onera
822 1660 943 1726 fixa
993 1669 1055 1725 et
1103 1659 1328 1737 realia,
1381 1658 1645 1725 minime
1693 1678 1848 1725 vero
1896 1661 2271 1747 personalia.
2310 1698 2354 1709 -
2400 1665 2504 1727 45.
2560 1662 2959 1749 capellaniae
3008 1662 3252 1728 laicales

582 1762 659 1829 ad
707 1773 936 1829 nutum
983 1760 1354 1827 amovibiles
1402 1764 1641 1827 mediae
1674 1771 1958 1828 annatae
2005 1782 2132 1829 non
2163 1763 2514 1829 subiacent.
2548 1801 2590 1812 —
2623 1767 2730 1829 46.
2770 1763 3254 1831 Administratio

585 1864 821 1931 cumuli
870 1865 1227 1931 mediarum
1261 1875 1662 1929 annonarum
1695 1865 2013 1950 Episcopo
2050 1884 2194 1929 cum
2231 1864 2508 1950 capitulo
2543 1865 2964 1950 collegialiter
2993 1876 3254 1951 sumpto

585 1968 915 2053 competit.
954 2004 996 2015 -
1044 1969 1152 2032 47.
1191 1970 1298 2033 48.
1353 1967 1448 2032 Ad
1498 1966 1916 2032 refectionem
1964 1966 2376 2033 ecclesiarum
2424 1967 2879 2053 parochialium
2943 1966 3252 2053 gradatim

586 2068 948 2157 obligantur
995 2069 1275 2148 fabrica3
1338 2069 1377 2133 ii
1429 2069 1539 2155 qui
1590 2068 2044 2135 constitutione
2091 2069 2388 2155 speciali,
2441 2071 2545 2134 vel
2595 2068 3063 2134 consuetudine
3116 2087 3254 2133 coa-

584 2170 746 2238 ctiva
794 2182 1119 2249 tenentur,
1169 2172 1305 2236 sive
1352 2170 1664 2257 privatae,
1714 2171 1850 2237 sive
1887 2172 2154 2236 morales
2185 2189 2495 2257 personae
2526 2170 2693 2249 sint,
2743 2172 3029 2257 parochi,
3066 2188 3252 2255 paro-

585 2273 870 2340 chiarum
918 2272 1348 2359 pensionarii,
1401 2285 1466 2339 et
1509 2273 1835 2361 simplices
1884 2271 2286 2350 beneficiati3
2337 2274 2587 2358 patroni
2653 2272 2731 2356 (si
2782 2292 3018 2359 nempe
3064 2291 3256 2338 suum

582 2376 679 2442 ius
728 2377 1010 2442 retinere
1055 2377 1345 2459 volunt„
1399 2375 1680 2462 denique
1726 2376 2006 2461 populus
2051 2394 2171 2459 per
2217 2396 2320 2440 aes
2370 2386 2433 2440 et
2483 2375 2729 2440 libram.
2770 2412 2813 2423 -
2845 2378 2953 2441 49.
2992 2379 3161 2443 Sunt
3194 2385 3260 2441 et

584 2478 865 2544 remedia
913 2478 1448 2557 extraordinaria,
1502 2479 1698 2545 veluti
1752 2497 1977 2545 census
2026 2474 2374 2563 impositio,
2428 2478 2747 2556 alienati0,
2801 2490 3134 2557 mutuum,
3190 2486 3255 2543 et

579 2580 691 2647 alia
741 2580 804 2647 id
854 2600 1055 2668 genus
1104 2602 1184 2648 ex
1229 2582 1427 2670 gratia
1477 2581 1840 2669 Apostolica
1889 2581 2310 2667 impetranda.
2348 2617 2392 2629 -
2443 2584 2552 2647 50.
2602 2582 2771 2658 Quae
2820 2600 2938 2668 pro
2989 2580 3258 2647 ecclesia

580 2684 918 2770 parochiali
981 2687 1214 2751 sancita
1261 2693 1446 2761 sunt,
1517 2685 1733 2750 valent
1785 2685 1981 2749 etiam
2041 2703 2158 2772 pro
2222 2683 2415 2749 domo
2476 2684 2735 2768 parochi
2802 2685 3178 2770 reparanda.
3216 2721 3259 2732 -

582 2791 689 2854 51.
728 2792 939 2853 Donec
988 2787 1214 2854 domus
1260 2787 1632 2874 parochialis
1683 2788 2088 2865 instauratur,
2141 2797 2352 2875 potest
2399 2789 2750 2874 Episcopus
2794 2787 3071 2873 parocho
3105 2807 3259 2874 per-

581 2891 863 2967 mittere,
915 2900 985 2956 ut
1035 2889 1296 2955 domum
1329 2889 1508 2955 aliam
1544 2889 1796 2955 interim
1832 2889 2230 2955 conducat.—
2263 2889 2368 2954 52.
2408 2890 2715 2954 Ecclesias
2747 2889 3068 2974 simplices
3111 2889 3261 2954 refi-

580 3011 728 3057 cere
776 3002 1080 3059 tenentur
1125 2991 1431 3079 gradatim
1479 2991 1733 3069 fabrica,
1782 2992 2008 3076 quiex
2046 2993 2276 3079 legate,
2326 3001 2587 3067 statuto,
2640 2992 2741 3056 vel
2771 2983 3264 3056 'consuetudine

580 3094 981 3180 obligantur;
1034 3096 1333 3161 ecclesiae
1382 3106 1614 3172 rector,
1665 3095 1900 3180 aliique
1949 3094 2353 3172 beneficiati3
2406 3095 2658 3160 tandem
2716 3095 3005 3179 patroni;
3058 3093 3154 3172 bi,
3205 3094 3258 3159 si

577 3209 873 3274 renuant,
905 3198 1002 3262 vel
1030 3198 1365 3284 privantur
1391 3197 1528 3261 iure
1554 3208 1946 3283 patronatus,
1967 3198 2069 3262 vel
2098 3198 2248 3262 iuris
2275 3195 2574 3262 remediis
2599 3209 2987 3282 coguntur.-
3006 3200 3112 3262 53.
3142 3200 3260 3262 Po-

578 3309 699 3365 test
724 3301 1101 3386 Episcopus,
1133 3300 1220 3363 uti
1255 3298 1436 3368 Sedis
1456 3301 1854 3386 Apostolicae
1883 3299 2228 3386 delegatus,
2260 3298 2489 3364 auditis
2518 3299 2820 3364 interesse
2845 3298 3264 3374 habentibuS,

583 3402 923 3467 transferre
975 3400 1281 3467 beneficia
1313 3402 1390 3467 ab
1423 3401 1704 3467 ecclesiis
1738 3402 2028 3489 collapsis
2079 3404 2141 3469 in
2174 3403 2318 3466 alias
2353 3402 2644 3466 ecclesias
2692 3402 3054 3467 viciniores.
3094 3404 3262 3467 Item

576 3511 789 3588 potest
839 3502 1097 3590 adigere
1147 3501 1551 3569 beneficiatos
1598 3502 1675 3569 ad
1723 3504 1946 3570 harum
1999 3505 2544 3570 restaurationem.
2616 3507 2773 3571 ltem
2834 3504 2911 3569 ad
2976 3503 3259 3570 futuram

577 3604 1104 3669 restaurationem
1151 3604 1434 3683 aedium,
1491 3606 1554 3672 in
1600 3626 1756 3692 quas
1805 3606 2189 3672 beneficium
2241 3605 2611 3672 translatum
2662 3618 2789 3685 est,
2839 3606 2919 3672 ad
2967 3608 3262 3672 celebra·

575 3705 819 3771 tionem
869 3705 1084 3772 Missae
1148 3707 1213 3772 in
1263 3706 1367 3772 die
1418 3707 1575 3773 festo
1622 3708 1913 3774 Titularis
1962 3707 2296 3786 beneficii,
2350 3707 2466 3773 nisi
2517 3727 2699 3774 secus
2762 3710 2824 3773 in
2878 3710 3268 3775 fundatione

571 3819 878 3874 statutum
922 3809 1027 3874 sit.
1078 3809 1370 3895 Denique
1417 3830 1535 3897 pro
1582 3810 1904 3896 praedicta
1955 3812 2355 3897 reparatione
2403 3822 2614 3897 potest
2659 3824 3065 3896 sequestrare
3118 3811 3260 3877 fru-

573 3919 711 3976 ctus
758 3910 1181 3977 beneficiales.
1218 3948 1260 3959 —
1296 3916 1403 3977 54.
1444 3917 1606 3978 Haec
1653 3916 1869 3979 valent
1903 3913 2092 3979 etiam
2128 3914 2290 3978 circa
2328 3915 2595 4000 capellas
2644 3926 2707 3979 et
2753 3913 2964 3979 altaria
3004 3914 3258 3981 ibidem

569 4011 710 4076 sita.
746 4051 788 4062 —
822 4019 927 4080 55.
967 4013 1081 4092 Qui
1133 4013 1210 4080 ad
1260 4014 1680 4099 reparandam
1730 4017 2085 4092 ecclesiam,
2141 4016 2335 4081 iidem
2371 4016 2449 4081 ad
2484 4017 2973 4101 comparandam
3006 4037 3257 4083 sacram

569 4117 1088 4200 suppellectilem
1124 4127 1450 4184 tenentur.
1490 4117 1914 4185 Nihilominus
1963 4118 2169 4183 media
2204 4129 2459 4185 annam
2506 4138 2634 4183 non
2669 4132 2880 4205 potest
2919 4121 3087 4207 exigi
3127 4138 3266 4205 pro

570 4218 921 4302 reparanda
966 4239 1136 4285 sacra
1182 4218 1661 4304 suppellectile.
1699 4257 1741 4268 -
1790 4224 1897 4287 56.
1951 4221 2013 4287 Si
2066 4223 2273 4287 omnia
2333 4220 2613 4287 remedia
2665 4221 2985 4299 deficiant,
3041 4223 3263 4287 eccle-

569 4317 801 4382 siarum
870 4319 1351 4388 demolitionem
1415 4323 1655 4407 poterit
1718 4323 2069 4408 Episcopus
2133 4325 2555 4408 permittere,
2622 4343 3006 4410 quamquam
3064 4337 3266 4391 caute

575 4419 919 4488 admodum
965 4445 1032 4490 se
1081 4425 1574 4514 gerere‘debet.
1628 4464 1670 4475 -
1718 4431 1826 4493 57.
1882 4428 2231 4514 Responsio
2280 4434 2343 4496 S.
2386 4431 2460 4495 C.
2498 4429 2629 4494 Rit.
2683 4448 2801 4514 pro
2850 4428 3132 4494 ecclesiis
3182 4439 3259 4494 et

570 4523 867 4589 altaribus
916 4529 1423 4605 reconciliandis,
1476 4528 1584 4594 ubi
1634 4528 1935 4596 militares
1983 4532 2202 4616 copiae
2249 4531 2585 4596 stationem
2638 4529 2942 4609 fecerant,
2994 4550 3063 4594 ac
3095 4549 3262 4615 per-

570 4627 765 4691 multa
800 4625 1023 4693 damna
1060 4629 1491 4695 intulerant.-
1526 4635 1631 4698 58.
1680 4635 1745 4698 S.
1784 4635 1854 4698 C.
1896 4635 2091 4698 Conc.
2134 4631 2196 4697 in
2227 4634 2357 4697 suis
2392 4634 2913 4718 responsionibus
2961 4637 3266 4719 (quando

572 4731 689 4797 alia
735 4732 1016 4799 remedia
1063 4751 1192 4799 non
1239 4733 1524 4819 prosint)
1587 4735 1758 4819 piam
1806 4734 2099 4802 fidelium
2147 4736 2593 4804 liberalitatem
2640 4739 2924 4805 excitare
2971 4756 3093 4825 pro
3143 4757 3266 4806 ec-
