3497 5235
618 325 736 390 446
1370 328 1739 390 humationi·
1780 328 1833 390 8.
1862 328 2044 406 Gongr.
2070 330 2217 390 Oeno.
2258 330 2528 406 monitio.

614 463 773 548 pulo
819 461 1161 549 applicare,
1214 461 1332 528 nisi
1382 475 1605 550 agatur
1652 463 1733 531 de
1779 461 2040 530 sedibus
2087 464 2579 552 episcopalibus,
2633 472 2697 529 et
2740 460 3050 550 paroeciis
3102 463 3171 528 in
3211 461 3282 527 ti-

615 567 821 634 tulum
870 566 1141 642 erectis,
1194 564 1271 632 ad
1321 585 1552 653 easque
1598 578 1926 652 pastorum
1975 567 2413 653 legitimorum
2474 568 2647 632 vices
2691 566 3047 653 suppleturi
3118 564 3280 630 missi

613 669 876 736 suerint.
933 670 1186 736 Seclusa
1238 677 1444 734 tamen
1498 670 1673 735 omni
1723 669 2126 757 obligationis
2174 670 2262 746 vi,
2315 669 2505 735 decet
2550 690 2629 735 em
2662 668 2980 735 charitate
3014 679 3281 745 tantum,

615 783 687 839 ut
735 791 875 838 eam
923 770 1267 857 applicent.
1324 773 1612 837 vicarius
1666 773 2069 858 Apostolicus
2119 772 2625 850 Surinamensis,
2678 773 2915 858 aliique
2963 771 3136 838 illius
3181 773 3286 836 Vi-

619 876 883 943 cariatus
928 874 1306 940 missionarii
1361 874 1438 940 ad
1488 876 1732 941 Missam
1783 894 1903 963 pro
1948 877 2194 962 populo
2225 895 2356 942 non
2392 886 2721 942 tenentur.
2754 913 2799 927 —
2831 879 2982 942 364.
3022 876 3285 961 Episco-

620 999 738 1066 pus
786 978 1260 1054 Dromorensis‚
1315 978 1423 1062 qui
1474 988 1733 1064 praeter
1782 978 2221 1064 episcopatum
2267 978 2528 1066 parochi
2582 978 2858 1045 officium
2906 980 2971 1045 in
3021 978 3284 1045 ecclesia

620 1080 962 1167 parochiali
1013 1082 1240 1164 Newry
1289 1079 1495 1167 gerit,
1545 1099 1666 1166 per
1711 1100 1902 1149 unam
1946 1083 2190 1148 Missam
2223 1102 2353 1149 non
2384 1082 2678 1149 satisfacit
2709 1083 2970 1169 utrique
3002 1081 3279 1148 muneri.

625 1187 842 1268 ltaque
889 1185 953 1250 S.
994 1186 1064 1249 C.
1103 1201 1282 1247 mens
1330 1181 1472 1262 fuit,
1526 1194 1597 1247 ut
1646 1185 1708 1249 in
1757 1186 2056 1272 parochia
2105 1186 2408 1252 vicarium
2456 1186 2819 1264 constituat,
2865 1186 2976 1272 qui
3026 1196 3285 1271 praeter

619 1288 733 1353 alia
781 1305 1047 1352 munera
1096 1286 1337 1352 Missam
1401 1289 1700 1374 applicet.
1774 1287 1950 1353 Circa
2014 1289 2341 1374 praeteriti
2415 1289 2717 1376 temporis
2780 1289 3158 1356 omissiones
3213 1285 3288 1352 ad

620 1390 1028 1461 Sanctitatem
1082 1395 1268 1459 Suam
1319 1411 1419 1458 res
1464 1391 1581 1457 ista
1619 1392 1993 1459 remittitur.
2033 1429 2076 1442 -
2108 1396 2259 1459 365.
2297 1392 2608 1479 Obligatio
2643 1393 2858 1459 Missae
2890 1411 3012 1479 pro
3046 1392 3289 1479 populo

614 1494 804 1561 afficit
855 1496 1041 1560 etiam
1092 1495 1436 1582 Episcopus
1484 1515 1553 1560 ac
1601 1496 1913 1582 parochos
1962 1496 2332 1563 orientales.
2391 1495 2517 1564 Sed
2566 1495 2728 1562 circa
2778 1495 3035 1562 dierum
3080 1493 3290 1561 deter-

610 1599 1026 1667 minationem
1087 1602 1322 1665 servari
1374 1612 1643 1686 possunt
1705 1600 1881 1688 leges
1945 1610 2011 1666 et
2061 1599 2466 1666 rationabiles
2528 1600 2815 1665 locorum
2879 1599 3290 1667 consuetudi·

613 1721 751 1769 nes.
800 1703 970 1779 Quae
1019 1701 1070 1767 si
1121 1700 1358 1779 desint,
1412 1722 1670 1769 necesse
1718 1723 1846 1770 non
1897 1714 2015 1780 est,
2069 1714 2139 1769 ut
2171 1702 2624 1769 determinatio
2659 1702 2763 1769 fiat
2796 1704 2971 1769 iuxta
3003 1721 3287 1770 normam

619 1806 918 1871 ecclesiae
968 1804 1408 1871 Occidentalis.
1464 1806 1796 1893 Episcopis
1827 1804 2251 1873 Orientalibus
2301 1805 2605 1893 obligatio
2655 1805 2891 1873 isthaec
2924 1819 3289 1894 opportune

612 1909 1071 1976 manifestanda
1119 1909 1553 1996 praecipitum
1603 1921 1662 1976 at
1712 1909 1877 1977 circa
1926 1909 2179 1975 dierum
2229 1909 2833 1977 determinationem
2881 1910 3063 1997 leges
3096 1926 3288 1995 expo·

613 2010 863 2080 nendae
902 2011 1307 2092 mandantur,
1360 2032 1523 2098 quae
1572 2014 1637 2079 in
1685 2011 2074 2080 occidentali
2112 2013 2371 2079 ecclesia
2407 2012 2651 2101 vigent,
2690 2024 2760 2079 ut
2795 2013 2911 2101 ipsi
2951 2012 3114 2078 inde
3147 2030 3288 2076 nor·

615 2135 783 2183 mam
831 2125 1119 2192 sumant,
1191 2129 1253 2182 et
1303 2125 1802 2202 temperamenta
1852 2116 2049 2204 magis
2096 2117 2443 2182 necessaria
2505 2120 2568 2184 S.
2623 2114 2771 2184 Sedi
2820 2124 3214 2203 proponant.
3251 2148 3288 2163 -

620 2222 772 2286 366.
826 2222 1129 2284 Rectores
1175 2220 1527 2285 saeculares
1574 2240 1641 2284 ac
1690 2219 2017 2304 regulares
2071 2220 2480 2285 ecclesiarum
2543 2219 2814 2286 civitatis
2862 2229 2929 2285 et
2977 2217 3288 2285 dioecesis

622 2321 1023 2388 Peckinensis
1069 2341 1198 2389 non
1246 2332 1395 2388 sunt
1443 2340 1594 2388 vere
1642 2321 1943 2406 parochi,
1999 2333 2064 2388 et
2109 2321 2187 2387 ad
2235 2322 2478 2388 Missam
2541 2342 2663 2409 pro
2720 2322 2970 2409 populo
3020 2340 3156 2388 non
3202 2331 3286 2385 te·

622 2436 888 2491 nentur.
935 2462 980 2474 -
1028 2428 1181 2491 367.
1234 2425 1519 2491 Vicarius
1581 2426 1983 2514 Apostolicus
2046 2425 2384 2504 Sinarum,
2445 2425 2712 2492 Tonkini
2777 2435 2843 2490 et
2908 2424 3287 2491 Cocincinae

624 2546 874 2594 necnon
924 2528 1059 2594 eius
1109 2528 1389 2595 Vicarius
1439 2529 1761 2595 Generalis
1807 2548 1935 2595 non
1986 2540 2291 2595 tenentur
2337 2529 2414 2595 ad
2461 2530 2702 2595 Missam
2752 2545 2870 2613 pro
2918 2529 3171 2615 populo
3218 2544 3287 2590 ex

622 2630 887 2709 iustitia,
936 2630 1048 2696 sed
1101 2642 1343 2698 tantum
1393 2631 1580 2699 decet
1627 2652 1706 2698 ex
1757 2632 2084 2710 charitate,
2137 2647 2210 2700 ut
2258 2637 2399 2698 eam'
2443 2632 2797 2721 applicent.
2834 2668 2877 2679 -
2912 2634 3075 2697 368.
3126 2633 3288 2716 Apo-

612 2732 837 2800 stolico
889 2733 1400 2802 Administratori
1454 2747 1518 2802 et
1566 2733 1889 2801 Visitatori
1940 2734 2253 2802 dioecesis
2300 2735 2549 2801 nullius
2589 2738 2655 2803 S.
2687 2733 2940 2800 Martini
2977 2736 3045 2801 S.
3081 2736 3274 2817 Cong.

624 2840 818 2904 Conc.
873 2837 1197 2924 rescripsit
1245 2839 1487 2927 optime
1536 2857 1673 2904 sese
1721 2837 2010 2928 gessisse,
2064 2838 2217 2906 dum
2268 2839 2510 2906 Missam
2557 2858 2676 2925 pro
2724 2838 2970 2926 populo
3007 2836 3276 2903 oss'ereu·

614 2939 760 3007 dam
807 2941 1091 3018 curavit,
1143 2941 1290 3008 licet
1337 2961 1465 3009 non
1514 2953 1857 3019 constaret,
1908 2961 1987 3009 an
2036 2942 2331 3021 AbbateS,
2369 2941 2476 3031 qui
2514 2955 3014 3031 praecesserant,
3054 2940 3279 3008 offerre

618 3047 1113 3116 consuevissent.

759 3282 930 3353 351.
991 3276 1189 3355 Inter
1239 3299 1404 3371 eOS,
1462 3281 1585 3372 qui
1638 3277 2071 3374 obligatione
2124 3288 2464 3355 tenentur
2515 3279 2928 3373 applicandi
2996 3275 3281 3351 Missam

612 3410 739 3484 pro
792 3393 1055 3486 populo
1124 3412 1296 3466 suae
1348 3412 1561 3467 curae
1614 3393 2075 3483 demandam,
2154 3394 2463 3486 primum
2528 3389 2858 3485 Episcopi
2930 3392 3281 3463 veniunt:

608 3524 772 3579 euni
824 3508 1016 3579 enim
1068 3505 1202 3598 ipsi
1257 3506 1573 3598 primarii
1636 3507 1781 3579 sint
1834 3507 2053 3580 totius
2110 3507 2340 3599 gregis
2393 3512 2742 3598 pastoreS‚
2798 3505 3150 3594 sequitur,
3203 3505 3290 3571 ut

608 3618 825 3691 iidem
880 3619 1088 3711 primi
1128 3619 1517 3692 salutarem
1551 3619 1857 3692 hostiam
1894 3638 2023 3711 pro
2060 3621 2209 3693 suis
2245 3618 2497 3691 ovibus
2534 3617 2901 3689 immolare
2939 3615 3286 3690 debeant.

609 3725 724 3803 lta
776 3731 1114 3803 nimirum
1187 3732 1510 3805 sentiunt
1563 3733 1966 3822 complures
2035 3732 2273 3825 magni
2327 3731 2635 3803 nominis
2689 3730 3061 3819 doctoreS‚
3111 3742 3295 3819 quos

616 3850 992 3916 enumerat
1029 3841 1339 3917 Ferraris
1373 3844 1590 3916 verbo
1627 3845 1848 3918 Missa
1884 3846 2041 3918 Art.
2075 3843 2146 3917 3.
2190 3864 2386 3917 num.
2422 3845 2538 3918 11.
2581 3844 2775 3916 circa
2797 3844 2967 3937 fin„
3005 3839 3293 3915 tametsi

620 3977 856 4048 neque
908 3979 949 4031 a
1001 3956 1210 4031 Cone.
1254 3954 1479 4048 Trid.‚
1537 3977 1775 4049 neque
1830 3978 1868 4030 a
1922 3955 2311 4030 Pontificiis
2344 3954 2989 4029 Constitutionibus
3023 3954 3294 4026 diserte

619 4070 691 4142 id
742 4067 1113 4164 Episcopis
1148 4090 1330 4144 onus
1367 4070 1897 4162 praescribatur
1932 4065 2069 4166 (1).
2111 4067 2339 4143 Hodie
2392 4087 2556 4142 vero
2601 4074 2882 4160 praeter
2918 4068 3298 4140 doctorum

616 4185 1043 4256 sententiam
1084 4185 1532 4275 apertissima
1584 4184 1658 4255 in
1712 4188 2045 4275 promptu
2097 4189 2203 4254 est
2254 4183 2325 4254 S.
2367 4178 2950 4273 Congregationis
2985 4177 3300 4252 Ritunm

617 4295 1003 4370 declaratio
1029 4296 1102 4368 in
1123 4297 1525 4370 Marsorum
1552 4295 1692 4368 diei
1726 4297 1841 4367 12.
1866 4290 2042 4367 Nov.
2075 4294 2285 4365 1831.
2314 4293 2505 4385 apud
2528 4292 2923 4367 Gardellin.
2941 4289 3303 4372 214669„

616 4408 690 4480 in
719 4427 860 4500 qua
898 4410 1081 4482 inter
1118 4410 1257 4482 alia
1293 4409 1670 4501 sequentia
1705 4406 1927 4480 dubia
1964 4404 2587 4499 proponebantur:
2634 4426 2670 4471 ‹
2703 4405 2826 4478 20.
2849 4401 3075 4487 Quum
3107 4398 3310 4494 Epi-

762 4680 840 4749 (1)
879 4685 992 4735 Hoc
1029 4684 1243 4736 demum
1283 4684 1420 4737 fecit
1460 4683 1661 4738 SSu'ms
1700 4685 1767 4737 D.
1799 4684 1866 4737 N.
1903 4686 2013 4737 Leo
2040 4684 2149 4736 PP.
2181 4682 2347 4736 XIII.
2377 4682 2628 4739 Litterin
2663 4683 3011 4751 Apostolieis
3043 4678 3145 4732 dd.
3196 4680 3313 4734 tv.

619 4764 710 4821 Id.
749 4765 906 4820 Iunii
946 4769 1124 4835 1882„
1169 4785 1310 4836 quas
1350 4785 1523 4835 supr·
1559 4786 1690 4839 pac.
1735 4769 1999 4824 143-150.
2044 4771 2363 4826 retulimus.
