3497 5235
660 250 780 313 352
1418 254 1791 314 lustrationis
1832 255 1884 312 S.
1913 253 2096 328 Oougr.
2125 253 2271 313 Onne.
2310 253 2583 327 monitio.

663 412 702 457 ν
744 387 934 476 apud
989 384 1369 478 Pignatell.
1427 397 1596 462 tom.
1643 390 1717 462 4.
1768 391 1985 464 Cous,
2040 389 2207 462 154.
2269 409 2344 459 n.
2400 389 2473 461 7.
2532 389 2609 460 in
2659 388 2824 477 fin„
2876 386 2949 457 S.
2991 381 3185 454 Conc.
3232 382 3285 453 in

659 524 698 567 ιι
746 497 1073 570 Casalen.
1114 500 1235 570 22.
1278 502 1448 592 Apr.
1497 502 1709 573 1708.
1753 501 1850 573 ad
1900 500 1993 574 31
2005 553 2062 582 .,
2113 518 2257 572 non
2310 499 2677 589 obstante,
2719 497 2909 588 quod
2945 494 3288 585 aliquando

662 632 700 676 ν
741 607 993 680 adesse
1027 618 1328 700 possunt
1364 612 1526 683 lites
1562 613 1748 683 inter
1784 610 2215 703 Episcopum
2254 618 2325 684 et
2362 611 2805 710 Capitulum3
2859 608 3122 680 nedum
3155 607 3288 696 quia

663 743 701 787 ν
741 719 843 791 ibi
896 738 1038 791 non
1090 722 1511 810 panduntur
1563 724 1827 795 motiva
1858 774 1879 812 ,
1949 723 2200 795 merita
2256 729 2324 795 et
2377 729 2652 794 secreta
2706 737 2966 792 causae
2998 771 3020 806 ,
3073 718 3183 790 sed
3227 735 3288 788 eo

664 858 703 901 »
743 835 997 924 magiS,
1055 837 1223 924 quia
1276 837 1441 909 licet
1496 838 1622 908 tali
1676 856 1848 909 casu
1899 835 2296 928 Episcopus
2348 838 2832 910 interventum
2895 832 3149 904 habere
3194 851 3290 904 ne·

664 971 703 1014 »
745 953 962 1034 queat
997 948 1072 1017 in
1108 948 1451 1041 capituto,
1508 967 1599 1021 ne
1634 949 1930 1022 tollatur
1966 949 2329 1022 canonicis
2363 948 2660 1021 libertas
2692 945 3033 1032 votandi3
3086 952 3291 1016 secuta

663 1082 702 1125 ιν
743 1063 986 1129 tamen
1023 1059 1482 1148 resolutione,
1537 1079 1628 1133 ex
1662 1060 1800 1132 hoc
1851 1060 2086 1151 capite
2131 1062 2195 1132 ei
2237 1061 2482 1152 negari
2521 1066 2891 1149 nequeunt
2926 1057 3291 1130 huiusmodi

663 1193 702 1238 ν
742 1171 1174 1261 capitulares
1224 1173 1692 1244 resolutiones
1745 1167 1906 1266 (1),
1972 1179 2052 1244 ut
2104 1171 2615 1264 distinguendo
2674 1170 3149 1263 punctualiter
3194 1168 3294 1240 do-

662 1305 701 1350 >
742 1288 909 1353 cent
957 1279 1165 1355 Petra
1201 1283 1294 1354 ad
1336 1284 1628 1357 constit.
1669 1286 1907 1374 Apost.
1950 1289 2116 1355 tom.
2154 1282 2222 1355 1.
2262 1303 2434 1376 paq.
2463 1283 2583 1356 69.
2625 1302 2699 1353 η.
2732 1281 2892 1363 55„
2929 1282 3292 1372 nuperrime

662 1417 700 1462 ›
729 1392 1093 1466 -Scarfant.
1136 1394 1231 1466 ad
1271 1397 1459 1468 Cecc.
1502 1397 1552 1466 l.
1596 1396 1668 1468 4.
1709 1396 1935 1468 anim.
1973 1394 2042 1467 1.
2081 1395 2156 1467 2.
2195 1393 2319 1467 42.
2359 1402 2425 1469 et
2460 1395 2621 1477 43„
2668 1401 2740 1467 et
2790 1393 2884 1465 ad
2935 1402 3168 1485 partes
3211 1393 3294 1463 di-

660 1527 698 1573 >
738 1522 983 1577 scusso
1019 1507 1317 1578 articulo
1355 1510 1536 1580 Rota
1574 1506 1972 1580 Gerunden.
1998 1502 2262 1587 Exhib.
2304 1504 2477 1578 Res,
2512 1508 2731 1597 capit.
2771 1507 2886 1577 12.
2916 1502 3079 1576 Iun.
3113 1505 3287 1577 1702.

657 1639 697 1684 ›
736 1611 810 1708 ἓ.
855 1615 1503 1690 Fundamentorum
1537 1624 1609 1690 et
1641 1616 1714 1713 ἓ.
1756 1616 1972 1690 Prout
2016 1638 2257 1690 coram
2294 1619 2569 1700 Priolo,
2606 1617 3027 1690 confirmata
3062 1613 3294 1688 22.1u-

661 1749 700 1793 >
739 1728 839 1797 nii
882 1728 1095 1801 1706.
1135 1749 1377 1802 coram
1410 1731 1751 1802 Kaunitz.
1786 1754 1825 1798 >
1881 1726 2044 1802 Vid.
2087 1730 2402 1820 Append.
2449 1733 2622 1820 Syn.
2667 1729 2872 1820 Fulq.
2904 1748 2984 1819 p.
3030 1729 3143 1802 64.

810 1839 974 1910 163.
1031 1836 1243 1912 Haud
1295 1861 1455 1914 raro
1491 1843 1777 1914 evenire
1813 1842 2020 1929 solet,
2078 1851 2157 1915 ut
2193 1842 2624 1932 disputetur,
2667 1861 2760 1914 an
2805 1842 3128 1912 canonici
3160 1858 3294 1912 con-

657 1951 1032 2041 sanguinei
1073 1970 1198 2043 pro
1235 1953 1786 2045 consanguineis
1840 1954 1912 2024 in
1967 1953 2208 2043 aliquo
2260 1960 2425 2026 actu
2464 1954 2556 2025 ad
2592 1954 2722 2025 hos
2757 1953 3143 2043 pertinenti
3172 1950 3292 2022 sui-

657 2059 960 2151 fragium
990 2061 1171 2134 ferre
1201 2065 1513 2136 valeant.
1546 2063 1760 2137 Porro
1791 2067 1862 2136 in
1886 2067 2265 2138 Ferentino
2292 2065 2749 2157 Capellaniae
2784 2068 2851 2136 1.
2877 2063 3086 2137 Mart.
3109 2064 3285 2136 1834.

653 2170 728 2266 ἓ.
772 2173 1088 2246 Iamvero
1140 2177 1523 2265 statuitur,
1580 2178 2195 2268 consanguineOS,
2253 2179 2419 2250 licet
2470 2178 2560 2249 de
2613 2177 2827 2250 affine
2882 2184 3289 2268 cognatoque

653 2284 984 2375 eligendo
1036 2294 1342 2378 agatur,
1415 2290 1730 2380 legitima
1794 2290 2110 2380 suffragii
2184 2290 2524 2362 facultate
2577 2290 2847 2381 pollere
2915 2308 3003 2362 ex
3054 2290 3287 2361 ratione

651 2400 1048 2469 communis
1087 2400 1284 2486 iuris,
1319 2419 1401 2471 ac
1437 2401 1741 2472 decretis
1777 2399 1850 2472 S.
1877 2399 1950 2471 C.
1985 2400 2194 2473 Conc.
2241 2397 2701 2497 (Consulatur
2726 2402 2984 2494 folium
3010 2399 3287 2473 eiusdem

651 2505 1065 2580 Ferentinae
1117 2511 1213 2582 ad
1263 2511 1447 2582 diem
1516 2513 1638 2583 27.
1685 2512 1905 2603 April.
1954 2515 2168 2585 1833.
2208 2511 2307 2607 ξ.
2366 2515 2526 2586 Iure
2577 2508 2937 2607 quidem),
3011 2520 3286 2585 attamen

649 2621 1044 2693 servandas
1114 2641 1270 2695 esse
1331 2626 1729 2715 peculiares
1798 2627 2394 2716 constitutiones,
2469 2626 2595 2699 ubi
2666 2611 2959 2714 adsint,
3033 2627 3288 2698 docetur

648 2728 724 2826 ἓ.
773 2733 1101 2820 03νίῑιηι,·
1152 2735 1277 2806 sed
1332 2734 1738 2813 huiusmodi
1793 2744 2064 2808 statuta
2118 2739 2555 2809 removentia
2610 2739 3036 2811 canonicum
3087 2759 3125 2808 a
3160 2739 3286 2807 iure

650 2845 997 2935 suffragii,
1055 2848 1345 2937 quando
1392 2850 1627 2939 agitur
1680 2848 1769 2919 de
1821 2867 1949 2919 suo
1986 2849 2115 2918 vel'
2153 2850 2456 2921 alicuius
2508 2852 2870 2921 coniuncti
2927 2847 3282 2934 commode,

649 2955 1116 3047 intelligenda
1170 2978 1326 3030 esse
1378 2960 1685 3032 traditur
1735 2961 1934 3031 iuxta
1978 2958 2237 3031 Rotam
2293 2958 2497 3056 (Vid'.
2541 2962 2688 3033 Fol.
2738 2963 2805 3030 1.
2850 2958 3055 3033 Mart.
3099 2958 3281 3031 1834.

649 3067 722 3164 ἓ.
765 3068 1010 3166 Haec),
1069 3075 1262 3162 quod
1307 3092 1450 3144 non
1487 3074 1803 3146 habeant
1842 3074 2070 3145 locum
2110 3076 2182 3144 in
2221 3075 2594 3164 electione,
2652 3093 2837 3164 quae
2879 3093 3022 3146 non
3057 3070 3281 3161 tangit,

648 3189 995 3272 respectu,
1031 3184 1256 3274 ipsius
1310 3201 1656 3274 personae
1707 3186 2129 3277 eligendae,
2203 3186 2549 3257 interesse
2603 3187 3175 3271 communitatis,
3233 3186 3290 3250 et

645 3294 748 3366 sic
800 3295 874 3364 in
931 3297 1226 3366 materia
1283 3298 1791 3368 iurisdictionis
1845 3304 2048 3388 pater
2101 3307 2332 3387 potest
2390 3299 2611 3369 [ilium
2666 3306 3176 3388 praesentare,
3232 3296 3288 3362 et

647 3414 896 3477 contra
947 3407 1138 3477 filius
1190 3406 1360 3478 dare
1416 3409 1830 3499 suffragium
1886 3411 2069 3499 patri
2125 3427 2270 3480 non
2324 3409 2768 3499 prohibetur.

795 3513 878 3588 In
932 3517 1181 3590 eadem
1239 3518 1617 3590 Ferentina
1669 3539 1783 3591 res
1820 3528 1970 3591 erat
2024 3521 2112 3591 de
2166 3520 2515 3592 electione
2554 3521 2939 3611 capellani,
2982 3516 3170 3608 quod
3203 3516 3289 3584 ius

646 3625 973 3719 Capitulo
1010 3650 1048 3700 a
1087 3632 1528 3721 capellaniae
1584 3631 1963 3704 fundatore
2001 3632 2325 3704 relictum
2374 3631 2631 3703 fuerat.
2690 3628 2958 3703 Oberat
2993 3624 3290 3723 specialis

643 3739 949 3833 Capituli
1002 3739 1359 3813 Ferentini
1416 3745 1855 3831 constitutiO,
1913 3761 2004 3813 ne
2058 3743 2568 3833 consanguinei
2626 3748 2869 3813 votum
2923 3740 3102 3812 ferre
3156 3752 3290 3828 pos-

647 3858 810 3923 sent
863 3871 988 3943 pro
1042 3856 1592 3945 consanguineis
1647 3872 1873 3943 usque
1938 3854 2030 3925 ad
2088 3856 2376 3925 tertium
2431 3854 2753 3945 gradum.
2828 3851 3023 3925 Haec
3072 3856 3289 3922 autem

647 3964 740 4035 ad
791 3982 872 4034 ea
925 3965 1214 4036 extendi
1270 3985 1415 4037 non
1465 3973 1826 4057 poterant,
1885 3984 2071 4055 quae
2124 3964 2430 4056 Capituli
2484 3967 2830 4037 interesse
2873 3985 3017 4037 non
3053 3960 3296 4034 afficie-

783 4323 869 4399 (1)
906 4327 1240 4379 canonicum
1281 4326 1597 4393 quemdam,
1641 4327 1741 4392 qui
1790 4326 1850 4376 in
1900 4325 2149 4376 comitiis
2196 4324 2612 4389 capitularibus
2665 4337 2782 4375 sese
2835 4320 3217 4373 turbulentum
3250 4311 3299 4358 et

639 4412 801 4463 bonis
850 4414 1184 4464 iniuriosum
1235 4412 1586 4477 ostendebat,
1629 4413 1687 4464 S.
1718 4409 1921 4473 Congr.
1965 4410 2155 4474 Episc.
2186 4415 2243 4460 et
2284 4408 2487 4472 Regul.
2518 4408 2603 4458 22.
2638 4408 2758 4458 Ian.
2790 4408 2946 4458 1822.
2992 4396 3303 4455 monendum

641 4497 845 4560 iussit,
890 4504 953 4549 ut
993 4513 1025 4547 a
1065 4499 1354 4549 similibus
1403 4498 1743 4548 abstineret.
1788 4497 1921 4548 Cum
1970 4496 2160 4559 itaque
2201 4509 2319 4545 sese
2360 4510 2465 4544 non
2504 4493 2820 4544 emendaret
2858 4490 3148 4543 canonicus
3184 4479 3298 4537 ἰΙΙοι

643 4584 937 4642 postquam
977 4581 1232 4642 legitime
1270 4584 1539 4632 constitit
1592 4581 1655 4631 de
1699 4580 2015 4631 insultibus
2065 4580 2303 4642 collegio
2356 4579 2559 4640 sat-tia,
2605 4593 2733 4628 voce
2770 4578 2957 4627 activa
2989 4578 3043 4624 et
3079 4562 3303 4634 passivi

645 4661 905 4713 formiter
941 4664 1205 4726 privatus
1241 4669 1349 4715 est.
1393 4665 1511 4716 Cfr.
1556 4666 1859 4714 Analecta
1900 4664 2068 4713 Iuris
2116 4661 2434 4725 Pontificii
2475 4662 2633 4716 1867.
2674 4677 2801 4727 pag.
2828 4660 2951 4711 461.
