3497 5235
580 289 700 351 ‘206
1339 286 1711 347 Iusti-notionis
1752 285 1806 342 Β.
1835 283 2018 358 Gongr.
2045 285 2193 345 Ocno.
2233 286 2508 362 expositio.

582 450 621 494 »
662 443 850 510 rum,
906 439 1051 494 non
1102 428 1344 494 tamen
1379 440 1464 495 ex
1502 420 1852 493 beneficio
1890 420 2370 493 ecclesiastico
2406 420 2830 512 proveniens
2867 418 3137 492 habere
3168 438 3237 493 se

583 560 622 605 ›
662 536 941 609 doceat.

728 648 894 718 115.
955 670 993 713 ›
1033 641 1339 735 Insuper
1396 646 1718 733 censuit,
1796 644 2074 717 indulta
2139 644 2550 716 huiusmodi
2619 644 3047 735 deneganda
3099 664 3241 717 esse

585 784 623 826 ι»
663 759 793 847 iis,
850 758 971 848 qui
1026 757 1267 847 aliqua
1323 756 1857 848 dispensatione
1928 755 2255 846 indigent
2324 756 2813 846 impedimenti
2850 746 2958 827 'ex
3009 775 3245 828 eorum

583 896 621 939 »
661 870 919 943 delicto
970 869 1482 959 provenientis,
1539 874 1638 956 et,
1694 868 1865 940 sede
1916 867 2303 958 episcopali
2355 873 2684 953 vacante,
2743 865 2929 971 infra
2984 886 3245 938 annum

583 1007 623 1052 »
663 1004 704 1054 a
756 983 892 1054 die.
922 981 1316 1053 vacationis
1369 981 1660 1052 minime
1713 981 1954 1052 danda
1993 998 2148 1052 esse
2186 981 2299 1068 iis,
2356 981 2480 1069 qui
2532 979 2867 1052 beneficii
2920 981 3248 1052 ecclesia-

582 1121 621 1165 »
660 1099 820 1170 stici
872 1097 1136 1190 recepti
1190 1114 1315 1168 seu
1367 1096 1763 1187 recipiendi
1813 1097 2185 1168 occasione
2239 1095 2493 1166 arctati
2547 1113 2690 1167 non
2744 1094 3038 1168 fuerint.

730 1211 893 1283 116.
957 1234 995 1277 a>
1037 1205 1219 1280 Item
1271 1225 1645 1296 nunquam
1714 1208 2172 1280 concedenda
2242 1225 2371 1299 pro
2437 1204 2708 1278 festivis
2780 1206 3037 1279 diebus
3091 1225 3252 1279 con-

582 1346 620 1389 »
660 1322 908 1409 tinuiS,
965 1320 1093 1392 sed
1144 1336 1424 1411 semper
1475 1337 1600 1410 pro
1653 1319 2106 1409 interpolatis
2158 1319 2398 1409 aliquo
2460 1320 2799 1410 temporis
2858 1319 3093 1411 spatio
3146 1339 3253 1391 ar-

581 1458 620 1502 »
658 1433 875 1505 bitrio
926 1429 1258 1522 Episcopi
1313 1430 1752 1502 definiendO.

731 1545 895 1615 117.
958 1568 996 1610 ν
1037 1540 1362 1631 Denique
1412 1542 1719 1629 censuit,
1778 1538 2167 1632 Episcopos
2218 1560 2495 1627 omneS,
2554 1560 2636 1612 ac
2688 1542 2901 1613 etiam
2955 1540 3253 1632 Aposto-

581 1681 619 1724 ›
656 1656 831 1727 licos
882 1651 1187 1727 Nuntios
1254 1661 1326 1726 et
1379 1650 1683 1746 Legatos
1734 1649 1995 1725 Literis
2058 1654 2135 1724 in
2199 1652 2421 1725 forma
2473 1651 2718 1724 Brevis
2788 1652 3254 1723 circularibus

578 1793 617 1837 »
658 1767 1184 1853 admonendos,
1243 1766 1645 1838 decrevisse
1713 1762 2177 1839 Sanctitatem
2232 1784 2481 1851 suam,
2553 1765 2834 1836 indulta
2885 1762 3253 1854 praedicta

577 1904 616 1948 »
656 1898 799 1952 non
853 1880 954 1951 ita
1004 1879 1301 1970 passim,
1357 1876 1485 1950 sed
1534 1896 1624 1950 ex
1677 1878 1887 1949 certis
1938 1883 2220 1948 tantum
2275 1877 2755 1968 legitimisque
2801 1877 3037 1947 causis
3088 1893 3256 1946 con-

578 2015 617 2059 »
657 1992 936 2080 cedere,
994 2008 1127 2062 nec
1176 1988 1565 2080 Episcopos
1602 1989 1695 2061 ad
1730 2006 1976 2060 eorum
2030 1989 2559 2059 exsecutionem
2615 1987 3085 2076 adstringere,
3128 1984 3256 2056 sed

579 2102 854 2174 »illam
907 2119 1186 2192 semper
1239 2118 1480 2172 eorum
1536 2099 1875 2187 arbitri0,
1946 2105 2239 2171 onerata
2294 2098 2702 2170 eorumdem
2764 2099 3251 2184 conscientia,

580 2239 618 2282 »
657 2214 1087 2302 relinquere.
1146 2209 1329 2284 Item
1380 2230 1506 2303 per
1558 2211 1811 2284 eadem
1865 2211 2146 2284 indulta
2198 2211 2559 2283 licentiam
2621 2229 2765 2282 non
2818 2209 3038 2283 tribui
3094 2228 3256 2300 pro-

579 2348 619 2393 »
658 2325 992 2397 movendi
1026 2325 1437 2416 quempiam
1467 2324 1559 2395 ad
1596 2324 2004 2414 patrimonii
2044 2323 2355 2410 titulum,
2391 2322 2526 2394 nisi
2554 2322 2646 2393 ad
2683 2339 3005 2392 normam
3032 2318 3248 2393 Conc.

577 2461 616 2505 »
657 2434 849 2508 Trid.
894 2440 1075 2511 Sess.
1112 2436 1237 2510 23.
1279 2456 1436 2527 cap.
1479 2437 1553 2508 2.
1596 2436 1677 2508 de
1714 2437 2024 2528 Reform.
2075 2432 2215 2506 Eos
2249 2452 2413 2506 vero
2449 2450 2721 2522 omnes,
2762 2437 2884 2523 qui
2938 2432 3033 2505 ab
3076 2433 3259 2524 Apo-

577 2572 617 2617 »
655 2549 906 2624 stolica
959 2550 1139 2623 Sede
1192 2536 1569 2622 facultates
1622 2548 1953 2621 obtinent
2006 2546 2416 2621 conferendi
2471 2542 2775 2620 Ordines
2823 2553 3034 2620 extra
3085 2554 3258 2619 tem-

577 2685 616 2729 »
647 2679 881 2752 pora,
948 2662 1061 2734 vel
1113 2662 1272 2734 aliis
1323 2664 1717 2753 respective
1788 2663 2154 2736 tribuendi
2215 2663 2623 2751 licentiam,
2698 2669 2777 2735 ut
2830 2662 3248 2750 conferant,
3294 2739 3299 2743 ,

577 2795 617 2840 »
660 2774 963 2845 maxime
1014 2792 1262 2847 cavere
1315 2775 1620 2864 debere,
1694 2793 1785 2847 ne
1839 2776 2313 2866 praescriptos
2372 2774 2512 2846 sibi
2579 2776 2656 2847 in
2721 2773 2974 2847 iisdem
3029 2774 3257 2847 facul-

576 2884 932 2957 »tatibus
1000 2886 1264 2958 limites
1332 2888 1647 2960 cuiusvis
1713 2887 2252 2962 consuetudinis
2318 2892 2444 2959 aut
2510 2888 2818 2978 exempli
2869 2893 3251 2979 praetextu

577 3019 616 3063 »
657 2999 1309 3090 transgrediantur.
1348 3023 1388 3068 »

725 3111 891 3182 118.
947 3109 1144 3185 Haec
1196 3119 1435 3186 autem
1473 3113 1710 3184 omnia
1766 3119 1839 3184 et
1889 3112 2171 3204 singula
2223 3111 2709 3203 suprascripta
2754 3110 3045 3182 decreta
3099 3110 3254 3181 lau-

572 3219 772 3293 davit
822 3229 893 3294 et
944 3223 1367 3315 approbavit
1429 3221 1768 3296 Summus
1818 3222 2186 3313 Pontifex,
2244 3231 2314 3296 et
2370 3223 2460 3294 ab
2531 3222 2864 3294 omnibus
2917 3220 3253 3312 Datariae

573 3338 647 3404 et
698 3329 1137 3408 Secretariae
1187 3333 1519 3407 Brevium
1573 3343 1643 3408 et
1697 3356 1738 3406 a
1792 3337 2047 3408 ceteris
2097 3334 2430 3408 omnibus
2467 3336 2808 3407 ministris
2859 3340 2930 3405 et
2982 3333 3256 3405 officia-

569 3441 764 3516 libus
814 3442 1113 3533 Curiae‚
1172 3447 1267 3519 ad
1318 3465 1498 3536 quos
1548 3449 1957 3538 pertinent,
2025 3456 2371 3540 perpetuo
2423 3454 2493 3520 et
2546 3445 3055 3519 inviolabiliter
3108 3463 3256 3517 ser-

567 3555 720 3627 vari
773 3557 1168 3647 mandavit,
1225 3559 1515 3631 sublata
1567 3559 1902 3632 omnibus
1955 3578 2409 3650 quacumque
2462 3559 2829 3646 facultate,
2880 3558 3253 3648 praedicta

568 3667 852 3742 indulta
906 3670 1116 3742 aliter
1169 3689 1383 3761 quam
1438 3672 1532 3744 ad
1583 3671 1883 3744 formam
1937 3671 2348 3744 eorumdem
2400 3670 2846 3743 decretorum
2898 3669 2974 3739 in
3010 3674 3255 3760 poste·

567 3797 730 3852 rum
780 3781 1308 3873 interpretandi
1361 3790 1434 3856 et
1485 3784 1940 3874 expediendi.

722 3893 891 3965 119.
948 3891 1051 3967 De
1102 3895 1507 3968 interstitiis
1559 3914 1769 3987 agere
1821 3901 2089 3985 restat,
2161 3913 2462 3985 quorum
2514 3894 2803 3966 nomine
2859 3915 2898 3957 «ι
2929 3910 3076 3962 non
3128 3908 3253 3961 ve-

570 4026 612 4070 »
651 4004 862 4076 niunt
915 4000 1249 4100 (docente
1302 4004 1572 4079 Girald.
1629 4008 1776 4079 Ius.
1818 4007 2032 4081 Pont.
2076 4006 2255 4078 Par.
2298 4007 2393 4079 ΙΙ.
2436 4011 2600 4078 sect.
2645 4005 2811 4077 101.
2855 4023 3028 4096 paq.
3069 3999 3244 4076 963.

570 4138 612 4182 »
650 4115 850 4188 iuxta
891 4119 1086 4190 Decl.
1132 4120 1207 4191 S.
1249 4120 1324 4194 C.
1362 4119 1436 4194 C.
1486 4119 1600 4190 17.
1631 4115 1799 4190 Maii
1840 4114 2093 4213 1591.)
2144 4115 2463 4200 Quatuor
2496 4117 2668 4189 anni
2704 4112 3075 4205 Tempora,
3114 4111 3253 4184 sed

570 4251 609 4295 »
649 4228 829 4302 illud
880 4231 1223 4322 temporis
1273 4231 1733 4319 curriculum,
1778 4230 1970 4320 quod
2006 4250 2094 4303 ex
2129 4230 2494 4303 canonicis
2546 4226 3040 4301 sanctionibus
3075 4224 3254 4295 olim

568 4340 836 4413 »inter
886 4360 1112 4415 unum
1166 4351 1238 4416 et
1290 4342 1593 4416 alterum
1648 4339 1988 4416 Ordinem
2042 4342 2355 4416 debebat
2415 4340 2884 4422 intercedere.
2922 4363 2960 4406 ⁷>
3033 4334 3253 4409 Porro

570 4447 784 4524 Conc.
825 4450 1012 4525 Trid.
1062 4457 1243 4529 Sess.
1281 4453 1406 4528 23.
1449 4475 1605 4547 cap.
1651 4453 1771 4528 Η.
1812 4461 1880 4528 et
1928 4475 2085 4546 cap.
2130 4453 2248 4528 43.
2290 4473 2375 4527 ac
2415 4452 2532 4525 14.
2575 4452 2659 4525 de
2710 4452 3020 4543 Reform.
3061 4448 3257 4520 inter

567 4562 1054 4654 acolythatum
1104 4572 1180 4639 et
1228 4565 1855 4656 subdiaconatum,
1914 4569 2100 4639 inter
2149 4565 2343 4637 hunc
2392 4572 2466 4637 et
2517 4564 3005 4649 diaconatum,
3060 4560 3261 4631 inter

566 4673 1028 4751 diaconatum
1079 4684 1153 4751 et
1200 4678 1779 4770 presbyteratum
1825 4696 2051 4751 unum
2085 4696 2357 4751 annum
2407 4674 2850 4751 intercedere
2902 4667 3265 4766 praescri-
