3497 5235
1140 305 1260 380 ⁰⁸P·
1286 305 1382 364 111.
1419 306 1492 363 Do
1534 305 1669 363 eluro
1709 305 1982 364 sumlui.
2026 308 2081 381 5.
2108 306 2188 364 13.
2884 305 3005 368 499

327 441 549 516 versis
602 441 876 514 clericis
926 447 1073 513 tam
1125 440 1425 532 simplici
1482 447 1803 527 tonsura,
1847 444 1971 511 aut
2018 437 2409 511 minoribus
2461 435 2852 511 Ordinibus
2887 441 3003 512 in·-

328 556 646 642 structis,
703 571 919 644 quam
974 554 1047 624 in
1100 554 1319 625 sacris
1370 548 1762 625 Ordinibus
1814 551 2260 639 constitutiS,
2328 551 2592 623 nedum
2649 550 2997 624 beneficia

324 667 809 740 ecclesiastica
863 663 1401 752 obtinentibu8‚
1458 662 1584 735 sed
1638 664 1851 734 etiam
1925 663 2306 753 pensiones
2366 681 2580 754 super
2648 663 2997 736 fructibus

329 778 858 865 ecclesiasticiS,
914 783 1038 847 aut
1092 775 1363 848 fructus
1414 776 1604 866 ipsos
1656 782 2052 847 reservatos
2105 776 2698 867 percipientibus,
2741 785 2823 850 ut
2871 778 3001 849 ha-

332 887 563 960 bitum
599 895 672 962 et
723 895 1086 959 tonsuram
1142 888 1541 959 clericalem
1595 889 1852 979 iugiter
1886 886 2238 959 deferant.
2296 884 2672 960 Praeterea
2710 898 3000 963 cautum

335 999 495 1088 fuit,
552 1007 633 1072 ut
685 1001 757 1071 in
810 1006 1171 1090 posterum
1226 1000 1509 1071 nonnisi
1566 1005 1726 1071 actu
1780 999 2102 1089 clericiS,·
2140 1005 2211 1072 et
2265 999 2336 1069 in
2387 999 2647 1072 habitu
2701 1021 2784 1074 ac
2843 1009 3001 1074 ton-

330 1129 499 1183 sura
554 1109 1058 1183 incedentibus
1108 1110 1454 1182 beneficia
1511 1110 1877 1200 quaelibet
1914 1112 2022 1183 vel
2061 1112 2439 1201 pensiones
2473 1111 2991 1186 conferrentur.

333 1217 533 1302 Quod
586 1223 647 1292 si
700 1224 821 1311 qui
893 1221 1241 1310 fuissent,
1316 1223 1438 1310 qui
1492 1219 1857 1295 Pontificis
1910 1223 2248 1295 mandato
2317 1241 2475 1294 cum
2549 1223 2804 1295 effectu
2855 1243 3001 1297 non

332 1330 752 1421 obedirent,
809 1340 1089 1425 praeter
1140 1332 1320 1405 alias
1374 1351 1641 1424 poenas
1692 1340 1938 1406 contra
1990 1351 2111 1405 eos
2183 1334 2572 1424 irrogatas,
2645 1335 2799 1406 sine
2852 1336 2999 1406 ulla

332 1445 765 1532 monitione,
822 1445 1158 1518 citatione
1215 1445 1322 1517 vel
1377 1446 1660 1517 decreto
1730 1444 1985 1517 iudicis
2037 1446 2190 1538 ipso
2243 1444 2428 1516 facto
2483 1463 2714 1535 poena
2766 1447 3002 1538 priva-

328 1556 544 1627 tionis
579 1556 958 1628 mulctatos
993 1555 1240 1644 voluit,
1282 1557 1379 1627 ita
1416 1564 1496 1629 ut
1529 1554 1880 1627 beneficia
1919 1563 2286 1646 tamquam
2324 1559 2684 1646 vacantia,
2717 1565 2790 1630 et
2827 1577 3002 1650 pen·

331 1667 568 1739 siones
637 1668 740 1739 uti
792 1668 1189 1739 exstinctae
1240 1686 1325 1739 ac
1374 1668 1651 1740 deletae
1706 1666 2139 1739 considerari
2192 1667 2534 1757 debeant,
2596 1676 2668 1741 et
2720 1670 3000 1742 collatio

330 1777 661 1852 beneficii
714 1777 1004 1850 Summo
1060 1776 1377 1851 Pontifici
1433 1795 1558 1870 pro
1613 1785 1928 1870 tempore
1979 1787 2338 1852 reservata
2392 1788 2798 1854 censeatur.

482 1890 649 1961 442.
708 1888 841 1962 Per
901 1891 1114 1962 aliam
1183 1907 1347 1960 vero
1397 1888 1693 1962 Constit.
1755 1892 1971 1981 incip.
2047 1893 2448 1965 Pastoralis
2502 1894 2639 1965 diei
2695 1893 2814 1965 31.
2881 1887 3003 1964 Iu-

334 2002 437 2073 nii
497 2002 709 2074 1589.
767 2002 953 2075 idem
1007 1999 1330 2074 Pontifex
1383 2002 1781 2091 paullulum
1837 2003 2183 2075 eiusmodi
2220 2005 2522 2095 rigorem
2578 2006 3001 2096 temperavit

335 2114 520 2186 circa
574 2133 721 2202 eos,
763 2115 884 2203 qui
922 2115 1301 2205 pensiones
1352 2113 1752 2185 obtineant.
1811 2107 2049 2185 Voluit
2085 2115 2303 2203 enim,
2345 2123 2425 2187 ut
2460 2118 2709 2189 iisdem
2751 2118 2999 2208 poenis

337 2225 792 2298 afficerentur
843 2226 892 2295 ii
943 2231 1251 2313 tantum,
1293 2243 1594 2315 quorum
1633 2225 1882 2316 pensio
1921 2225 2226 2298 valorem
2280 2228 2653 2318 sexaginta
2707 2228 3000 2300 ducato-

334 2354 494 2408 rum
546 2337 701 2407 auri
752 2336 842 2408 de
893 2354 1173 2408 camera
1224 2355 1367 2408 non
1421 2337 1821 2409 excederet.
1880 2335 1952 2409 Si
2005 2356 2169 2409 vero
2207 2341 2534 2428 excedat,
2577 2341 2997 2431 declaravit,

334 2450 475 2522 illis
524 2451 774 2542 poenis
844 2449 1151 2541 illigatos
1220 2450 1511 2521 minime
1561 2446 1877 2539 censeri,
1936 2450 2073 2520 nisi
2123 2458 2507 2542 postquam
2580 2454 3001 2544 pensionem

333 2564 561 2654 ipsam
615 2563 895 2654 exigere
946 2562 1335 2653 coeperint,
1377 2563 1487 2635 vel
1527 2580 1650 2653 per
1701 2563 1892 2653 ipsos
1928 2563 2232 2650 steterit,
2273 2565 2659 2654 quominus
2713 2566 3002 2657 exigant

331 2674 443 2746 vel
496 2675 917 2765 percipiant.
978 2670 1453 2765 Excipiuntur
1505 2677 1718 2746 etiam
1775 2675 1866 2745 ab
1923 2675 2006 2746 iis
2056 2676 2305 2767 poenis
2345 2676 2728 2749 familiares
2766 2676 3001 2768 Papae

331 2786 687 2857 inferioris
739 2786 1077 2874 familiae,
1136 2790 1260 2856 aut
1310 2785 1585 2874 famuli,
1645 2787 1767 2876 qui
1824 2785 2120 2876 proinde
2174 2805 2320 2857 non
2360 2793 2701 2860 tenentur
2735 2797 3000 2861 vestem

329 2896 731 2969 clericalem
803 2898 1126 2969 induere.
1185 2891 1360 2968 Vide
1411 2895 1680 2969 Girald.
1741 2899 1854 2970 Ius
1912 2901 2124 2971 Pont.
2167 2901 2257 2971 P.
2303 2900 2398 2970 ΙΙ.
2441 2908 2608 2972 sect.
2649 2898 2824 2981 48„
2877 2899 3003 2971 ubi

333 3004 651 3110 Sixtinae
702 3005 1267 3081 Constitutiones'
1308 3007 1400 3078 ab
1452 3008 1641 3079 omui
1697 3008 1843 3080 fere
1897 3014 2099 3098 parte
2155 3008 2579 3081 afferuntur.

481 3119 648 3191 443.
707 3117 1127 3191 Huiusmodi
1182 3126 1853 3210 temperamentum,
1897 3137 2039 3209 quo
2076 3117 2315 3191 Sixtus
2353 3116 2435 3190 V.
2483 3138 2653 3191 usus
2690 3127 2798 3192 est
2833 3139 3002 3212 erga

332 3251 498 3320 eOS,
556 3232 677 3322 qui
732 3232 1048 3320 aliquam
1100 3233 1517 3322 pensionem
1570 3232 2599 3321 assequuntur,‚occasionem
2668 3231 3001 3322 praebuit

330 3342 739 3432 dubitandi,
781 3362 874 3414 an
928 3343 1081 3414 eius
1132 3344 1308 3435 legis
1359 3343 1726 3433 dispositio
1781 3341 2241 3415 beneficiatos
2281 3344 2828 3433 complectatur,
2876 3345 3001 3432 qui

327 3459 401 3530 in
455 3458 704 3529 eadem
760 3457 1034 3529 ratione
1087 3463 1488 3544 versantur,
1545 3455 1882 3528 nimirum
1921 3458 2040 3547 qui
2083 3457 2206 3527 tali
2245 3453 2591 3526 beneficio
2633 3455 2997 3544 fruuntur,

326 3571 531 3644 cuius
583 3569 854 3642 reditus
889 3570 1075 3641 intra
1120 3569 1489 3659 sexaginta
1527 3569 1830 3639 ducatus
1867 3567 2020 3637 auri
2059 3567 2148 3638 de
2185 3584 2464 3638 camera
2509 3572 2996 3653 coerceretur;

327 3689 401 3753 at
455 3679 529 3753 S.
570 3681 644 3752 C.
687 3679 898 3752 Conc.
957 3680 1072 3752 die
1127 3681 1195 3751 4.
1242 3678 1436 3771 Sept.
1485 3680 1697 3751 1677.
1758 3678 2173 3765 declaravit,
2219 3679 2290 3749 in
2345 3696 2426 3748 ea
2481 3675 3000 3749 Constitutione

327 3792 729 3865 Pastoralis
768 3793 856 3864 de
911 3792 1378 3882 pensionibus
1430 3797 1710 3864 tantum
1767 3808 1913 3861 rem
1967 3787 2243 3876 baberi,
2283 3807 2428 3860 non
2470 3795 2708 3860 autem
2750 3787 2838 3858 de
2875 3785 3003 3858 be-

328 3906 646 3992 neficiiS,
715 3924 899 3994 quae
952 3906 1222 3996 primae
1275 3902 1774 3975 Constitutioni
1852 3902 2024 3975 Cam
2076 3906 2605 3972 sacrosanctum
2675 3896 2999 3969 subiecta

328 4023 728 4103 remanent,
789 4017 952 4088 licet
1001 4017 1371 4106 sexaginta
1426 4033 1798 4087 aureorum
1854 4021 2275 4104 proventum
2333 4029 2792 4101 nequaquam
2840 4010 3004 4081 red-

329 4129 510 4201 dant
561 4124 736 4223 (lib.
779 4127 901 4200 29.
945 4128 1198 4200 decret.
1239 4147 1402 4219 paq.
1451 4126 1617 4200 147.
1675 4134 1739 4198 et
1793 4119 2034 4221 500.).

478 4240 648 4310 444.
710 4237 780 4311 S.
830 4258 921 4309 m.
962 4236 1230 4311 Bened.
1273 4235 1477 4309 Xlll.
1537 4241 1606 4309 in
1663 4236 1959 4308 Constit.
2003 4234 2438 4326 Apostolicae
2474 4233 2827 4304 Ecclesiae
2870 4227 2997 4303 VI.

326 4349 512 4423 Non.
555 4348 719 4422 Mai.
755 4351 968 4421 1725.
1001 4350 1584 4421 beneficiatorum
1624 4348 1851 4419 laicali
1907 4347 2161 4418 habitu
2201 4345 2681 4416 incedentium
2723 4351 3002 4434 proter-

327 4464 515 4534 viam
570 4463 908 4547 coercuit,
966 4460 1318 4532 mandans
1369 4463 1586 4533 totius
1631 4458 1959 4530 catholici
1993 4458 2186 4531 orbis
2222 4452 2647 4543 OrdinariiS,
2691 4473 3001 4545 quorum

327 4575 400 4645 in
454 4574 758 4646 dioecesi
814 4573 1046 4644 clerici
1101 4571 1444 4645 beneficia
1500 4572 1957 4662 possideant,
2016 4577 2093 4641 ut
2147 4571 2218 4639 in
2273 4587 2438 4656 eos,
2506 4569 2628 4657 qui
2683 4569 2756 4638 in
2811 4567 3001 4638 hanc

328 4693 604 4777 partem
631 4692 1035 4778 peccarent,
1068 4686 1425 4760 canonicis
1452 4684 1784 4758 remediis
1812 4682 2380 4755 animadvertere
2408 4681 2689 4772 possint
2717 4699 2735 4768 ;
2778 4687 2999 4769 atque
