3497 5235
559 308 670 374 106
825 372 837 388 ,
1297 313 1666 375 luuh-notioni·
1710 315 1765 373 fl.
1794 313 1981 393 Gongr.
2009 316 2156 376 Ocno.
2197 317 2465 391 expositio.

555 449 819 544 templo
870 450 1165 523 colenda
1202 450 1649 524 exhibeatur.
1692 447 1957 526 Omnes
1993 471 2277 544 quoque
2312 453 2767 527 vehementer
2798 455 3199 547 hortamur,

557 568 635 634 ut
671 564 743 635 in
781 561 1026 636 eadem
1057 564 1321 656 templa
1358 563 1769 653 frequentes
1796 567 2251 647 conveniant,
2285 563 2652 656 Deumque
2686 585 2813 658 pro
2842 563 3202 642 Ecclesiae

558 677 864 749 utilitate
903 694 1327 768 magnopere
1363 684 1683 765 exorent,
1726 678 1799 749 in
1837 697 1978 768 quo
2015 697 2143 750 nos
2178 697 2436 749 causae
2474 678 2801 771 publicae
2852 681 3201 754 rationem

553 790 855 879 positam
909 788 1329 878 iudicamus,
1385 795 1464 861 ut
1514 787 2005 861 Eucharistiae
2056 786 2590 863 Sacramentum
2627 791 2942 865 fidelium
2987 812 3206 866 vene-

556 902 811 974 rationi
863 907 1348 992 propouatur3
1405 901 1622 990 idque
1672 902 1847 973 satis
1883 919 2038 974 esse
2075 901 2166 973 ad
2203 909 2516 974 nostram
2568 901 2978 976 facultatem
3016 905 3205 978 indi-

554 1016 856 1090 candam
908 1015 1376 1102 declaramuS,
1435 1016 1623 1105 quod
1676 1015 2133 1090 ecclesiarum
2188 1018 2503 1105 uomina,
2560 1018 2634 1089 in
2689 1018 2951 1110 quibus
2986 1038 3206 1112 expo-

552 1131 745 1202 nitur
796 1128 1006 1202 Sacra
1057 1125 1532 1218 Eucharistia,
1589 1137 1831 1200 nostra
1886 1131 2307 1202 auctoritate
2345 1130 2416 1200 in
2453 1130 2679 1203 lucem
2717 1133 3197 1222 proferantur.

552 1239 1074 1312 Caeremoniale
1109 1236 1619 1330 Episcoporum
1656 1240 2007 1334 approbat
2058 1236 2218 1337 (lib.
2241 1243 2316 1314 2.
2349 1261 2412 1313 ε.
2435 1240 2635 1338 33),
2671 1244 2861 1334 quod
2917 1268 2954 1311 ι
2985 1243 3205 1317 Sacra

554 1379 591 1422 »
632 1349 1076 1424 Eucharistia
1129 1352 1201 1422 in
1260 1351 1474 1423 Altari
1528 1354 1911 1444 exponitur
1967 1354 2040 1427 in
2092 1355 2393 1446 singulis
2443 1356 2758 1429 ecclesiis
2810 1358 3205 1450 collegiatis

554 1489 591 1531 »
632 1464 722 1536 ad
758 1470 978 1536 totam
1015 1469 1336 1535 octavam
1375 1465 1850 1538 solemnitatis
1883 1464 2202 1557 Corporis
2237 1464 2517 1538 Christi.
2549 1492 2586 1534 »
2624 1465 2709 1540 In
2743 1469 2879 1542 hac
2916 1471 3206 1546 civitate

549 1575 871 1667 singulae
924 1575 1302 1666 parochiae
1355 1577 1424 1647 id
1480 1576 1711 1650 facere
1765 1583 2330 1667 consueverunt3
2388 1580 2579 1670 quod
2629 1599 2803 1653 sane
2855 1582 3204 1676 impedire

551 1687 906 1759 nolumus.
966 1683 1152 1758 Illud
1204 1692 1522 1776 tantum,
1580 1689 1774 1779 quod
1826 1689 1966 1761 iam
2018 1695 2345 1780 coeptum
2400 1689 2574 1778 fuit,
2631 1699 2709 1763 ut
2761 1693 3201 1784 perficiatur,

552 1800 1028 1886 decernimuS‚
1085 1817 1175 1871 ne
1227 1800 1493 1873 scilicet
1544 1799 1991 1876 Eucharistia
2031 1802 2102 1873 in
2140 1802 2279 1873 alio
2316 1803 2633 1893 quolibet
2685 1793 2952 1898 templo
2988 1825 3212 1899 expo·

554 1918 791 1999 natur,
867 1911 1029 1983 licet
1094 1930 1221 2003 per
1267 1914 1627 1986 octiduum
1683 1933 1968 2005 quoque
2021 1911 2339 2006 Corporis
2389 1915 2644 1990 Christi
2714 1918 2786 1990 id
2854 1921 3203 2012 superiori

552 2029 866 2114 tempore
918 2024 993 2095 in
1045 2043 1235 2096 more
1286 2026 1595 2119 positum
1648 2025 1887 2116 fuerit,
1943 2048 2101 2100 cum
2154 2029 2327 2100 satis
2376 2028 2755 2119 habeatur,
2806 2029 2869 2101 'si
2909 2031 3208 2104 divinis-

552 2136 809 2209 simum
863 2134 1398 2210 Sacramentum
1452 2139 1525 2211 in
1580 2140 1934 2229 parochiis
1984 2141 2247 2231 populo
2291 2140 2734 2215 adorandum
2771 2142 3198 2234 proferatur.

555 2247 655 2320 Ad
706 2248 894 2321 hanc
945 2266 1263 2322 normam
1315 2250 1777 2345 redigendam
1830 2254 2328 2343 praecipimuS,
2387 2254 2487 2325 uti
2540 2255 2681 2325 iam
2734 2255 2883 2327 fieri
2939 2256 3202 2346 coepit,

548 2359 888 2434 tabellam
942 2361 1397 2435 ecclesiarum
1450 2365 1741 2437 nomina
1781 2364 2305 2456 designantem,
2344 2365 2420 2436 in
2456 2365 2720 2456 quibus
2753 2363 3208 2439 Eucharistia

546 2471 834 2565 publice
885 2473 1250 2548 adoranda
1304 2477 1561 2569 exponi
1614 2477 1821 2548 solet.

701 2585 816 2657 14.
856 2582 1056 2669 Quod
1092 2589 1151 2661 si
1204 2585 1622 2681 Regulares,
1680 2593 1808 2662 aut
1858 2586 2274 2664 Saeculares
2310 2590 2396 2664 iis
2431 2589 2686 2664 diebus
2739 2588 3020 2665 Sacram
3057 2587 3209 2663 Eu-

549 2697 954 2771 charistiam
1010 2720 1363 2794 exponere
1414 2702 1678 2791 velint,
1735 2704 1858 2793 qui
1911 2704 1986 2774 in
2038 2703 2287 2776 eadem
2346 2703 2609 2775 tabella
2673 2704 2959 2776 minime
3012 2703 3208 2776 desi-

552 2819 887 2905 gnantur,
928 2832 1054 2904 pro
1090 2833 1165 2886 re
1201 2814 1513 2905 regenda
1566 2814 1978 2886 facultatem
2018 2833 2058 2885 a
2097 2814 2302 2899 nobis
2338 2817 2817 2909 expostulent,
2872 2834 3208 2888 causam-

549 2942 688 3014 que
740 2923 1132 2999 declarent.
1189 2922 1321 3007 Qui
1389 2928 1819 2999 contrarium
1884 2928 2225 3014 audeant,
2284 2926 2544 2999 debitis
2596 2929 2843 3019 poenis
2895 2948 2935 2998 a
2988 2928 3205 3000 nobis

550 3035 998 3110 afficientur:
1059 3062 1095 3104 ι
1135 3034 1365 3127 Quod,
1420 3040 1480 3111 si
1530 3036 1927 3131 Regulares
1963 3037 2237 3129 absque
2273 3039 2588 3128 licentia,
2630 3045 2700 3111 et
2737 3039 2958 3111 forma
2992 3058 3208 3131 prae-

553 3173 589 3216 »
628 3148 776 3222 fata
825 3152 1351 3224 sanctissimum
1392 3149 1932 3224 Sacramentum
1981 3149 2314 3243 publicae
2367 3152 2806 3223 venerationi
2843 3169 3203 3243 exponere

550 3285 587 3327 »
627 3262 1001 3351 auderent,
1058 3270 1293 3355 potest
1344 3261 1738 3358 Episcopus
1790 3269 2034 3334 contra
2089 3263 2281 3354 ipsos
2314 3263 2405 3335 ad
2444 3281 2746 3355 poenam
2793 3270 3206 3354 competen-

547 3398 585 3440 ι»
625 3378 767 3445 tem
804 3375 1212 3464 procedere.
1244 3400 1280 3443 »
1319 3371 1431 3446 Ita
1468 3373 1850 3446 Braschius
1876 3370 2499 3470 (Promptuarium
2524 3376 2864 3467 synodal.
2897 3375 3198 3467 cap.29.

547 3505 741 3558 num.
782 3484 854 3558 3.
909 3492 976 3559 et
1026 3507 1208 3580 seqq.
1214 3484 1288 3582 ),
1341 3488 1463 3579 qui
1534 3485 1907 3560 Sacrarum
1961 3485 2598 3580 congregationum
2667 3507 2880 3580 super
2939 3489 3075 3561 hac
3124 3509 3201 3562 re

528 3596 839 3671 Decreta
890 3599 1266 3691 diligenter
1318 3608 1716 3673 enumerat.
1764 3599 2121 3688 Attamen,
2177 3605 2257 3671 ut
2311 3601 2420 3671 ius
2457 3607 2805 3690 nostrum,
2845 3602 3204 3694 simulque

546 3709 854 3784 officium
908 3729 1071 3803 erga
1124 3711 1301 3783 alios
1351 3720 1696 3801 servetur,
1754 3713 1813 3783 si
1867 3714 2219 3784 contraria
2288 3712 2706 3803 iampridem
2760 3715 3204 3787 consuetudo

548 3823 953 3913 invaluerit,
1012 3830 1089 3895 ut
1141 3842 1399 3915 nempe
1451 3826 1526 3897 in
1579 3825 1821 3915 aliquo
1872 3824 2137 3915 templo
2198 3824 2408 3895 certis
2460 3823 2890 3913 quibusdam
2942 3824 3206 3899 diebus

547 3936 620 4009 in
671 3936 940 4008 tabella
988 3937 1276 4009 minime
1313 3935 1686 4027 descriptis
1722 3954 1923 4008 sacra
1958 3933 2408 4009 Eucharistia
2446 3933 2732 4026 publice
2769 3944 3200 4031 exponatur,

547 4049 722 4120 satis
768 4049 928 4140 erit,
984 4050 1043 4120 si
1096 4048 1417 4121 eiusdem
1468 4049 1570 4120 rei
1624 4056 1869 4137 causa,
1909 4054 1980 4119 et
2018 4048 2109 4120 ad
2147 4049 2374 4139 ipsam
2413 4047 3005 4122 consuetudinem
3040 4068 3210 4141 pro-

546 4160 860 4233 bandam
913 4166 1334 4253 argumenta
1384 4159 1594 4231 nobis
1629 4159 2133 4248 exhibeantur,
2175 4177 2361 4250 quae
2396 4159 2453 4231 si
2492 4180 2530 4229 a
2567 4159 2777 4231 nobis
2812 4159 3209 4253 obsignen-

543 4280 687 4362 tur,
725 4292 851 4367 pro
889 4274 1288 4346 necessaria
1342 4272 1682 4345 facultate
1718 4272 2105 4361 sufficient,
2145 4273 2371 4345 donec
2422 4289 2683 4345 novum
2724 4272 2997 4363 aliquid
3032 4293 3207 4347 con-

542 4393 653 4458 tra
688 4391 1073 4458 statuatur.
1114 4383 1375 4459 Notum
1410 4391 1654 4458 tamen
1689 4404 1846 4459 esse
1896 4387 2224 4459 volumus
2258 4384 2581 4457 eamdem
2618 4382 3031 4459 facultatem
3069 4406 3205 4460 nos

545 4498 835 4571 minime
872 4516 1359 4588 concessuroS,
1416 4499 1473 4570 si
1528 4499 1600 4571 in
1639 4500 1813 4592 ipsis
1850 4499 2167 4571 ecclesiis
2202 4497 2408 4570 statis
2443 4497 2693 4569 iisdem
2732 4498 2903 4570 anni
2940 4498 3203 4572 diebus

545 4610 815 4703 effigies
874 4609 1135 4683 Beatae
1199 4607 1506 4705 Virginis
1570 4618 1998 4703 exponatur,
2070 4610 2181 4682 vel
2254 4609 2513 4681 festum
2585 4610 2886 4683 alicuius
2953 4613 3202 4687 Sancti

542 4722 968 4814 celebretur,
1023 4723 1190 4796 licet
1243 4728 1523 4796 vetusta
1573 4712 1793 4796 huius
1842 4724 1944 4796 rei
1997 4721 2437 4796 consuetudo
2485 4722 2688 4798 uobis
2723 4724 3190 4817 producatur.
