3497 5235
560 285 656 370 '96
1334 309 1703 370 lustr-notioni·
1745 309 1798 366 8.
1827 309 2010 384 Oougr.
2038 310 2185 369 Ocno.
2226 311 2496 385 omnitio.

584 440 919 525 Quamvis
955 440 1168 522 iusto,
1204 441 1377 534 ipsis
1411 443 1785 534 exscriptis
1821 442 2085 532 verbiS,
2124 451 2196 517 et
2231 445 2373 517 late
2410 463 2559 517 rem
2594 451 2875 518 omnem
2912 447 3239 520 enucleat

579 551 1028 626 doctissimus
1080 549 1289 626 Petra
1342 554 1473 626 loc.
1515 555 1638 627 cit.
1680 573 1760 626 n.
1800 553 1924 628 32.
1967 561 2034 628 et
2069 575 2209 647 seq.

722 666 845 736 97.
907 662 1411 737 Adnotandum
1464 673 1615 756 est,
1675 666 1869 755 quod
1920 666 1994 738 S.
2037 663 2112 739 C.
2154 663 2367 739 Conc.
2430 669 2545 740 18.
2607 667 2826 763 April.
2890 669 3105 741 1795.
3165 670 3242 741 in

579 777 941 851 Asculano
991 777 1405 869 respondit,
1462 777 1826 868 quoddam
1893 775 2226 873 Episcopi
2277 780 2641 853 decretum
2703 781 3242 872 exsequendum

576 905 760 977 esse,
816 889 893 960 in
945 907 1086 978 quo
1127 888 1365 979 primo
1400 895 1752 962 statutum
1804 897 1986 980 erat,
2047 896 2124 963 ut
2174 890 2529 983 parochus
2564 891 2820 965 diebus
2857 892 3242 966 Dominicis

578 1017 790 1072 mane
840 1001 916 1071 in
968 1000 1266 1073 ecclesia
1317 998 1393 1071 S.
1433 996 1740 1093 Georgii,
1799 1019 1985 1092 quae
2037 1000 2466 1094 parochialis
2519 1022 2663 1076 non
2719 1012 2916 1095 erat,
2989 1006 3117 1079 sed
3169 1005 3245 1075 in

580 1110 856 1183 ambitu
905 1111 1277 1204 paroeciae
1328 1111 1848 1203 reperiebatur,
1906 1110 2198 1185 Sacrum
2269 1114 2579 1205 faceret,
2637 1124 2706 1190 et
2762 1113 3050 1190 SSr‘nam
3100 1115 3249 1191 Eu-

578 1220 989 1296 charistiam
1038 1221 1326 1315 publice
1379 1229 1792 1313 exponeret,
1850 1225 2151 1297 secundo
2205 1227 2482 1300 veniam
2537 1227 2860 1319 dederat,
2905 1237 2981 1303 ut
3017 1228 3248 1305 Vene-

583 1332 810 1414 rabile
865 1330 1404 1408 Sacramentum
1457 1335 1532 1407 in
1584 1335 1835 1407 eadem
1878 1344 2388 1410 asservaretur.
2431 1336 2576 1412 Nec
2609 1343 3247 1433 praetereundum,

579 1444 771 1534 quod
821 1445 899 1515 in
950 1443 1116 1516 folio
1168 1444 1488 1518 eiusdem
1542 1464 1803 1520 causae
1854 1447 2322 1538 referebatur,
2380 1450 2456 1522 in
2508 1451 2810 1523 ecclesia
2853 1453 3247 1545 parochiali

579 1557 651 1629 S.
695 1553 962 1628 Sabino
1014 1557 1250 1628 dicata
1303 1556 1393 1629 ob
1447 1557 1809 1631 redituum
1861 1559 2312 1650 tenuitatem,
2354 1567 2424 1634 et
2461 1562 2639 1634 alias
2672 1581 2930 1637 causas
2963 1560 3251 1637 Eucha-

580 1667 855 1740 ristiam
907 1684 1052 1739 non
1104 1668 1556 1741 consuevisse
1611 1670 1978 1742 custodiri.

722 1780 842 1850 98.
903 1774 1086 1852 Item
1140 1778 1518 1852 recolenda
1570 1788 1677 1853 est
1734 1781 1875 1852 alia
1927 1782 2243 1855 eiusdem
2297 1781 2371 1855 S.
2413 1782 2487 1855 C.
2545 1785 2879 1858 resolutio
2951 1788 3023 1858 in
3078 1786 3253 1860 Cas-

578 1909 827 1962 sanen.
867 1889 982 1960 12.
1009 1887 1189 1981 Aug.
1229 1890 1446 1961 1747.
1487 1887 1600 1963 Ibi
1637 1900 1893 1982 quarto
1931 1894 2081 1966 loco
2117 1893 2417 1967 dubium
2453 1898 3022 1987 proponebatur:
3069 1920 3108 1966 ‹
3137 1899 3253 1971 An

582 2026 622 2070 »
660 2002 737 2072 in
790 2000 1039 2074 eadem
1094 2000 1531 2074 confratrum
1585 2004 1884 2076 ecclesia
1937 2004 2026 2077 de
2077 2005 2229 2076 sola
2280 2002 2614 2098 Episcopi
2650 2008 2967 2098 licentia,
3008 2016 3081 2081 et
3114 2027 3252 2101 per
3308 2071 3313 2076 .

586 2138 623 2183 »
665 2119 984 2204 tempora
1019 2112 1112 2185 ab
1150 2114 1302 2205 ipso
1353 2114 1734 2206 praefinita
1789 2114 1999 2189 liceat
2035 2116 2367 2209 publicae
2412 2120 2853 2191 venerationi
2890 2138 3254 2211 exponere

587 2251 624 2294 »
665 2222 958 2296 SSmum
988 2226 1553 2314 Sacramentum,
1587 2225 1910 2316 illudque
1937 2227 2213 2301 tamdiu
2249 2229 2323 2300 in
2351 2229 2810 2303 tabernaculo
2837 2226 3251 2304 retinere‘b

585 2360 623 2405 ›
662 2333 752 2409 Et
806 2335 880 2407 S.
920 2333 995 2406 C.
1054 2335 1459 2440 responffl:
1523 2359 1560 2404 ‹
1598 2337 2059 2428 Affirmative,
2098 2349 2169 2415 et
2204 2327 2603 2434 Episcopus
2653 2342 3047 2433 prudenter
3080 2361 3259 2416 con-

587 2471 626 2517 »
668 2446 939 2519 cordat.
986 2470 1024 2515 ›

728 2559 850 2630 99.
908 2555 1159 2632 Preces
1210 2577 1338 2653 pro
1390 2557 1840 2636 Eucharistia
1893 2562 2340 2637 adservanda
2394 2561 2728 2639 Summus
2761 2562 3086 2640 Pontifex
3123 2563 3261 2639 Sa-

583 2688 744 2744 crae
794 2668 1339 2764 congregationi
1391 2672 1682 2748 Concilii
1735 2674 1900 2747 olim
1953 2676 2311 2750 remittere
2364 2678 2615 2749 solitus
2653 2684 2831 2768 erat,
2890 2696 3077 2769 quae
3112 2677 3258 2753 hac

581 2783 660 2855 in
710 2800 786 2856 re
834 2784 1240 2857 cautissime
1293 2785 1596 2877 agebat,
1670 2788 1915 2877 plures
1972 2786 2419 2861 conditiones
2471 2807 2885 2882 apponenS,
2942 2808 3261 2879 quarum

585 2897 866 2987 aliquas
918 2904 1289 2971 enumerat
1340 2896 1546 2972 Petra
1602 2901 1732 2972 loc.
1768 2900 1889 2972 cit.
1934 2919 2008 2971 η.
2041 2895 2163 2971 37.
2203 2905 2271 2972 et
2304 2919 2444 2991 seq.
2500 2896 2731 2973 Hodie
2783 2906 3024 2972 tamen
3061 2900 3266 2972 ordi-

582 3008 781 3080 narie
833 3007 1166 3082 adeunda
1220 3015 1327 3083 est
1378 3012 1450 3082 S.
1492 3009 1956 3103 Congregatio
2007 3008 2350 3100 Rituum‚
2410 3011 2520 3084 vel
2572 3029 2800 3102 aeque
2854 3012 3261 3084 Secretaria

580 3117 968 3209 Brevium;
1043 3122 1369 3211 quamvis
1422 3123 1638 3195 etiam
1708 3121 2101 3195 Secretaria
2154 3119 2671 3195 Memorialium
2724 3121 3073 3195 eiusmodi
3142 3124 3267 3195 in-

580 3233 786 3306 dulta
839 3234 1212 3322 concedat,
1268 3234 1328 3305 si
1380 3233 1671 3325 quando
1725 3234 1935 3306 venia
1987 3233 2078 3305 ad
2129 3233 2344 3306 breve
2398 3242 2681 3331 tempus
2733 3234 3165 3327 postuletur.

734 3345 899 3417 100.
957 3341 1080 3417 Ius
1129 3345 1486 3418 retinendi
1541 3346 1810 3419 clavem
1863 3345 2308 3418 tabernaculi
2374 3346 2450 3416 in
2511 3344 2827 3419 ecclesiis
2878 3343 3268 3436 parocbia-

578 3454 772 3528 libus
822 3456 1171 3549 privative
1222 3457 1534 3549 pertinet
1586 3457 1677 3529 ad
1728 3456 2148 3548 parochum,
2206 3458 2485 3530 etiamsi
2539 3464 2786 3530 contra
2822 3455 3269 3529 obiiceretur

580 3572 930 3640 statutum
967 3573 1091 3639 aut
1127 3568 1593 3640 consuetudo.
1625 3565 1805 3640 Vide
1844 3564 1915 3638 S.
1949 3566 2024 3639 C.
2056 3566 2130 3639 C.
2162 3570 2239 3641 in
2269 3569 2632 3642 Asculano
2669 3558 2803 3639 25.
2824 3563 2987 3638 Iun.
3029 3567 3263 3639 1689.

582 3674 757 3774 (lib.
782 3676 905 3752 39.
936 3679 1083 3751 dec.
1111 3698 1188 3770 p.
1213 3675 1431 3773 218.)
1457 3686 1526 3751 et
1554 3679 1849 3771 Neapol.
1882 3680 1997 3750 14.
2023 3675 2200 3751 Nov.
2235 3680 2447 3751 1693.
2481 3676 2575 3775 (l.
2602 3677 2724 3752 43.
2759 3679 2905 3751 dec.
2929 3696 3006 3769 p.
3035 3674 3272 3772 548.)

582 3805 765 3878 quas
814 3788 1030 3861 refert
1082 3789 1418 3862 laudatus
1470 3798 1716 3863 auctor
1770 3791 1820 3861 l.
1863 3809 1923 3862 c.
1968 3809 2041 3861 η.
2077 3788 2199 3864 41.
2255 3797 2320 3863 et
2369 3810 2508 3882 seq.
2551 3786 2689 3886 (1).
2749 3791 2820 3862 Si
2875 3789 3113 3880 agitur
3167 3789 3272 3862 de

584 3900 897 3973 ecclesiis
935 3901 1376 3989 monialium,
1417 3899 1686 3973 clavem
1722 3919 1947 3994 penes
1985 3902 2464 3994 capellanum,
2506 3901 2796 3974 minime
2831 3918 2995 3973 vero
3031 3918 3273 3991 penes

726 4201 805 4272 (1)
844 4207 899 4258 S·
929 4204 1166 4255 Rituum
1194 4204 1565 4267 congregatio
1591 4203 1681 4255 die
1707 4203 1761 4256 6.
1790 4204 2043 4256 Decemb.
2064 4205 2219 4257 1631.
2250 4205 2564 4257 declaravit
2592 4210 2649 4256 et
2676 4205 2899 4258 omniuo
2926 4205 2987 4255 in
3011 4203 3278 4255 civitate

580 4292 638 4342 et
658 4287 894 4340 dioecesi
916 4289 1223 4343 civitaten.
1255 4289 1471 4341 servari
1498 4288 1810 4343 mandavit:
1847 4312 1871 4338 a
1895 4290 1993 4345 SS.
2023 4292 2440 4343 Sacramentum
2466 4290 2610 4342 feria
2633 4291 2703 4342 V.
2732 4290 2791 4341 in
2818 4289 2999 4341 Coena
3028 4288 3278 4339 Domini

585 4375 690 4427 sub
726 4375 889 4425 unica
927 4378 1151 4426 tautum
1189 4376 1344 4426 clave
1384 4378 1671 4427 asservari
1708 4375 1931 4442 debere,
1976 4376 2272 4428 retinenda
2320 4392 2417 4441 per
2455 4375 2793 4427 sacerdotem
2841 4376 2901 4426 in
2940 4374 3280 4425 crastinum

579 4461 1008 4525 celebraturum,
1053 4466 1109 4512 et
1150 4461 1306 4511 nullo
1345 4462 1499 4514 modo
1525 4462 1673 4528 apud
1699 4477 1964 4526 personas
1994 4464 2169 4514 laicas
2197 4465 2252 4514 et
2282 4463 2595 4514 saeculares
2618 4462 3010 4526 cuiuscumque
3040 4463 3275 4525 statuS,

580 4546 789 4611 gradus
826 4550 882 4597 et
920 4545 1260 4598 conditionis
1298 4546 1585 4613 existant,
1643 4563 1751 4598 non
1791 4548 2053 4599 obstante
2109 4561 2447 4612 quacumque
2497 4547 2785 4598 contraria
2836 4542 3280 4610 consuetudine,

583 4646 748 4697 quam
785 4632 1018 4683 abusum
1057 4647 1177 4684 esse
1214 4630 1548 4683 declaravit.
1591 4632 1735 4683 Item
1786 4632 2130 4696 praedictum
2168 4630 2446 4682 decretum
2497 4632 2710 4683 afficere
2758 4645 2942 4682 omnes
2988 4628 3287 4681 ecclesias

576 4720 699 4770 tam
736 4717 1057 4772 saeculares
1095 4730 1260 4783 quam
1298 4717 1612 4782 regulares,
1659 4716 1859 4782 quovis
1896 4715 2049 4769 modo
2085 4731 2119 4768 a
2155 4714 2546 4770 iurisdictione
2585 4716 2873 4771 ordinarii
2909 4719 3236 4782 exemptas.
