3497 5235
1125 238 1197 296 Do
1236 237 1538 298 visitatione
1578 238 1846 298 Sacrorum
1884 239 2128 299 himinum
2303 206 2312 211 α
2879 239 2950 305 17

301 371 734 466 stinguenda
783 378 988 459 sunt,
1046 370 1373 445 videlicet
1423 372 1537 445 lex
1590 374 1743 463 ipsa
1798 373 2106 446 adeundi
2171 373 2571 465 Apostolica
2639 374 2945 467 Limina,

301 496 381 560 et
428 490 936 571 iuramentum,
995 500 1137 572 quo
1187 483 1279 555 ad
1329 501 1486 555 eam
1539 482 1766 574 legem
1821 492 2145 557 accurate
2206 487 2950 577 exsequendamsese

306 598 635 690 Episcopi
686 598 765 668 in
817 603 985 668 actu
1036 595 1583 668 consecrationis
1633 596 2115 688 obstringunt.
2173 595 2373 680 Quod
2423 602 2614 672 enim
2665 601 2953 672 iurisiu-

304 712 517 785 randi
569 708 924 782 adhibitio
974 714 1205 780 ortum
1256 706 1589 780 habuerit
1662 725 1747 779 ex
1809 726 1939 794 ee,
1997 710 2186 799 quod
2262 709 2661 804 Apostolica
2731 711 2951 785 Sedes

305 823 732 897 electionem
784 819 1529 908 consecrationemque
1578 820 1892 893 omnium
1946 817 2450 912 Episcoporum
2503 822 2594 895 ad
2643 842 2720 894 se
2757 842 2952 896 revo-

307 936 528 1021 cavit,
585 931 918 1004 facillime
969 931 1310 1017 dederim;
1377 931 1565 1019 quod
1619 938 1857 1003 autem
1914 931 2096 1003 idem
2149 933 2238 1005 de
2289 934 2441 1024 ipsa
2493 931 2634 1003 ΑΑ.
2667 931 2808 1004 LL.
2849 937 2951 1007 vi-

305 1045 521 1118 sendi
574 1045 727 1134 lege
781 1042 1160 1114 dicendum
1210 1044 1328 1130 sit,
1386 1061 1529 1114 non
1582 1045 1677 1115 ita
1732 1044 2051 1133 quidem3
2108 1063 2415 1135 namque
2470 1046 2688 1118 multo
2736 1048 2949 1120 altius

305 1157 494 1230 haec
547 1174 659 1228 res
710 1154 1095 1244 repetenda
1148 1172 1299 1226 6556
1352 1153 1656 1228 videtur.
1713 1151 1994 1227 Etenim
2050 1154 2250 1244 plura
2288 1162 2481 1243 sunt,
2523 1174 2708 1246 quae
2744 1158 2949 1230 aliter

306 1268 583 1340 sentire
657 1264 992 1337 suadent.
1049 1261 1257 1336 Porro
1330 1264 1775 1355 publicorum
1850 1264 2380 1338 tabellariorum
2458 1286 2630 1340 usus
2705 1270 2949 1359 primis

304 1376 681 1450 Ecclesiae
728 1373 1165 1467 temporibus
1215 1392 1358 1446 non
1410 1376 1685 1447 aderat.
1742 1377 2072 1448 Summus
2122 1374 2443 1448 Pontifex
2504 1379 2579 1449 in
2630 1380 2953 1452 christia-

306 1509 574 1562 norum
638 1489 1041 1580 principum
1099 1486 1282 1558 aulis
1333 1505 1498 1559 suos
1549 1489 1839 1558 nuntios
1890 1486 2239 1560 stabiliter
2291 1507 2372 1561 ac
2422 1496 2612 1561 certo
2665 1508 2808 1561 non
2844 1508 2951 1561 re-

308 1600 625 1688 tinebat,
681 1617 812 1672 nec
863 1600 1030 1672 item
1081 1597 1448 1670 christiani
1499 1596 1859 1691 Principes
1911 1606 2225 1671 oratores
2274 1618 2441 1672 suos
2489 1619 2709 1694 penes
2773 1602 2953 1693 Apo-

306 1713 640 1784 stolicam
694 1708 973 1782 Sedem.
1030 1707 1197 1781 Cum
1251 1710 1465 1800 igitur
1513 1705 1880 1802 Episcopis
1932 1709 2203 1799 aliquid
2270 1717 2702 1797 occurreret,
2760 1710 2950 1799 quod

308 1830 615 1896 sanetae
666 1822 830 1894 Sedi
880 1818 1326 1891 referendum
1378 1818 1580 1907 foret,
1640 1820 1741 1891 nil
1785 1819 2104 1911 ‚medium
2139 1824 2331 1891 erat:
2388 1821 2498 1891 vel
2536 1838 2660 1912 per
2695 1838 2800 1907 se,
2840 1820 2950 1891 vel

310 1951 449 2027 per
496 1936 684 2004 viros
735 1951 773 2001 a
827 1949 903 2002 56
955 1930 1314 2019 delegatos
1387 1930 1461 2002 id
1538 1938 1898 2020 praestare
1973 1931 2257 2001 omnino
2333 1929 2724 2003 debebant.
2803 1928 2954 2001 Hoc

308 2046 398 2116 in
432 2060 671 2114 rerum
703 2047 924 2127 statu,
964 2038 1136 2131 quid
1171 2039 1497 2111 naturale
1535 2042 1784 2131 magis,
1819 2059 2030 2130 quam
2059 2040 2249 2131 quod
2284 2037 2636 2132 Episcopi,
2679 2042 2787 2114 vel
2822 2043 2952 2114 viri

310 2152 415 2223 ab
466 2170 554 2224 eo
603 2151 908 2242 delegati
959 2146 1144 2220 Petri
1194 2155 1267 2219 et
1341 2146 1539 2220 Pauli
1614 2151 2016 2242 sepulchra,
2098 2151 2370 2221 animas
2445 2152 2948 2239 illuminantia,

310 2262 546 2334 veluti
594 2260 951 2334 scribebat
1000 2255 1503 2347 Theodoretus‚
1561 2266 2088 2347 venerarentur,
2132 2279 2287 2332 cum
2324 2264 2733 2353 praesertim
2773 2281 2955 2334 nun·
3017 2312 3018 2315 w

310 2390 545 2463 quam
593 2390 867 2443 summa
923 2371 996 2440 in
1046 2375 1327 2440 sanctos
1380 2368 1743 2460 Apostolos
1794 2372 2036 2461 religio
2088 2389 2171 2442 ac
2221 2372 2447 2461 pietas
2501 2373 2572 2443 in
2626 2380 2769 2445 toto
2835 2391 2951 2444 ca·

308 2484 586 2558 tholico
635 2481 804 2553 orbe
838 2477 1310 2551 deferbuerit?
1347 2476 1716 2552 Praeterea
1754 2482 2117 2552 universos
2155 2476 2534 2573 Episcopos
2571 2481 2660 2553 ad
2699 2482 2948 2574 legem,

310 2612 512 2684 qnae
567 2593 704 2664 iam
759 2599 970 2675 esset,
1028 2590 1479 2662 iurisiurandi
1530 2590 1668 2663 fide
1721 2592 2200 2682 constringere
2252 2592 2536 2666 difficile
2585 2610 2757 2665 sane
2812 2611 2950 2665 non

310 2711 505 2793 erat;
560 2712 635 2776 at
683 2722 846 2777 vero
897 2703 1122 2794 legem
1173 2699 1360 2772 hanc
1394 2719 1679 2792 prorsus
1713 2720 1968 2773 novam
2004 2710 2073 2776 et
2110 2703 2516 2775 inusitatam
2555 2703 2737 2775 illico
2774 2702 2955 2775 ferre

312 2828 394 2891 et
444 2817 692 2891 stricte
741 2812 1161 2887 servandam
1212 2812 1599 2905 imponere,
1674 2813 1888 2904 idque
1954 2813 2108 2886 siue
2177 2812 2323 2885 ulla
2394 2812 2810 2885 difficultate
2880 2821 2949 2886 et

314 2927 646 3018 querela,
702 2942 847 2997 non
896 2925 996 2998 ita
1045 2922 1356 3018 profecto
1406 2924 1558 2995 fieri
1610 2924 1923 3015 potuisse
1973 2923 2417 2998 crediderim.
2456 2919 2705 2994 Nonne
2742 2925 2955 3014 igitur

312 3039 519 3111 hisce
568 3039 660 3110 de
710 3037 941 3109 causis
991 3034 1431 3127 arguendum
1483 3039 1614 3123 est,
1687 3031 1986 3105 Romam
2060 3034 2352 3126 petendi
2423 3034 2649 3126 legem
2724 3041 2953 3107 ortum

312 3149 666 3222 habuisse
717 3146 938 3221 multo
989 3152 1183 3234 ante,
1239 3163 1453 3236 quam
1505 3140 1835 3216 Summus
1884 3142 2206 3217 Pontifex
2275 3144 2366 3217 ad
2434 3163 2510 3217 se
2574 3145 2953 3218 electiones

314 3268 395 3334 et
443 3259 1009 3333 consecrationes
1056 3251 1467 3329 avocasset?
1518 3253 1771 3336 Quaeri
1819 3262 2108 3349 posset,
2166 3273 2472 3347 quonam
2525 3254 2954 3328 adamussim

316 3390 414 3444 ex
463 3377 780 3462 tempore
831 3386 943 3441 res
992 3367 1168 3440 haec
1219 3365 1578 3441 acciderit.
1652 3366 1842 3438 Silva
1903 3366 2175 3440 isthaec
2223 3372 2331 3439 est
2392 3366 2626 3439 dumis
2695 3385 2777 3439 ac
2839 3385 2956 3440 ve-

314 3481 575 3575 pribus
625 3479 882 3568 obsita,
937 3495 1151 3567 quam
1205 3485 1603 3550 nostrarum
1679 3477 1933 3549 virium
2011 3495 2153 3549 non
2229 3494 2385 3551 esse
2459 3479 2781 3552 ducimus
2854 3481 2954 3552 ita

317 3591 740 3663 exscindere
790 3594 862 3662 et
911 3589 1322 3679 exstirpare,
1378 3595 1485 3677 ut,
1532 3597 1918 3680 expurgato
1969 3590 2341 3662 vetustatis
2391 3589 2702 3679 horrore,
2758 3610 2800 3660 a
2852 3591 2955 3663 la-

318 3701 546 3775 tebris
593 3700 853 3773 veritas
886 3699 1231 3770 eliciatur.
1274 3696 1599 3772 Attamen
1633 3699 2021 3790 optandum
2058 3699 2261 3787 foret,
2300 3706 2382 3774 ut
2413 3700 2670 3792 aliquis
2697 3702 2952 3776 existat

317 3812 646 3884 eruditus
697 3810 828 3898 vir,
883 3809 1007 3899 qui
1058 3814 1367 3882 veterum
1421 3817 2031 3884 monumentorum
2090 3810 2436 3885 thesauris
2485 3812 2771 3906 penitus
2843 3813 2954 3885 in-

319 3923 690 4014 vestigatis
739 3938 888 3993 rem
936 3919 1124 3991 hanc
1172 3921 1246 3992 in
1299 3927 1612 4012 apertam
1647 3920 1876 3994 lucem
1910 3921 2219 4014 proferre
2252 3929 2558 4015 satagat,
2597 3922 2951 4014 simulque
2999 3901 3028 3940 '

316 4033 676 4120 ostendat,
734 4038 1004 4122 quanta
1052 4030 1192 4103 fide
1254 4029 1645 4124 Apostolica
1697 4029 1912 4105 Sedes
1961 4033 2261 4125 pristina
2312 4034 2642 4108 instituta
2675 4040 2946 4126 teneat,

313 4163 506 4247 nova
558 4143 967 4217 difficillime
1026 4144 1345 4237 recipiat.

464 4256 586 4327 39.
624 4252 974 4342 Ceterum,
1012 4260 1092 4326 ut
1126 4254 1465 4327 sermonis
1512 4253 1732 4326 nostri
1784 4254 2170 4345 aliquando
2224 4253 2377 4327 vela
2414 4253 2942 4348 contrahamuS,

309 4367 524 4440 nobis
572 4366 743 4438 satis
794 4365 926 4437 erit
976 4365 1409 4455 propositum
1462 4371 1952 4457 argumentum
2000 4367 2100 4438 ita
2135 4364 2542 4456 confecisse,
2582 4373 2661 4440 ut
2696 4376 2944 4459 aperta

305 4479 470 4550 luce
520 4476 777 4549 clarius
829 4484 1170 4569 appareat
1222 4475 1322 4564 id,
1378 4477 1570 4567 quod
1622 4477 1824 4550 initio
1876 4478 2286 4565 statuimuS‚
2343 4479 2945 4570 sapientissimum

306 4587 724 4664 Pontificem
776 4587 1050 4660 Sixtum
1088 4582 1173 4657 V.
1230 4587 1303 4657 in
1354 4605 1464 4675 eo,
1505 4588 1696 4678 quod
1730 4606 1932 4661 suam
1967 4585 2554 4664 Constitutionem
2589 4591 2943 4665 Romanus

516 4729 699 4784 Luem,
731 4726 869 4774 risit.
895 4725 1034 4775 sacr.
1063 4725 1201 4782 Lim„
1231 4724 1349 4773 edit.
1381 4725 1467 4782 111,
1504 4727 1604 4774 l'of.
1636 4726 1673 4772 1.
2693 4736 2722 4780 ς
