3497 5235
624 189 745 263 ⁰⁸1³·
773 188 843 247 11.
882 191 958 249 Do
997 191 1261 267 Episcopo,
1301 191 1708 266 uem-pium,
1750 192 1978 252 Primsts
2019 196 2075 253 st
2114 194 2440 252 Putria-elis.
2482 195 2535 269 ἒ.
2561 195 2611 251 t.
2654 262 2667 277 ·
2833 194 2957 258 219

337 323 504 389 minus
545 323 619 389 ob
666 325 784 389 hoe
830 328 1006 410 gravi
1056 344 1262 413 poena
1310 345 1419 391 eos
1465 325 1702 409 punire
1750 324 1984 405 debet,
2035 328 2153 394 nisi
2204 325 2714 393 moderationem
2773 347 2958 395 exce·

335 426 718 492 dant-165.
759 429 905 492 166.
944 428 1206 504 Quando
1251 428 1600 515 peculiaria
1650 428 2114 514 impedimenta
2165 430 2496 514 Synodum
2546 448 2779 517 eogere
2829 450 2960 500 non

332 531 519 607 sinant,
554 533 613 597 S.
656 532 727 596 G.
769 528 1116 616 Episcopos
1147 530 1465 608 hortatur,
1503 541 1574 596 ut
1605 533 1949 617 suppleant
1980 551 2100 618 per
2132 531 2415 599 remedia
2449 552 2480 595 a
2515 532 2756 598 Bened.
2788 536 2954 601 xlv.

335 631 538 698 tradita.
590 635 668 698 Et
713 633 1091 716 praesertim
1139 651 1259 718 per
1302 632 1659 717 spiritualia
1706 633 2038 711 exercitia,
2088 632 2167 698 ad
2217 652 2379 719 quae
2414 652 2633 700 omnes
2665 634 2748 701 de
2784 637 2959 702 clero

336 734 432 800 viri
470 753 577 820 per
626 734 849 801 orbem
896 735 1220 802 accedant.
1251 772 1296 786 —
1332 740 1478 803 167.
1519 736 1879 822 Aliquando
1929 743 1993 807 S.
2035 740 2107 803 C.
2147 740 2219 805 C.
2259 737 2555 803 concedit
2604 736 2965 806 facultatem

329 836 599 904 adunandi
652 836 977 924 Synodos,
1027 836 1178 904 solis
1238 838 1488 904 vicariis
1549 837 1823 904 foraneis
1885 849 1992 904 aut
2049 838 2455 905 districtuum
2504 840 2761 906 decanis
2807 860 2959 908 con·

330 940 541 1004 vocatis.
568 976 611 988 -
651 943 799 1006 168.
836 941 980 1005 169.
1021 940 1171 1007 Sine
1204 941 1381 1006 iustis
1413 941 1615 1007 causis
1648 963 1680 1007 a
1715 941 1987 1024 Synodis
2035 940 2460 1008 convocandis
2492 962 2573 1009 ne
2606 943 2960 1011 abstineant

326 1042 578 1128 Episcopi
628 1042 804 1108 iuxta
853 1042 1187 1130 egregium
1237 1041 1481 1109 Bened.
1521 1046 1683 1110 XIV.
1724 1045 2068 1111 monitum.
2097 1082 2141 1094 -
2177 1048 2325 1111 170.
2360 1046 2544 1111 Hisce
2578 1047 2959 1132 praesertim

327 1145 489 1209 nostri
532 1145 668 1210 aevi
719 1146 1115 1231 temporibus
1164 1145 1457 1232 Synodus
1507 1167 1920 1234 quocumque
1971 1147 2039 1213 in
2088 1147 2331 1235 oppido
2365 1147 2672 1214 celebrari
2705 1161 2955 1237 potest;

323 1245 413 1312 sed
452 1248 616 1314 locus
649 1250 1111 1336 congruentior
1158 1263 1252 1314 est
1299 1248 1700 1316 cathedralis.
1731 1288 1775 1299 -
1814 1254 1960 1317 171.
2001 1250 2230 1317 Vicarii
2266 1251 2603 1317 Generales
2645 1251 2780 1318 sine
2812 1271 2960 1339 spe-

323 1348 430 1413 ciali
473 1351 765 1417 mandato
813 1362 1147 1436 nequeunt
1194 1352 1518 1418 celebrare
1554 1352 1871 1436 Synodos.
1924 1355 2148 1439 Neque
2198 1354 2461 1420 Praelati
2510 1354 2777 1421 Nullius
2821 1356 2961 1422 sine

318 1450 624 1538 privilegio
675 1453 1061 1539 Apostolico.
1116 1454 1469 1541 Episcopus
1518 1456 1581 1521 in
1631 1453 1913 1521 serendis
1959 1456 2211 1542 legibus
2256 1454 2669 1542 synodalibus
2705 1457 2961 1544 Capitu-

319 1552 426 1618 lum
470 1565 724 1621 tenetur
766 1555 1018 1633 audire,
1069 1555 1183 1622 sed
1232 1576 1359 1624 non
1405 1557 1610 1643 sequi.
1666 1558 2035 1644 Capitulum
2085 1558 2649 1625 constitutionibus
2696 1559 2959 1645 aliisque

321 1653 554 1740 legibus,
610 1657 723 1725 etsi
778 1657 952 1723 factis
998 1658 1136 1724 sine
1185 1658 1320 1725 eius
1367 1679 1647 1737 assensu,
1697 1659 2057 1726 subiicitur.
2089 1697 2131 1708 ·-
2169 1663 2319 1727 172.
2373 1664 2463 1727 De
2511 1680 2654 1726 casu
2702 1661 2961 1747 speciali

319 1774 508 1826 causae
555 1760 862 1826 Asc-ulan.
901 1769 960 1826 et
995 1762 1301 1827 Larinen.
1355 1764 1494 1828 Non
1540 1772 1758 1848 potest
1803 1761 1941 1827 fieri
1993 1763 2121 1838 lex,
2175 1773 2243 1828 ut
2291 1762 2506 1828 clerici
2551 1773 2680 1827 acta
2717 1761 2959 1847 Synodi

321 1878 504 1930 emere
553 1875 917 1931 teneantur.
945 1900 988 1912 -
1027 1867 1177 1930 173.
1211 1866 1326 1943 Qui
1378 1867 1551 1931 locus
1583 1865 1833 1932 vicario
1867 1865 2156 1931 Generali
2191 1864 2530 1931 conveniat
2564 1867 2627 1931 in
2662 1864 2964 1950 Synodot

319 1964 410 2047 qui
453 1966 744 2056 capitulo
793 1967 1204 2055 collegiatae?
1233 2004 1277 2016 -
1329 1971 1479 2035 174.
1523 1971 1668 2034 175.
1717 1965 2081 2033 Beneficiati
2129 1967 2450 2054 simplices
2515 1978 2580 2033 et
2638 1968 2963 2055 simplices

316 2069 649 2136 sacerdotes
713 2070 973 2154 Synodo
1031 2071 1251 2137 adesse
1299 2069 1572 2159 cogendi
1633 2088 1764 2135 non
1820 2079 2007 2146 sunt,
2071 2068 2187 2134 nisi
2249 2069 2411 2135 adsit
2457 2069 2883 2135 consuetudo.
2922 2105 2965 2117 -

317 2172 440 2236 176.
476 2174 745 2251 Quinam
780 2193 817 2239 e
851 2173 1273 2261 Regularibus
1307 2185 1371 2239 et
1405 2171 1659 2259 quando
1693 2172 1954 2257 Synodo
2000 2171 2218 2238 adesse
2266 2171 2567 2260 adstringi
2614 2170 2882 2259 possint.
2920 2207 2965 2221 -

319 2276 447 2340 177.
476 2278 772 2354 Quando,
827 2287 894 2342 et
941 2275 1018 2341 ad
1067 2296 1221 2362 quas
1267 2294 1507 2361 poenas
1554 2285 1773 2341 contra
1823 2276 2168 2363 Regulares
2214 2287 2578 2342 recusantes
2609 2276 2964 2361 Episcopus

311 2379 647 2462 procedere
675 2380 899 2468 possit.
954 2378 1210 2445 Parocbi
1247 2378 1631 2446 dioeceseon
1664 2377 1930 2443 Nullius
1959 2380 2036 2445 ad
2071 2377 2400 2462 Synodum
2452 2377 2780 2444 vicinioris
2809 2378 2968 2463 Epi-

315 2480 463 2565 scopi
509 2482 826 2548 accedere
885 2493 1210 2549 tenentur.
1248 2519 1291 2532 -
1344 2486 1493 2549 178.
1549 2484 1738 2547 Casus
1798 2481 2089 2568 specialis
2150 2499 2370 2546 causae
2429 2483 2884 2547 Cremonensis.
2922 2516 2965 2529 -

316 2584 445 2649 179.
473 2584 721 2653 Bened.
751 2587 918 2652 xlv.
957 2603 1116 2672 opus
1149 2584 1714 2652 celebratissimum
1747 2583 1819 2650 de
1855 2583 2096 2667 Synodo
2130 2584 2501 2650 dioecesana
2536 2581 2960 2650 elucubravit.

444 2789 613 2862 148.
656 2785 1050 2861 Tridentini
1084 2785 1332 2860 Patres
1371 2789 1540 2880 Cap.
1572 2786 1647 2857 2.
1691 2786 2003 2859 sess.24.
2037 2787 2121 2859 de
2152 2787 2458 2880 Reform.
2502 2787 2600 2857 ita
2638 2786 2968 2858 decreve-

313 2906 483 2972 runt.
530 2924 569 2969 ‹
610 2898 1082 2973 Provincialia
1134 2898 1440 2973 Concilia
1493 2898 1723 2970 sicubi
1775 2900 2035 2970 omissa
2089 2905 2285 2987 sunt,
2327 2917 2454 2989 pro
2506 2896 2965 2969 moderandis

315 3033 346 3074 ›
381 3013 721 3101 moribuS‚
753 3012 1188 3102 corrigendis
1215 3011 1653 3099 excessibus,
1686 3011 2182 3082 controversiis
2209 3010 2749 3100 componendis,
2776 3008 2970 3079 aliis-

313 3142 344 3185 »
378 3139 512 3212 que
567 3144 660 3197 ex
714 3124 935 3195 sacris
987 3123 1385 3195 canonibus
1429 3122 1790 3213 permissis
1842 3127 2303 3192 renoventur.
2344 3118 2575 3202 Quare
2613 3117 2966 3211 Metropo-

315 3255 346 3298 ›
380 3234 582 3309 litani
639 3254 764 3330 per
815 3238 1114 3328 seipsos,
1154 3254 1309 3322 seu,
1351 3235 1492 3306 illis
1535 3233 1849 3324 legitime
1904 3232 2291 3326 impeditiS,
2332 3229 2803 3325 Coepiscopus
2839 3249 2969 3301 an-

310 3370 341 3410 »
376 3349 645 3437 tiquior
694 3350 882 3420 intra
936 3366 1205 3420 annum
1282 3349 1375 3420 ad
1430 3348 1665 3417 minus
1718 3365 1759 3414 a
1825 3344 1965 3415 tine
2019 3344 2418 3435 praesentis
2486 3343 2829 3431 concilii,
2895 3349 2967 3415 et

313 3483 346 3522 ν
379 3460 646 3533 deinde
698 3460 1023 3552 quolibet
1075 3460 1328 3532 saltem
1381 3459 1687 3531 triennio
1740 3465 1899 3548 post
1952 3462 2279 3528 octavam
2328 3452 2645 3527 Paschae
2698 3453 2968 3525 Resur-

312 3595 344 3636 ›
377 3574 716 3645 rectionis
766 3570 852 3642 D.
893 3567 982 3642 N.
1025 3569 1086 3642 Ι.
1130 3568 1235 3659 C.‚
1275 3588 1403 3642 seu
1454 3569 1592 3641 alio
1645 3568 2117 3640 commodiore
2173 3575 2525 3659 tempore,
2595 3585 2720 3657 pro
2774 3561 2970 3637 more

309 3705 340 3748 ›
377 3687 815 3777 provinciae,
858 3703 1000 3755 non
1036 3683 1563 3774 praetermittat
1600 3675 1964 3770 synodum
2001 3679 2074 3749 in
2110 3679 2476 3768 provincia
2511 3697 2641 3750 sua
2686 3692 2961 3768 cogere,

309 3817 343 3858 ›
380 3813 522 3884 quo
577 3794 912 3887 Episcopi
962 3812 1210 3866 omnes
1261 3800 1332 3865 et
1383 3793 1531 3880 alii,
1591 3792 1715 3881 qui
1767 3791 1856 3862 de
1907 3790 2059 3861 iure
2122 3789 2230 3860 vel
2283 3787 2806 3862 consuetudine
2860 3788 2973 3857 in-

306 3916 650 3981 »teresse
703 3906 971 3979 debent
1004 3958 1023 3992 ,
1080 3905 1398 3996 exceptis
1450 3905 1584 3990 iis,
1650 3901 1915 3992 quibus
1985 3919 2145 3973 cum
2200 3902 2598 3972 imminenti
2651 3900 2969 3992 periculo

304 4041 339 4084 ›
376 4019 992 4092 transfretandum
1031 4024 1245 4105 esset,
1279 4017 1655 4089 convenire
1690 4015 1980 4085 omnino
2016 4019 2423 4084 teneantur.
2459 4008 2604 4083 Nec
2637 4009 2971 4103 Episcopi

303 4154 337 4195 ›
375 4130 1020 4225 comprovinciales
1071 4135 1449 4221 praetextu
1486 4126 1868 4199 cuiuslibet
1905 4124 2444 4196 consuetudinis
2479 4124 2570 4194 ad
2620 4129 2974 4213 metropo-

303 4263 338 4302 »
373 4243 682 4316 litanam
757 4242 1127 4314 ecclesiam
1199 4242 1273 4312 in
1323 4246 1684 4331 posterum
1762 4237 2099 4308 accedere
2154 4236 2357 4306 inviti
2417 4235 2966 4326 compellantur.

297 4377 333 4419 ›
369 4351 641 4426 Itidem
691 4351 1055 4444 Episcopi,
1097 4353 1222 4442 qui
1273 4352 1452 4424 nulli
1510 4348 2051 4439 Archiepiscopo
2104 4346 2610 4436 subiiciuntur‚
2655 4347 2975 4438 aliquem

293 4489 327 4531 2·
369 4467 692 4538 vicinum
748 4463 1374 4556 Metropolitanum
1445 4461 1665 4534 semel
1716 4459 2031 4550 eligant,
2090 4459 2166 4528 in
2218 4457 2422 4529 cuius
2473 4454 2760 4549 Synodo
2811 4478 2977 4553 pro-

295 4601 333 4643 ›
369 4579 669 4650 vinciali
723 4595 884 4650 cum
938 4576 1096 4648 aliis
1149 4577 1491 4646 interesse
1542 4571 1886 4659 debeant,
1929 4573 1999 4641 et
2051 4586 2237 4658 quae
2290 4569 2392 4642 ibi
2438 4571 2769 4644 ordinata
2821 4571 2978 4643 fue·
