3497 5235
758 240 1039 317 Appendix.
1076 242 1151 300 Do
1190 239 1561 300 annuntius·
1600 236 1963 297 heliu-istiu
2003 232 2339 310 expo-itione.
2765 229 2878 294 113

371 379 487 449 22.
531 379 602 449 Si
654 395 824 451 vero
877 379 1151 470 privata
1186 377 1277 451 de
1312 396 1526 450 causa
1579 380 2029 448 sacrosancta
2065 368 2313 444 Hostia
2349 370 2623 442 inclusa
2678 368 2885 442 solita

245 489 522 581 sphaera
572 496 646 563 et
697 490 857 561 velo
895 498 1222 582 cooperta
1267 489 1402 562 sub
1439 488 1757 561 umbella
1793 493 2126 579 ponatur,
2170 492 2341 557 tunc
2376 483 2880 576 praecipimUS,

250 613 307 676 ut
352 605 605 676 saltem
651 606 840 678 cerei
891 605 1008 676 bis
1055 624 1177 677 sex
1232 604 1742 691 accendantur,
1800 609 1873 674 et
1923 600 2253 672 sacerdos
2287 597 2548 687 aliquis
2581 596 2767 670 stola
2801 612 2886 666 ac

245 716 738 809 superpelliceo
793 717 1086 788 indutus
1137 717 1236 788 ibi
1286 717 1490 788 flexis
1527 714 1828 808 genibus
1864 712 2197 805 precibus
2231 712 2660 785 detineatur.
2700 706 2888 792 Quo-

246 846 527 917 cumque
565 833 811 900 tamen
842 828 1050 900 modo
1076 835 1475 919 exponatur
1500 825 1978 916 Eucharistia,
2011 826 2135 917 qui
2171 824 2308 896 sibi
2337 823 2883 916 postulaverint,

247 941 737 1012 nanciscantur
786 940 1006 1011 etiam
1055 940 1433 1032 diligenter
1483 938 1963 1030 presbyteros,
2018 937 2143 1027 qui
2196 936 2497 1028 singulis
2547 935 2739 1007 horis
2785 933 2892 1005 al-

248 1054 558 1124 ternatim
629 1051 904 1124 Cbristo
957 1050 1256 1125 Domino
1325 1051 1593 1124 cultum
1658 1049 2099 1137 exhibeant3
2176 1049 2311 1120 nisi
2382 1049 2453 1121 id
2525 1048 2886 1141 cognitum

245 1173 642 1254 certumque
693 1165 893 1255 prius
943 1165 1300 1252 habeant,
1355 1163 1696 1255 praetecti
1748 1163 2205 1236 ecclesiarum
2270 1159 2685 1234 facultatem
2738 1176 2883 1231 non

244 1276 570 1364 tribuent,
629 1284 708 1350 ut
759 1295 962 1348 sacra
1015 1278 1351 1369 mysteria
1404 1283 1884 1369 exponantur.

355 1390 481 1458 23.
527 1384 683 1459 Mos
716 1387 1031 1461 obtinuit
1084 1390 1155 1460 in
1208 1389 1345 1461 bac
1393 1387 1826 1461 Bononiensi
1861 1387 2177 1474 civitate,
2217 1393 2297 1458 ut
2330 1384 2600 1476 pluries
2637 1383 2886 1456 eodem

241 1500 335 1571 die
381 1499 798 1572 benedictio
849 1519 1050 1573 sacra
1085 1502 1347 1593 pyxide
1402 1501 1760 1591 frequenti
1795 1498 2060 1592 populo
2096 1497 2557 1571 concedatur.
2594 1492 2885 1569 Nullum

239 1612 310 1683 de
353 1612 492 1683 boc
557 1612 700 1686 ritu
771 1621 1313 1700 monumentum
1384 1612 2017 1704 deprehendimus
2096 1608 2379 1683 Indicat
2446 1606 2887 1682 solummodo

239 1720 507 1795 Rituale
560 1721 965 1797 Romanum
1019 1722 1202 1819 (Tit.
1244 1726 1326 1798 de
1367 1725 1862 1801 communione
1896 1719 2410 1819 infirmorum),
2446 1723 2637 1814 quod
2682 1739 2889 1815 paro-

241 1833 395 1906 chus
447 1844 613 1926 post
669 1837 1002 1910 traditam
1055 1844 1339 1930 aegroto
1385 1835 1994 1923 Commu-aionem,
2033 1835 2093 1906 si
2132 1836 2202 1906 in
2239 1834 2500 1929 pyxide
2536 1833 2889 1926 particula

245 1947 465 2037 aliqua
518 1949 882 2038 supersit:
944 1971 982 2016 ‹
1022 1949 1390 2041 Accipiens
1444 1969 1567 2021 vas
1620 1968 1780 2021 cum
1834 1947 2294 2020 Sacramento
2364 1947 2534 2020 facit
2595 1964 2753 2020 cum
2806 1964 2888 2018 eo

245 2085 275 2127 ›
309 2062 594 2152 signum
636 2061 868 2134 crucis
918 2082 1132 2154 super
1170 2063 1530 2135 infirmum
1570 2062 1746 2133 nibil
1784 2061 2054 2135 dicens.
2086 2086 2123 2127 ›
2178 2057 2564 2151 Postquam
2600 2060 2676 2131 in
2709 2064 2891 2130 tem-

245 2171 417 2260 plum
475 2171 735 2246 rediit:
814 2200 851 2239 «
888 2171 1059 2246 Cum
1112 2174 1572 2248 Sacramento
1625 2174 1699 2245 in
1752 2172 2011 2264 pyxide
2083 2172 2239 2243 velo
2290 2178 2620 2263 cooperta
2674 2169 2890 2243 faciat

241 2306 273 2341 ι
305 2285 589 2375 signum
642 2286 871 2356 crucis
919 2304 1134 2378 super
1182 2287 1525 2380 populum
1579 2284 1756 2356 nihil
1810 2285 2105 2374 dicens;
2175 2290 2531 2378 postremo
2584 2282 2759 2354 illud
2814 2280 2890 2351 in

241 2419 273 2460 ›
306 2415 434 2467 suo
483 2395 642 2468 loco
693 2404 1090 2490 reponat.»
1146 2394 1249 2470 Ne
1301 2394 1573 2469 Romae
1617 2394 1935 2488 quidem,
1977 2414 2160 2486 quae
2211 2412 2567 2468 sacrorum
2624 2394 2888 2466 rituum

239 2511 565 2602 magistra
619 2513 870 2583 merito
916 2513 1348 2606 appellatur,
1406 2511 1477 2584 id
1527 2512 1679 2585 fieri
1716 2512 2115 2600 consuevit,
2153 2509 2284 2581 nisi
2323 2509 2503 2581 sorte
2540 2508 2890 2581 maximae

237 2621 600 2713 dignitatis
649 2624 785 2712 vir,
825 2624 1426 2713 quemadmodum
1463 2623 1644 2713 Rex,
1685 2630 1811 2697 aut
1843 2620 2121 2716 Regina
2157 2622 2446 2714 pietatis
2481 2640 2695 2695 causa
2731 2638 2890 2692 eam

237 2731 802 2808 benedictionem
839 2743 1281 2826 expeterent.
1313 2735 1765 2827 Quamquam
1797 2732 1941 2807 Nos
1973 2736 2357 2827 plusquam
2394 2734 2645 2826 viginti
2681 2732 2891 2803 annis

237 2847 484 2920 Sacrae
539 2845 835 2919 Rituum
886 2842 1429 2941 Congregationi
1481 2848 1871 2936 adfuimus,
1926 2854 2177 2920 tamen·
2207 2868 2247 2918 a
2284 2847 2665 2938 praecipuo
2702 2845 2891 2918 eius-

236 2958 383 3031 dem
443 2956 770 3032 Ministro
803 2961 1177 3033 eonsilium
1213 2980 1431 3052 super
1464 2960 1600 3032 bac
1635 2980 1709 3033 ne
1745 2977 2036 3052 poscere
2071 2979 2213 3031 non
2252 2958 2886 3050 praetermisimuS,

238 3074 346 3160 qui
396 3073 593 3144 hanc
645 3072 1236 3147 consuetudinem
1289 3074 1590 3145 omnino·
1632 3072 2197 3145 interdicendam
2232 3070 2454 3143 libere
2493 3069 2888 3164 respondit,

236 3200 382 3255 cum
431 3185 600 3256 novi
636 3185 816 3257 ritus
851 3186 1252 3258 inconsulta
1288 3183 1468 3258 Sede
1506 3184 1905 3277 Apostolica
1942 3186 2254 3277 permitti
2293 3189 2683 3274 nequeant,
2725 3183 2891 3256 lieet

233 3296 516 3386 pietatis
569 3294 812 3386 aliqua
865 3316 1078 3370 causa
1133 3298 1560 3371 adducatur.
1618 3294 1878 3370 Verum
1932 3316 2024 3370 ne
2076 3299 2327 3371 eadem
2382 3297 2610 3387 pietas
2662 3295 2892 3368 immi-

235 3408 517 3480 nuenda
568 3410 660 3481 sit
712 3409 927 3480 etiam
979 3408 1069 3481 ob
1123 3428 1280 3481 eam
1335 3412 1709 3497 rationem,
1753 3409 1943 3500 quod
1989 3409 2177 3482 idem
2212 3409 2460 3483 crebro
2498 3414 2886 3503 repetatur,

232 3518 703 3608 decernimus,
763 3526 839 3593 ut
890 3520 1294 3593 benedictio
1345 3522 1572 3594 solum
1627 3523 1698 3592 in
1752 3518 1892 3594 illis
1943 3522 2259 3595 ecclesiis
2310 3523 2574 3614 populo
2633 3524 2894 3613 imper-

233 3633 479 3723 tiatur,
516 3651 703 3725 quae
739 3641 1047 3706 veterem
1084 3634 1298 3708 huius
1335 3636 1435 3707 rei
1471 3635 2064 3707 consuetudinem
2100 3642 2377 3725 tenent,
2410 3642 2887 3724 caveantque,

235 3753 306 3817 ut
354 3747 580 3819 semel
635 3752 916 3820 tantum
986 3749 1058 3818 in
1124 3748 1462 3820 eumdem·
1505 3748 1692 3820 diem
1759 3747 1832 3819 id
1892 3746 2319 3837 perficiant:
2390 3740 2893 3838 delinq‘uentes

235 3868 475 3933 nostro
526 3858 819 3933 arbitrio
885 3858 1303 3948 plectemus.
1361 3858 1620 3933 Curent
1673 3877 1961 3951 quoque
2012 3860 2249 3931 omnia
2303 3859 2637 3932 decenter
2706 3858 2889 3946 fieri,

235 3969 324 4042 ita
375 3978 463 4044 ut
515 3971 662 4044 duo
705 3971 960 4043 saltem
1012 3971 1246 4045 elerici
1300 3972 1811 4064 superpelliceo
1866 3970 2136 4061 induti,
2196 3989 2432 4044 cereos
2501 3970 2610 4043 vel
2675 3970 2897 4042 intor-

239 4083 384 4155 titia
440 4102 660 4156 manu
713 4089 1204 4174 praesentent,
1244 4084 1691 4175 ardeantque
1726 4082 1981 4173 reliqui
2019 4084 2231 4174 cerei,
2273 4084 2394 4174 qui
2432 4101 2645 4176 super
2681 4081 2891 4156 altari

236 4193 300 4265 in
351 4194 812 4268 candelabris
864 4200 1308 4268 statuuntur.

369 4307 498 4378 24.
556 4305 726 4380 Cum
781 4307 854 4378 in
906 4305 1213 4379 dioecesi
1266 4325 1466 4380 sacra
1519 4305 1970 4380 Eucharistia
2028 4307 2340 4399 publice,
2397 4308 2507 4380 vel
2560 4306 2891 4401 privatim

233 4419 637 4510 exponitur,
692 4417 958 4507 omnia,
1013 4436 1200 4509 quae
1254 4420 1594 4511 superius-
1633 4422 1913 4492 sancita
1953 4428 2149 4509 sunt,
2190 4419 2636 4494 observanda
2688 4439 2896 4515 prae-

231 4532 585 4622 cipimus3
644 4530 923 4604 vicariis
975 4538 1212 4604 autem
1259 4530 1566 4605 foraneis
1605 4532 2056 4621 mandamuS,
2096 4539 2175 4605 ut
2213 4531 2417 4605 nobis
2454 4534 2887 4627 significent,

235 4650 406 4733 quot
463 4661 758 4716 numero
807 4644 1284 4734 expositiones
1337 4646 1412 4717 in
1464 4645 1612 4717 suis
1663 4644 2123 4720 vicariatibus
2174 4647 2546 4727 institutae
2597 4646 2772 4738 sint,
2824 4652 2897 4721 et

465 4794 644 4850 Luem,
677 4791 813 4841 Vixit.
840 4791 975 4840 Sacr.
1011 4792 1146 4849 Lim„
1174 4790 1292 4839 edit.
1326 4790 1414 4834 111.
1453 4789 1549 4842 Vol.
1581 4789 1622 4845 1.
2660 4796 2687 4842 Β
