3497 5235
484 377 629 440 518·
1230 382 1604 440 Iusti-notioni·
1644 382 1698 441 Β.
1726 384 1912 456 congr.
1941 384 2091 442 Οοιιο.
2133 384 2403 458 expositio.

488 511 899 596 acquirendis
947 510 1265 578 indultum
1315 532 1450 579 esse
1503 514 2013 580 concedendum.
2053 552 2097 565 —
2129 519 2278 581 495.
2329 518 2415 580 De
2449 512 2751 580 societate
2782 514 2980 601 vulgo
3017 515 3175 578 Pria

485 615 792 698 vileqa'ata
840 618 1075 680 societis
1121 616 1191 680 di
1236 619 1731 683 assicurazione.
1800 621 1864 683 ln
1915 638 2045 704 quo
2093 618 2316 684 eadem
2367 619 2686 683 consistat.
2724 655 2767 667 -
2803 620 2955 682 496.
3015 620 3186 680 Ρτο·

489 718 699 802 posito
734 718 901 803 apud
942 722 1007 785 S.
1041 719 1616 806 congregationem
1652 722 1864 805 Episc.
1906 732 1969 786 et
2003 721 2230 807 Regul.
2276 719 2497 796 dubio,
2538 740 2614 784 an
2648 739 2767 806 pro
2818 718 3169 784 illiusmodi

488 820 870 885 alienatione
918 821 1300 905 pensionum
1353 821 1929 887 ecclesiasticorum
1980 842 2141 908 opus
2186 824 2267 888 sit
2317 823 2719 907 beneplacito
2768 822 3166 908 Apostolico,

495 927 674 990 Sacra
729 922 1154 1010 congregatio
1204 923 1537 1007 respondit
1585 925 1910 1010 negative,
1968 927 2082 991 nisi
2139 927 2201 991 in
2251 925 2437 991 certis
2471 926 2734 990 casibus.
2774 963 2818 974 -
2849 926 3003 990 497.
3039 921 3170 990 Sed

488 1046 540 1090 s,
580 1045 665 1091 m.
720 1026 1064 1113 Gregorius
1110 1028 1273 1092 XVI.
1329 1027 1657 1092 decretum
1710 1027 1811 1094 edi
1867 1028 2081 1105 iussit,
2134 1049 2263 1114 quo
2326 1028 2691 1095 huiusmodi
2754 1025 3176 1093 alienationes

495 1129 754 1195 omnino
805 1128 1166 1195 damnavit:
1222 1130 1339 1195 hoc
1391 1129 1721 1195 decretum
1759 1129 2022 1197 affertur
2054 1149 2175 1217 per
2210 1141 2570 1195 extensum.
2601 1167 2644 1178 -
2669 1133 2822 1195 498.
2859 1131 2922 1196 S.
2958 1131 3166 1215 Cong.

492 1232 702 1317 Episc.
742 1242 809 1295 et
839 1234 1068 1319 Regul.
1113 1233 1175 1296 in
1218 1235 1638 1297 castrimaris
1672 1234 1945 1309 censuit,
1987 1234 2445 1298 ecclesiasticos
2495 1232 2660 1297 illius
2709 1230 2982 1297 civitatis
3021 1250 3173 1317 pro-

490 1338 659 1420 prias
708 1355 915 1401 causas
979 1337 1431 1412 ecclesiarum,
1485 1356 1843 1422 pauperum
1894 1347 1960 1403 et
2008 1335 2468 1401 miserabilium
2515 1352 2934 1423 personarum
2983 1353 3175 1420 posse

494 1439 660 1505 tueri
711 1438 775 1502 in
828 1437 1249 1503 tribunalibus
1298 1438 1627 1515 laicorum,
1683 1438 1877 1523 idque
1929 1437 2138 1504 facere
2189 1457 2373 1524 posse
2420 1439 2556 1504 sive
2605 1457 2726 1523 per
2767 1456 2837 1503 se
2882 1439 3020 1502 sive
3054 1455 3180 1522 per

497 1551 971 1628 procuratores,
1025 1541 1215 1605 etiam
1271 1540 1331 1606 in
1381 1539 1582 1605 causis
1628 1540 1846 1606 activis
1894 1540 2186 1607 civilibus
2222 1553 2436 1606 contra
2473 1539 2694 1619 laicos3
2736 1540 2888 1604 item
2922 1538 3178 1606 censuit

491 1644 815 1730 simplices
861 1641 1221 1708 sacerdotes
1269 1644 1406 1729 cogi
1460 1662 1587 1708 non
1638 1661 1823 1728 posse
1857 1643 1934 1709 ad
1968 1643 2384 1710 assistendum
2422 1646 2484 1708 in
2516 1641 2858 1709 cathedrali
2895 1641 3177 1708 functio-

495 1746 706 1823 nibus,
746 1766 908 1831 quae
942 1746 1017 1809 ab
1053 1745 1366 1831 Episcopo
1417 1747 1519 1811 vel
1559 1745 1851 1830 Capitulo
1887 1745 2087 1824 fiunt3
2129 1746 2282 1812 item
2321 1747 2569 1813 censuit
2603 1765 2729 1813 non
2763 1746 3179 1811 tolerandum

493 1848 950 1936 presbyterum
1003 1846 1273 1914 fiscalem
1325 1847 1390 1912 in
1442 1848 1638 1913 choro
1688 1848 1860 1915 inter
1909 1849 2124 1916 divina
2191 1848 2628 1928 assistentem;
2692 1848 2846 1914 item
2905 1848 3178 1913 clericos

496 1972 627 2018 non
678 1950 879 2016 teneri
931 1951 1220 2017 assistere
1270 1950 1561 2035 quotidie
1616 1949 2045 2018 functionibus
2097 1952 2159 2017 in
2211 1951 2601 2029 cathedrali,
2654 1950 2949 2036 adeoque
3007 1949 3179 2014 mul-

492 2053 729 2120 ctatitia
778 2072 984 2138 poena
1034 2072 1163 2118 non
1214 2070 1397 2136 posse
1444 2052 1646 2132 aflici3
1700 2073 1830 2118 non
1882 2056 2205 2142 cogendos
2252 2056 2365 2121 sed
2415 2054 2780 2131 hortandos,
2834 2064 2907 2119 ut
2957 2052 3180 2118 conle-

494 2156 719 2225 rentiis
767 2175 1025 2222 casuum
1077 2156 1398 2222 intersint.
1440 2156 1755 2222 Licentias
1792 2156 2161 2225 discedendi
2200 2180 2231 2222 a
2269 2156 2546 2225 dioecesi
2596 2156 2823 2223 iisdem
2853 2157 2995 2223 sive
3028 2177 3177 2222 cura

495 2261 848 2326 animarum
895 2261 1031 2325 sive
1082 2258 1465 2326 residentiae
1517 2261 1661 2348 lege
1712 2261 2030 2327 obstrictis
2076 2263 2216 2328 sine
2265 2262 2614 2328 rationabili
2665 2282 2844 2328 causa
2890 2261 2971 2327 ab
3023 2258 3179 2347 Epi-

496 2382 690 2450 scopo
739 2383 868 2430 non
920 2381 1056 2429 esse
1109 2361 1536 2448 denegandas.

646 2535 815 2605 483.
872 2531 1132 2616 Quales
1186 2555 1340 2608 esse
1410 2535 1725 2609 debeant
1802 2553 2028 2608 mores
2103 2529 2745 2609 ecclesiasticorum
2815 2536 3176 2626 virorum,

501 2664 833 2737 quaeque
886 2647 1056 2718 vitia
1108 2665 1229 2720 eos
1297 2649 1605 2740 effugere
1660 2655 2025 2740 oporteat,
2085 2669 2175 2722 ne
2230 2648 2425 2721 fideli
2495 2650 2759 2739 populo
2810 2649 3181 2739 spirituali

498 2758 923 2830 offendiculo
977 2758 1147 2848 sint,
1187 2761 1596 2832 summatim
1649 2762 2029 2833 edixerunt
2066 2757 2462 2833 Tridentini
2516 2758 2762 2832 Patres
2817 2763 3002 2834 Sess.
3043 2759 3176 2832 22.

498 2889 656 2961 cap.
703 2867 771 2942 1.
815 2889 897 2942 eo
951 2870 1109 2958 loci,
1152 2870 1274 2942 ubi
1317 2894 1354 2936 αι
1394 2872 1644 2943 statuit
1699 2869 1771 2942 S.
1816 2870 2174 2963 Synodus,
2215 2878 2296 2943 ut
2333 2889 2520 2961 quae
2555 2871 2732 2942 alias
2769 2890 2810 2941 a
2863 2869 3182 2942 Summis

501 3005 540 3051 ›
580 2979 1045 3054 Pontificibus
1096 2987 1165 3053 et
1217 3003 1258 3052 a
1312 2984 1531 3053 sacris
1566 2980 1897 3056 Conciliis
1949 2984 2037 3057 de
2091 2983 2505 3056 clericorum
2550 2984 2723 3070 vita,
2763 2980 3178 3068 honestate,

500 3116 539 3162 ›
582 3093 807 3180 cultu,
847 3092 1314 3183 doctrinaque
1369 3095 1772 3183 retinenda,
1813 3113 1897 3166 ac
1946 3095 2158 3166 simul
2211 3095 2301 3166 de
2351 3094 2570 3182 luxu,
2637 3093 3183 3165 comessationi-

502 3228 545 3290 »,
579 3204 743 3293 hm,
785 3204 1087 3291 choreiS‚
1128 3205 1305 3276 aleis
1357 3205 1663 3294 lusibuS‚
1721 3224 1805 3277 ac
1857 3206 2434 3296 quibuscumque
2485 3203 2947 3293 criminibuS,
3007 3222 3181 3276 nec-

504 3342 542 3385 »
582 3338 726 3391 non
778 3318 1268 3391 saecularibus
1320 3320 1621 3411 negotiis
1675 3319 2033 3410 fugiendis
2086 3319 2372 3410 copiose
2433 3336 2518 3389 ac
2568 3315 2954 3388 salubriter
3005 3333 3182 3385 san-

501 3457 549 3503 ›-
583 3435 724 3505 cita
778 3434 1092 3522 fuerunt,
1133 3434 1383 3505 eadem
1437 3434 1511 3504 in
1549 3440 1910 3524 posterum
1964 3431 2215 3502 iisdem
2270 3430 2546 3520 poeniS,
2603 3427 2712 3498 vel
2751 3425 3174 3513 maioribus,

503 3569 542 3613 ι»
583 3545 878 3617 arbitrio
930 3541 1290 3616 Ordinarii
1344 3544 1823 3635 imponendiS,
1866 3542 2363 3615 observentur.
2397 3563 2435 3606 ιι

649 3657 819 3728 484.
860 3654 1070 3729 Hisce
1125 3657 1374 3747 positis
1427 3655 1618 3727 videt
1671 3655 2172 3744 unusquisque
2235 3660 2380 3725 tam
2437 3651 2579 3722 late
2657 3654 2905 3740 patere
2959 3648 3178 3720 huius

502 3769 758 3859 capitis
809 3775 1338 3860 argumentum,
1379 3775 1485 3855 ut,
1525 3768 1584 3839 si
1623 3767 1938 3837 numeris
1993 3765 2324 3837 omnibus
2363 3765 2597 3856 ipsum
2651 3761 3025 3834 absolvere
3061 3751 3184 3832 v‘e-

500 3880 742 3969 limuS‚
787 3880 942 3952 illos
992 3879 1367 3952 brevitatis
1402 3881 1771 3967 terminOS‚
1814 3896 1994 3969 quos
2045 3877 2252 3948 nobis
2298 3876 2785 3966 praefiximus,
2828 3891 3173 3964 perquam

501 3989 914 4082 longissime
969 3992 1447 4083 praetergredi
1485 3991 1934 4063 deberemus.
1976 3989 2325 4071 Quoniam
2361 4006 2525 4060 vero
2571 3987 2983 4059 huiusmodi
3023 4004 3179 4077 pro-

500 4104 735 4176 vincia
788 4124 829 4173 a
882 4121 1123 4174 rerum
1158 4104 1663 4174 canonicarum
1704 4101 2214 4192 interpretibus
2261 4101 2732 4174 communiter
2783 4097 3176 4170 absolvitur

504 4223 576 4287 et
610 4215 1032 4306 explicatur,
1077 4233 1166 4286 ne
1205 4220 1504 4285 noctuas
1547 4212 1858 4284 Athenas
1895 4211 2078 4283 ferre
2115 4213 2514 4299 videamur,
2556 4210 2783 4282 satius
2818 4209 3169 4293 ducimuS,

501 4326 560 4398 si
613 4326 950 4400 lectorem
1002 4326 1094 4397 ad
1146 4325 1434 4396 eosdem
1470 4344 1598 4418 pro
1651 4343 1725 4396 re
1768 4330 1937 4396 nata
1991 4324 2486 4395 amandemus.
2533 4319 2769 4394 Unum
2804 4320 2924 4393 bic
2973 4317 3174 4391 nobis

501 4437 714 4511 liceat
764 4438 1265 4509 commendare
1316 4434 1716 4508 Ferrarium
1775 4434 1989 4506 verbo
2046 4435 2348 4509 Clericus
2370 4457 2404 4522 ,·
2456 4435 2516 4505 is
2568 4434 2786 4519 enim,
2827 4437 2909 4502 ut
2962 4429 3175 4521 pluri-

503 4566 725 4636 mum,
765 4566 851 4619 ea
902 4549 1139 4620 omnia
1192 4549 1553 4635 cumulat,
1608 4564 1794 4642 quae
1847 4565 1889 4616 a
1941 4546 2408 4636 scriptoribus
2477 4545 2692 4617 etiam
2766 4541 3171 4615 recentioris

507 4660 764 4730 aetatis
815 4659 1185 4746 docentur,
1227 4677 1310 4730 ac
1363 4664 1736 4749 propterea
1791 4675 1916 4750 pro
1971 4658 2505 4747 opportunitate
2549 4671 2912 4727 sacrorum
2968 4667 3170 4723 cano-

508 4786 683 4843 num
719 4767 1235 4840 declarationes
1272 4769 1610 4857 adducit3
1667 4768 1861 4857 quod
1897 4769 2113 4840 ceteri
2151 4786 2436 4859 perraro
2474 4765 2773 4838 faciunt.
2815 4759 3161 4834 Nonnulla
