3497 5235
656 321 773 384 148
1416 321 1785 380 hott-notioni·
1827 322 1880 380 Β.
1909 321 2092 396 (long-r.
2121 322 2268 381 Ocno.
2308 322 2579 396 expositio.

646 453 992 543 Doctoris‚
1054 447 1484 528 auctoritas:
1546 479 1583 521 ι
1624 454 1697 528 Si
1750 454 2348 548 autem-parochi,
2405 465 2479 529 et
2528 473 2805 544 omneS,
2854 453 3119 546 quibus
3153 472 3327 528 cura

652 592 692 637 ι
735 569 1139 641 animarum
1174 571 1545 642 commissa
1582 576 1717 658 est,
1756 575 2098 643 tenentur
2132 571 2201 641 in
2242 570 2619 642 dominicis
2655 575 2727 642 et
2763 568 2961 643 lestis
2996 568 3086 640 de
3119 584 3337 661 prae-

650 704 689 750 »
731 687 936 771 cepto
989 678 1278 753 Missam
1347 680 1706 754 celebrare
1760 687 1831 753 et
1884 682 2248 773 applicare
2303 701 2430 773 pro
2481 681 2773 773 populo,
2840 686 3045 753 tanto
3098 680 3330 769 magis

649 815 688 861 »
729 794 820 864 ad
874 793 944 864 id
998 799 1337 865 tenentur
1387 790 1720 886 Episcopi
1772 800 2145 883 tamquam
2183 794 2724 885 principaliores
2760 792 3163 862 animarum
3198 809 3336 882 pa-

650 925 689 971 »
729 909 952 976 stores
1019 898 1296 999 (Theol.
1355 900 1600 975 Moral.
1660 901 1821 975 Lib.
1864 900 2019 993 vl„
2079 923 2279 976 num.
2323 899 2558 1000 326).
2596 929 2634 970 ν
2692 902 2906 975 Cuius
2958 902 3333 973 doctrinae

645 1016 827 1088 ratio
881 1016 955 1086 in
1010 1034 1092 1088 eo
1145 1015 1451 1088 maxime
1503 1015 1858 1104 consistit,
1918 1015 2109 1104 quod
2163 1034 2327 1087 cum
2379 1014 2671 1106 parochi
2733 1014 3162 1087 auctoritate
3215 1029 3340 1084 ec·

653 1128 1047 1200 clesiastica
1118 1127 1428 1200 instituti
1499 1127 1685 1218 sint,
1742 1145 1987 1201 eorum
2053 1127 2362 1200 officium
2432 1145 2521 1199 ex
2582 1128 2737 1198 iure
2789 1125 3079 1213 divino,
3131 1124 3333 1213 quod

650 1240 1036 1312 mediatum
1089 1247 1159 1311 et
1209 1239 1720 1329 hypotheticum
1788 1246 2087 1329 vocant,
2146 1239 2646 1331 proficiscitur.
2704 1235 2960 1310 Contra
3013 1254 3182 1308 vero
3236 1234 3331 1306 ad

646 1347 1037 1442 Episcopos
1087 1349 1444 1442 pastorale
1479 1368 1742 1422 munus
1797 1350 2200 1423 immediate
2251 1351 2589 1443 pertinet,
2631 1350 2901 1440 quippe
2937 1367 3115 1439 quos
3171 1345 3333 1438 Spi-

650 1463 828 1533 ritus
881 1459 1188 1534 Sanctus
1239 1461 1477 1552 posuit
1527 1479 1771 1554 regere
1820 1458 2214 1535 Ecclesiam
2249 1460 2428 1533 Dei:
2485 1461 2797 1552 pertinet
2845 1462 3060 1532 etiam
3118 1460 3334 1550 prin-

649 1574 1006 1663 cipaliter,
1061 1573 1232 1663 quia
1284 1573 1472 1644 inest
1507 1573 1582 1645 in
1619 1573 1721 1645 eis
1757 1573 2072 1665 perlecta
2110 1580 2181 1646 et
2216 1572 2427 1664 plena
2467 1591 2637 1645 cura
2674 1570 3082 1664 pastoraliS‚
3125 1571 3334 1642 cuius

651 1691 921 1775 partem
977 1683 1353 1757 dumtaxat
1407 1684 1698 1774 parochi
1753 1692 2115 1773 exercent,
2155 1682 2518 1757 Ecclesiae
2555 1683 2982 1755 auctoritate
3028 1682 3173 1753 sibi
3208 1682 3338 1754 de·

655 1793 1098 1865 mandatam.
1156 1790 1357 1876 Quod
1405 1812 1581 1867 sane
1625 1796 1989 1887 praeclare
2043 1797 2116 1868 S.
2158 1793 2465 1878 Thomas
2500 1795 2615 1867 his
2649 1794 2887 1867 verbis
2922 1794 3336 1884 complecti·

653 1911 774 1978 tur
807 1925 825 1975 ε
887 1927 923 1969 ‹
962 1902 1293 1997 Episcopi
1330 1907 1821 1997 principaliter
1872 1907 2150 1979 habent
2186 1926 2428 1980 curam
2465 1908 2701 1980 ovium
2738 1924 2912 1977 suae
2949 1905 3330 1995 dioecesiS‚

659 2042 699 2089 >
740 2017 1136 2109 presbyteri
1188 2025 1428 2091 autem
1481 2020 1709 2092 curati
1763 2019 2035 2093 habent
2088 2020 2370 2111 aliquas
2421 2018 3125 2092 subministrationes
3199 2016 3338 2089 sub

662 2153 701 2199 ι
739 2127 1137 2220 EpiscopiS,
1173 2154 1210 2198 ›
1267 2129 1340 2201 id
1377 2136 1486 2202 est
1541 2153 1578 2196 (ι
1618 2131 2027 2205 secundum·
2057 2132 2251 2223 quod
2286 2133 2389 2203 eis
2425 2130 2517 2202 ab
2554 2128 2906 2221 Episcopo
2951 2128 3345 2200 committi-

662 2265 702 2309 ›
742 2247 861 2311 tur
887 2238 992 2335 (2.
1013 2241 1083 2310 2.
1112 2259 1186 2331 q.
1215 2241 1413 2329 184„
1440 2247 1573 2313 art.
1599 2242 1670 2313 6.
1700 2243 1794 2315 ad
1820 2245 1893 2314 2.
1922 2249 1993 2315 et
2019 2244 2091 2314 3.
2117 2239 2295 2316 Vide
2327 2243 2541 2315 etiam
2572 2260 2815 2332 opusc.
2839 2235 3037 2311 XIX.
3065 2235 3334 2332 c.4.).»

804 2350 933 2424 His
986 2354 1230 2442 itaque
1283 2354 1619 2426 omnibus
1670 2356 1794 2428 diu
1849 2355 2296 2445 multumque
2352 2354 2859 2440 consideratiS‚
2927 2352 3342 2441 auditisque

660 2460 1196 2536 venerabilium
1231 2462 1556 2538 Fratrum
1593 2461 2008 2539 Nostrorum
2062 2467 2135 2538 S.
2166 2463 2259 2535 R.
2292 2462 2377 2536 E.
2420 2462 2902 2538 Cardinalium
2941 2462 3155 2535 Conc.
3191 2461 3345 2535 Tri-

657 2574 934 2648 dentini
990 2571 1471 2667 Interpretum
1523 2577 1929 2667 sententiiS,
1971 2576 2428 2650 decernimus
2462 2583 2534 2650 et
2570 2576 3044 2664 declaramuS,
3085 2593 3342 2648 omnes

660 2690 732 2757 et
783 2686 1103 2777 singulos
1150 2684 1569 2779 EpiscopOS,
1628 2707 2082 2779 quacumque
2135 2689 2515 2781 dignitate,
2572 2690 2788 2762 etiam
2833 2685 3338 2775 cardinalitia,

659 2807 933 2887 auctOS,
990 2800 1160 2871 item
1219 2799 1530 2871 Abbates
1584 2800 2149 2873 iurisdictionem
2187 2803 2394 2893 quasi
2432 2800 2909 2893 episcopalem
2945 2799 3018 2869 in
3054 2795 3342 2870 Clerum

662 2917 734 2983 et
783 2911 1129 3002 populum
1182 2930 1345 2984 cum
1397 2912 1751 2983 territorio
1803 2919 2134 3002 separato
2185 2912 2566 3001 habenteS‚
2610 2913 2685 2983 in
2722 2909 3108 2983 Dominicis
3144 2909 3351 2982 aliis-

662 3039 803 3112 que
855 3021 1055 3094 lestis
1107 3022 1389 3111 diebuS,
1447 3024 1570 3113 qui
1623 3040 1710 3094 ex
1762 3031 2141 3116 praecepto
2194 3024 2433 3096 adhuc
2482 3031 2886 3110 servantur,
2942 3030 3012 3095 et
3067 3023 3193 3113 qui
3252 3040 3345 3094 ex

663 3133 940 3205 dierum
994 3133 1084 3204 de
1137 3140 1516 3225 praecepto
1569 3133 1911 3208 festorum
1957 3154 2255 3208 numero
2291 3134 2558 3208 sublati
2595 3142 2792 3224 sunt,
2834 3135 3027 3206 omni
3065 3134 3349 3225 exigui-

660 3245 831 3318 tatis
884 3246 1248 3318 redituum
1285 3249 1750 3321 excusatione
1802 3253 1928 3319 aut
1981 3247 2120 3318 alia
2163 3248 2417 3337 quavis
2450 3250 2868 3339 exceptione
2903 3251 3207 3332 remota,
3247 3243 3345 3315 ad

661 3352 949 3427 Missam
1000 3374 1128 3447 pro
1182 3358 1444 3449 populo
1513 3358 1652 3430 sibi
1716 3359 2092 3431 commisso
2146 3357 2650 3431 celebrandam
2705 3364 2778 3432 et
2828 3355 3349 3450 applicandam

658 3468 919 3540 teneri.

807 3576 899 3650 Et
935 3597 1024 3651 ne
1060 3581 1174 3654 cui
1213 3580 1648 3670 dubitationi
1686 3582 1928 3655 aditus
1964 3590 2237 3675 pateat,
2296 3583 2772 3671 declaramus,
2829 3581 3116 3654 eosdem
3170 3578 3354 3671 Epi-

660 3709 912 3781 scopos
963 3697 1034 3763 et
1090 3690 1405 3765 Abbates
1456 3694 1625 3767 huic
1673 3694 1905 3768 officio
1957 3695 2133 3767 satis
2186 3713 2342 3767 esse
2393 3695 2706 3767 facturos
2756 3712 2881 3784 per
2919 3692 3353 3765 celebratio-

664 3820 830 3875 nem
883 3809 953 3875 et
1008 3803 1557 3894 applicationem
1594 3807 1811 3880 unius
1846 3802 2104 3878 Missae
2140 3825 2267 3898 pro
2300 3807 2633 3879 universo
2671 3804 2934 3898 populo
2976 3804 3112 3876 sibi
3151 3822 3357 3876 com-

664 3914 906 4001 misso,
964 3910 1244 3987 etiamsi
1298 3914 1480 3988 duas
1528 3917 1639 3989 vel
1690 3918 1932 4009 plures
1981 3914 2354 3991 Dioeceses
2391 3923 2462 3990 et
2501 3916 2844 3990 Abbatias
2880 3934 3107 4007 aeque
3144 3917 3360 4008 prin-

669 4025 997 4116 cipaliter
1048 4028 1289 4100 unitas
1339 4035 1617 4120 regant.
1649 4067 1697 4083 -
1723 4027 2063 4102 Novimus
2115 4031 2408 4122 quidem
2442 4027 2808 4102 Romanas
2842 4027 3359 4121 congregatio—

668 4154 799 4208 nes
846 4132 1141 4211 Nostras
1192 4138 1389 4212 aliud
1443 4140 1841 4214 decrevisse
1892 4140 1982 4213 de
2034 4142 2363 4233 parochis
2415 4143 2595 4215 duas
2662 4141 2772 4214 vel
2826 4141 3071 4232 plures
3133 4157 3365 4232 paro-

664 4246 935 4319 chiales
969 4248 1302 4323 ecclesias
1352 4269 1582 4342 aeque
1617 4252 2109 4343 principaliter
2143 4254 2391 4327 unitas
2430 4253 2889 4346 gerentibus3
2947 4253 3023 4324 in
3077 4251 3363 4343 quibus

665 4358 970 4448 singulis
1017 4360 1342 4453 singulae
1395 4381 1523 4454 per
1574 4362 1729 4436 dies
1773 4362 1991 4437 festos
2029 4361 2284 4438 Missae
2320 4364 2775 4439 celebrentur
2810 4371 2882 4437 et
2916 4382 3044 4458 pro
3075 4362 3363 4456 populo

669 4469 1123 4560 applicentur
1166 4491 1455 4547 necesse
1491 4481 1627 4548 est.
1685 4476 1826 4548 Sed
1880 4475 2021 4547 alia
2076 4482 2185 4548 est
2234 4476 2737 4567 parochorum,
2779 4476 2922 4548 alia
2955 4472 3373 4566 Episcopo-

671 4597 834 4653 rum
884 4584 1090 4656 ratio.
1146 4581 1434 4658 Etenim
1486 4604 1650 4659 cum
1702 4587 1961 4679 cuique
2015 4586 2324 4679 parocho
2377 4588 2713 4680 specialis
2774 4589 2850 4660 in
2903 4602 3370 4676 unaquaque

676 4694 1004 4784 paroecia
1054 4714 1139 4769 ac
1188 4696 1488 4771 definita
1536 4698 1784 4791 populi
1836 4717 2009 4774 cura
2061 4700 2445 4774 cummissa
2488 4701 2609 4793 sit,
2666 4699 2869 4775 festis
2919 4697 3179 4775 diebus
3219 4713 3381 4789 pa-
