3497 5235
1069 266 1143 327 n·
1187 267 1489 327 uanum
1528 267 1794 327 annom
1831 267 2092 326 niniam
2143 235 2166 250 ‘
2855 263 2894 326 o

432 400 538 473 18.
577 400 711 473 Sed
748 418 1125 494 pergamus
1159 403 1249 475 ad
1274 403 1643 491 ulteriora3
1684 422 1846 475 nam
1877 407 2144 495 quanto
2172 402 2333 493 plus
2359 400 2672 474 Ecclesia
2700 399 2895 474 Chri-

304 514 377 585 sti
422 515 579 585 mite
629 532 835 586 suum
888 515 1326 607 propagabat
1379 517 1775 606 imperium,
1832 534 1912 588 eo
1964 517 2223 589 rectius
2258 521 2327 587 et
2364 516 2679 585 exactius
2712 514 2896 606 regi-

304 625 485 697 minis
516 627 623 698 sui
657 624 953 698 sormam
990 628 1389 714 ordinabat,
1444 633 1815 717 certasque
1865 627 1957 699 ad
2009 645 2152 699 rem
2204 626 2392 717 leges
2444 632 2514 698 et
2568 627 2891 698 instituta

300 736 660 810 sanciebat.
716 733 806 809 Et
856 756 1071 828 sane;
1132 757 1274 829 quo
1323 745 1637 829 tempore
1704 736 1778 811 S.
1835 734 2206 829 Gregorius
2261 734 2555 827 Magnus
2604 754 2892 809 suarum

300 848 609 921 virtutum
665 850 1115 940 ingentisque
1164 851 1431 941 ingenii
1477 848 1977 941 splendoribus
2028 849 2427 920 illustrabat
2478 847 2889 936 Ecclesiam,

301 958 430 1049 lege
451 965 741 1032 cautum
770 958 988 1032 tuisse
1021 960 1397 1052 colligitur,
1428 965 1507 1031 ut
1539 958 1867 1053 Episcopi
1896 960 1967 1032 in
1996 960 2233 1033 Sicilia
2259 962 2652 1047 constituti,
2683 962 2893 1034 tertio

182 1126 187 1135 .
298 1088 551 1161 qnoque
602 1089 797 1143 anno
844 1067 1140 1143 Romam
1176 1072 1507 1144 accedere
1546 1077 1986 1144 tenerentur.
2031 1074 2355 1143 Attamen
2408 1069 2480 1143 S.
2521 1069 2894 1163 Gregorius

296 1178 578 1274 benigno
615 1184 856 1254 animo
888 1182 1152 1255 eisdem
1190 1182 1511 1271 indulsit,
1542 1189 1624 1254 ut
1650 1181 2009 1272 deinceps,
2044 1182 2326 1255 nonnisi
2359 1184 2658 1273 singulis
2684 1183 2898 1272 quin-

295 1295 632 1383 quenniiS,
688 1293 1091 1366 huiusmodi
1142 1296 1275 1368 iter
1322 1294 1679 1385 suscipere
1729 1294 2099 1379 deberent,
2155 1301 2234 1366 ut
2286 1295 2436 1385 ipse
2488 1294 2764 1384 scripsit
2803 1292 2894 1366 ad

294 1400 697 1495 cyprianum
725 1403 1104 1479 Diaconum
1124 1401 1515 1501 (Epist.22.
1541 1406 1714 1478 ἰῶ]
1725 1460 1742 1477 .
1761 1412 1926 1478 tom.
1942 1407 2016 1479 2.
2043 1406 2244 1499 Oper.
2263 1407 2387 1479 col.
2412 1406 2579 1480 866.
2597 1415 2661 1480 et
2681 1427 2817 1499 seq.
2818 1402 2895 1504 ),

295 1513 417 1585 ibi:
458 1538 495 1580 ‹
522 1513 737 1589 Novit
770 1517 1051 1592 dilectio
1083 1524 1236 1607 tua,
1276 1519 1409 1590 hoc
1440 1518 1608 1590 olim
1645 1516 2239 1590 consuetudinem
2264 1519 2603 1606 tenuisse,
2642 1524 2721 1589 ut
2757 1517 2897 1589 fra-

296 1631 491 1698 »tres
523 1635 598 1699 et
634 1626 1037 1719 coepiscopi
1075 1630 1291 1702 nostri
1325 1627 1621 1701 Romam
1657 1629 1874 1700 semel
1911 1628 1983 1699 in
2019 1628 2326 1701 triennio
2353 1630 2439 1701 de
2468 1627 2704 1701 Sicilia
2730 1647 2897 1702 con-

298 1761 329 1801 ›
361 1740 730 1828 venirent3
784 1740 907 1812 sed
959 1759 1128 1827 nos,
1183 1759 1422 1814 eorum
1475 1741 1699 1812 labori
1753 1740 2230 1828 consulenteS,
2288 1740 2761 1829 constituisse,
2816 1745 2896 1812 ut

296 1871 327 1911 ›
357 1867 549 1920 suam
605 1850 750 1922 huc
781 1853 997 1924 semel
1033 1853 1107 1922 in
1141 1852 1632 1942 quinquennio
1667 1850 2141 1942 praesentiam
2178 1850 2687 1923 exhiberent.»

421 1960 533 2032 19.
572 1958 953 2033 Gratianus
989 1962 1063 2033 in
1097 1980 1225 2035 suo
1262 1960 1550 2035 Decreto
1591 1958 1786 2057 (cap.
1811 1963 1883 2034 A.
1917 1962 2232 2035 distinct.
2258 1955 2420 2057 93.)
2462 1962 2653 2034 hunc
2686 1961 2898 2035 refert

295 2094 326 2134 ›
356 2087 736 2143 canonem:
795 2068 1001 2144 quta
1036 2079 1438 2146 sanctorum
1475 2070 1758 2145 Patrum
1795 2080 1864 2146 et
1900 2091 2250 2146 canonum
2295 2073 2622 2145 instituta
2658 2090 2900 2145 omnes

295 2206 326 2246 ›
360 2178 715 2274 Episcopi,
755 2183 878 2273 qui
914 2184 1126 2256 huius
1167 2184 1601 2277 Apostolicae
1635 2185 1838 2258 Sedis
1872 2185 2298 2258 ordinationi
2332 2185 2730 2273 subiacent,
2772 2186 2898 2275 qui

295 2317 326 2357 ›
360 2295 739 2386 propinqui
772 2300 967 2381 sunt,
1006 2313 1246 2369 annue
1296 2296 1479 2369 circa
1528 2292 1700 2369 Idus
1735 2296 1897 2369 Maii
1948 2296 2057 2369 Ss,
2096 2294 2499 2389 Principum
2541 2296 2903 2388 Apostolo-

293 2428 327 2468 »
357 2423 506 2475 rum
541 2394 733 2477 Petri
780 2411 851 2478 et
892 2402 1093 2478 Pauli
1129 2405 1526 2480 Liminibus
1558 2414 2124 2499 praesententur,
2165 2409 2354 2481 omni
2391 2410 2754 2481 occasione
2790 2426 2903 2480 se-

292 2544 326 2584 »
360 2521 587 2610 posita
638 2516 801 2617 (1):
859 2523 983 2611 qui
1034 2538 1197 2594 vero
1246 2524 1334 2595 de
1383 2523 1797 2615 longinquO,
1853 2524 2050 2622 iuxta
2100 2522 2641 2614 chirographum
2692 2541 2897 2594 suum

290 2657 324 2699 ›
357 2634 729 2725 impleant.
784 2631 916 2716 Qui
968 2639 1201 2707 autem
1251 2634 1464 2708 huius
1512 2632 2044 2709 Constitutionis
2090 2642 2527 2726 contemptor
2562 2636 2897 2724 extiterit,

288 2769 322 2809 ›
356 2753 859 2836 praeterquam
907 2746 967 2817 si
1017 2748 1459 2837 aegritudine
1511 2745 1721 2819 inerit
1771 2748 2137 2836 detentus»,
2191 2747 2368 2819 sciat
2417 2763 2493 2819 se
2545 2747 2902 2819 canonicis

290 2878 324 2918 ι
354 2855 725 2929 subiacere
758 2858 1154 2929 sententiis.
1185 2883 1222 2924 »
1276 2854 1696 2930 Huiusmodi
1731 2876 1958 2929 canon
1992 2858 2066 2929 iu
2102 2856 2592 2929 communibus
2629 2855 2902 2930 Decreti

285 2965 713 3038 editionibus
761 2965 1097 3041 Anacleto
1146 2969 1354 3041 simul
1407 2976 1477 3042 et
1526 2965 1902 3040 Zachariae
1952 2966 2186 3059 Papae
2236 2968 2702 3041 adscribitur:
2775 2968 2904 3043 sed

287 3074 451 3149 ialso
487 3078 678 3151 circa
718 3078 1173 3167 Anacletum,
1152 3098 1171 3117 ·
1229 3096 1391 3151 nam
1435 3097 1662 3151 canon
1699 3080 1850 3171 ipse
1885 3080 2299 3170 desumptus
2334 3086 2441 3150 est
2477 3097 2562 3152 ex
2595 3076 2903 3153 Concilio

282 3183 604 3261 Romano
654 3188 899 3263 habito
950 3209 1137 3263 anno
1174 3192 1341 3264 743.
1395 3192 1529 3265 sub
1582 3189 1918 3265 Zacharia
1968 3188 2186 3284 Papa,
2241 3194 2476 3283 prouti
2525 3192 2762 3267 videre
2796 3199 2904 3266 est

285 3314 504 3374 canon
556 3300 634 3371 3.
688 3295 893 3397 (tom.
932 3300 1006 3376 3.
1053 3303 1325 3378 Collect.
1366 3302 1723 3377 Harduini
1771 3298 2233 3400 col.1927..)

421 3425 551 3498 20.
605 3421 1076 3497 Nihilominus
1124 3425 1201 3495 in
1250 3441 1505 3514 magno
1556 3422 1783 3513 pretio
1832 3420 2205 3492 habendus
2257 3424 2361 3492 est
2412 3436 2496 3491 ex
2547 3437 2656 3507 e0,
2712 3417 2902 3508 quod

290 3535 357 3606 in
405 3534 958 3626 praescribendo
1008 3531 1326 3606 Romano
1376 3534 1629 3605 itinere
1678 3532 1771 3604 ad
1803 3539 2204 3604 sanctorum
2235 3526 2519 3602 Patrum
2570 3537 2640 3602 et
2692 3548 2901 3601 cano·

291 3662 453 3718 uum
508 3647 791 3719 decreta
839 3663 995 3718 sese
1046 3644 1296 3718 refert:
1351 3661 1438 3717 ex
1489 3662 1629 3735 quo
1681 3643 2119 3734 apertissime
2155 3641 2409 3727 elucet,
2465 3641 2684 3713 multo
2735 3647 2898 3714 ante

289 3763 598 3849 tempore
644 3777 801 3830 eam
837 3758 1058 3848 legem
1091 3756 1433 3830 extitisse.
1473 3752 1825 3827 Berardus
1869 3755 1941 3825 in
1992 3773 2120 3825 suo
2153 3770 2361 3845 opere
2399 3750 2728 3824 Gratiani
2772 3750 2903 3824 Ca-

291 3885 496 3940 nones
527 3869 816 3962 qenuini
849 3869 934 3941 ab
968 3867 1373 3960 apocryphis
1407 3866 1721 3948 discreti,
1748 3885 1824 3957 p.
1849 3866 1923 3938 2.
1956 3872 2118 3938 tom.
2149 3866 2216 3938 01.
2260 3883 2415 3956 cap.
2439 3864 2513 3935 2.
2545 3866 2735 3934 circa
2766 3866 2891 3952 fin.

293 3976 374 4049 de
421 3979 556 4052 hoc
606 3997 875 4052 canone
910 3997 1152 4070 agens,
1191 3980 1366 4051 haec
1398 3979 1570 4050 scite
1606 3985 1676 4050 et
1711 3978 1802 4049 ad
1839 3995 1982 4050 rem
2022 3985 2329 4048 nostram
2369 3974 2889 4048 animadvertit:

297 4108 331 4153 ›
366 4085 728 4161 Decebant
760 4090 995 4180 potius
1044 4089 1220 4161 haec
1251 4086 1625 4162 Zachariae
1660 4095 2004 4183 tempora,
2044 4090 2165 4178 qui
2206 4089 2430 4161 medio
2463 4094 2706 4159 octavo
2741 4107 2897 4161 sae-

293 4223 329 4266 ›
366 4199 521 4271 culo
553 4217 904 4271 summum
939 4199 1228 4273 tenebat
1264 4201 1776 4290 pontificatum,
1820 4220 1958 4272 nou
2016 4201 2448 4287 Anacletum,
2487 4198 2686 4272 cuius
2721 4207 2896 4272 tem-

294 4335 328 4377 »
366 4327 531 4401 pora
580 4310 940 4383 teterrima
974 4316 1176 4382 erant
1212 4311 1282 4381 in
1321 4313 1693 4401 perniciem
1734 4309 2111 4386 Ecclesiae.
2170 4308 2483 4384 Iamvero
2519 4329 2645 4403 ego
2681 4331 2895 4404 agno-

296 4442 331 4487 »
366 4422 606 4512 verim,
660 4421 851 4495 unde
904 4421 1055 4494 fieri
1105 4424 1433 4513 potuerit,
1491 4431 1566 4496 ut
1615 4423 2022 4497 huiusmodi
2095 4422 2454 4496 decretum
2518 4420 2895 4497 Zachariae

431 4667 496 4746 (1)
533 4672 597 4728 Id
630 4678 754 4728 out:
799 4695 826 4723 a
848 4671 1023 4727 Nulla
1059 4673 1357 4738 temporum
1395 4671 1592 4729 habits
1624 4674 1866 4732 tatione.
1892 4687 1922 4722 ο
