3497 5235
585 265 705 333 360
1339 276 1705 336 Iusti-notioni·
1747 278 1801 335 8.
1829 276 2013 353 Oongr.
2040 276 2186 336 Ocno.
2226 276 2497 351 expositio.

590 423 630 471 »
670 406 862 489 voto,
901 420 978 474 re
1029 412 1306 478 mature
1356 408 1880 502 diligenterque
1931 413 2294 500 discussa,
2350 410 2444 482 ad
2496 409 2906 482 relationem
2960 402 3122 478 Emi
3167 413 3233 479 et

591 539 630 582 »
669 511 849 587 Rev.
889 512 1285 591 Cardinalis
1340 518 1592 594 Vidoni
1645 519 1986 597 Ponentis
2037 522 2614 615 respondendum
2665 520 2985 592 censuit:

738 650 777 695 ›
815 626 915 698 Ad
947 630 1013 701 1.
1039 629 1492 705 Affirmative.

738 764 775 807 »
808 740 913 813 Ad
941 743 1012 813 2.
1035 741 1466 817 Affirmative
1486 746 1748 836 pariter
1775 748 1972 818 iuxta
2002 753 2243 819 votum
2272 744 2875 818 caeremoniarum
2906 740 3233 834 magistri.

737 875 776 920 ›
806 849 897 926 Et
946 855 1044 926 ita
1092 855 1429 946 decrevit,
1470 864 1542 930 et
1576 860 1846 930 servari
1898 859 2291 931 mandavit.
2332 860 2453 939 22.
2495 856 2694 950 Sept.
2739 856 2956 928 1827.
2997 854 3240 947 Buqel-

594 988 632 1031 »
673 964 847 1036 lens.
888 961 1315 1060 (Gardellini
1368 988 1444 1041 n.
1486 967 1737 1066 4633).

742 1076 906 1148 175.
949 1074 1038 1150 In
1088 1076 1409 1153 Blesensi
1461 1081 1764 1155 dioecesi
1818 1084 2004 1155 sicut
2052 1083 2130 1154 in
2165 1082 2596 1172 quibusdam
2649 1079 2808 1153 aliis
2857 1076 3241 1151 Galliarum

588 1187 1035 1261 dioecesibus
1078 1193 1518 1266 consuetudo
1572 1194 1900 1282 invaluit,
1941 1200 2046 1283 ut,
2087 1193 2589 1266 deficientibus
2639 1191 2940 1264 diacono
2973 1197 3044 1263 et
3079 1188 3243 1262 sub·

586 1296 911 1388 diacono,
953 1318 1196 1373 eorum
1248 1303 1400 1376 loco
1438 1304 1644 1377 altari
1701 1324 1785 1377 ac
1835 1305 2229 1378 celebranti
2273 1306 2689 1377 assisterent
2738 1303 2881 1375 duo
2933 1303 3236 1388 uxorati,

588 1409 702 1482 vel
754 1429 926 1500 non,
968 1431 1128 1485 cum
1180 1416 1399 1488 sacris
1451 1416 1795 1489 ecclesiae
1845 1417 2191 1506 vestibuS,
2231 1417 2385 1489 sine
2436 1416 2617 1488 stola
2671 1421 2910 1488 tamen
2964 1433 3051 1486 ac
3100 1432 3244 1485 ma-

589 1521 863 1611 nipulo,
907 1525 1081 1613 quin
1117 1530 1358 1597 tamen
1394 1527 1612 1598 ullam
1665 1528 2103 1600 functionem
2150 1532 2600 1620 peragerent,
2640 1526 2767 1600 sed
2817 1533 3101 1599 tantum
3138 1543 3245 1597 so—

585 1631 981 1706 lemnitatis
1017 1655 1349 1729 pompam
1388 1646 1758 1731 augerent.
1799 1636 2029 1722 Quare
2079 1636 2475 1732 Episcopus
2526 1635 2812 1711 Blesen.
2854 1639 3240 1727 interroga-

589 1744 717 1831 vit,
758 1764 850 1818 an
907 1747 1259 1821 invectam
1310 1750 1499 1823 lianc
1550 1753 2140 1825 consuetudinem
2190 1768 2650 1838 conservare,
2706 1749 2821 1822 vel
2869 1751 3115 1840 potius
3160 1747 3241 1821 de

588 1858 820 1931 medio
857 1859 1102 1932 tollere
1129 1858 1434 1934 debeat?
1473 1861 1545 1933 S.
1576 1860 1727 1936 Rit.
1761 1861 2016 1956 Congr.
2049 1864 2455 1956 respondit:
2501 1885 2539 1928 α
2578 1861 3041 1949 Consuetudo,
3070 1866 3243 1933 tam»

589 1991 628 2037 >
667 1988 881 2060 quam
915 1972 1202 2055 abusus,
1237 1974 1522 2045 omnino
1554 1976 2033 2058 eli-minanda,
2066 1984 2131 2049 et
2182 1978 2259 2049 in
2294 1997 2465 2050 casu
2498 1979 2721 2052 Missa
2756 1979 3086 2048 cantetur
3127 1990 3244 2064 per

590 2102 628 2145 »
667 2081 892 2153 solum
916 2084 1419 2173 presbyterum.
1454 2084 1566 2154 11.
1589 2083 1785 2179 Sept.
1814 2087 2026 2160 1847.
2051 2089 2377 2160 Blesen.»
2409 2084 2831 2184 (Gardellini
2863 2104 2937 2157 n.
2957 2080 3242 2175 5103.).

740 2193 906 2264 176.
951 2217 989 2260 ‹
1028 2191 1115 2266 In
1168 2195 1367 2269 iestis
1415 2198 1882 2287 solemnibus»,
1925 2218 2109 2290 quae
2143 2209 2524 2273 occurrunt
2559 2201 2635 2272 in
2687 2199 2880 2272 feriis
2927 2194 3241 2280 Quadra-

592 2325 630 2369 »
674 2304 1008 2394 gesimae,
1049 2306 1307 2380 licetne
1344 2309 1762 2381 continuare
1800 2330 2005 2383 usum
2056 2313 2361 2384 canendi
2396 2309 2683 2384 Missam
2726 2312 2815 2384 de
2867 2309 3047 2380 feria
3094 2311 3241 2399 post

591 2439 630 2482 »
673 2410 1008 2506 Tertiam,
1048 2424 1120 2491 et
1153 2417 1439 2492 Missam
1477 2420 1565 2493 de
1616 2421 1823 2510 feste,
1865 2425 1977 2495 cui
2013 2423 2282 2496 assistit
2331 2420 2727 2517 Episcopus
2760 2428 2922 2514 post
2973 2417 3238 2491 Nonam

590 2547 632 2590 ι
671 2527 857 2599 circa
911 2530 1305 2622 meridiem,
1348 2551 1441 2603 an
1495 2533 1702 2605 aliter
1752 2532 2197 2606 faciendum?
2236 2533 2308 2607 S.
2347 2528 2440 2606 P..
2482 2533 2559 2608 C.
2601 2553 2825 2626 resp.:
2878 2532 3240 2627 Negatio&

591 2662 629 2705 »
669 2639 787 2712 sed
835 2642 1158 2714 rubricae
1216 2645 1605 2717 servandae
1671 2654 1840 2720 sunt
1889 2648 2119 2738 quoad
2167 2649 2413 2721 horam
2477 2648 2799 2720 solemnis
2850 2647 3113 2722 Missae
3170 2643 3238 2713 iu

594 2774 632 2817 »
672 2752 902 2824 choro.
952 2754 1065 2825 12.
1105 2751 1280 2826 Nov.
1324 2758 1536 2828 1831.
1577 2759 2012 2840 Marsorum,
2063 2758 2158 2831 ad
2205 2758 2329 2830 27.
2370 2755 2793 2854 (Gardellini
2830 2776 2906 2828 n.
2951 2749 3231 2846 4669.).

740 2890 779 2931 ι
824 2863 924 2936 An
975 2867 1258 2940 decreta
1311 2866 1385 2940 S.
1424 2865 1517 2940 R.
1559 2866 1776 2961 Cong.
1831 2870 1999 2941 dum
2053 2869 2392 2958 eduntur,
2433 2870 2774 2962 derogent
2825 2869 3089 2957 cuique
3138 2866 3239 2936 in-

593 3000 631 3043 »
673 2983 915 3050 vectae
968 2980 1361 3053 contrariae
1414 2981 1916 3053 consuetudini
1968 2983 2179 3054 etiam
2218 2981 2785 3069 immemorabili,
2827 2986 2898 3052 et
2949 2981 3028 3050 in
3076 2993 3235 3048 casu

593 3111 633 3154 ι»
673 3088 1095 3162 affirmativo
1135 3091 1464 3183 obligent
1515 3093 1729 3164 etiam
1785 3092 2023 3182 quoad
2075 3087 2628 3166 conscientiam?
2666 3089 2886 3183 Resp.
2928 3090 3236 3183 Affirma-

592 3223 631 3267 ›
670 3201 840 3282 tive,
878 3202 995 3275 sed
1046 3203 1551 3276 recurrendum
1602 3205 1678 3275 iu
1721 3205 2186 3296 particulari.
2233 3206 2300 3274 1.
2341 3202 2537 3295 Sept.
2585 3204 2797 3275 1847.
2841 3197 3232 3294 Anqelopol.

592 3335 629 3379 »
671 3313 766 3384 ad
821 3312 937 3386 16.
984 3339 1021 3380 »
1063 3312 1486 3409 (Gardellini
1540 3335 1614 3387 n.
1657 3312 1943 3411 5102).

733 3422 864 3507 Qui
919 3445 1134 3518 super
1166 3426 1359 3498 chori
1413 3426 1795 3517 disciplina
1834 3426 2039 3519 plura
2094 3446 2301 3500 nosse
2337 3429 2603 3520 cupiat,
2663 3426 2877 3498 adeat
2925 3420 3226 3515 Append.

594 3541 764 3629 Syn.
835 3538 1359 3630 Fulqinateusis
1436 3559 1478 3610 a
1545 3536 1992 3629 Baptistellio
2068 3539 2358 3612 habitae
2433 3541 2530 3612 ad
2597 3539 2765 3629 Cap.
2829 3537 2963 3609 111.
3028 3534 3100 3631 §-
3159 3533 3225 3605 7.

587 3648 755 3721 edit.
800 3648 1015 3721 1762.
1065 3670 1235 3743 paq.
1276 3649 1396 3723 30.
1438 3657 1503 3723 et
1553 3669 1732 3742 seq„
1793 3650 1919 3722 ubi
1969 3652 2228 3744 legitur
2279 3653 2665 3724 Istruzione
2699 3650 2783 3723 ed
2822 3649 3078 3723 ordini
3113 3662 3233 3738 per

588 3761 663 3833 la
711 3763 1095 3853 disciplina
1145 3763 1254 3834 del
1306 3764 1516 3835 clero.
1589 3759 1675 3833 In
1728 3780 1812 3834 ea
1882 3780 2088 3854 porro
2140 3764 2405 3850 omnia,
2470 3780 2655 3852 quae
2706 3761 2797 3833 ad
2849 3760 2986 3832 hoc
3036 3776 3227 3849 argu·-

586 3880 906 3945 mentum
960 3872 1388 3962 referuntur,
1440 3874 1867 3947 enucleatim
1938 3874 2362 3947 ordinantur
2412 3891 2495 3946 ac
2563 3872 3084 3964 sapientissime
3130 3868 3224 3940 di·

589 3989 1019 4077 sponuntur.
1061 3982 1246 4067 Quin
1298 3987 1437 4057 imo
1489 3985 1670 4057 nihil
1724 3985 1988 4059 ibidem
2042 3985 2187 4059 fere
2222 3986 2681 4078 praecipitur,
2721 3983 2914 4074 quod
2968 3999 3102 4054 non
3145 3995 3225 4050 ex

591 4097 1047 4189 generalibus
1096 4096 1618 4170 ecclesiasticae
1671 4097 2094 4188 disciplinae
2148 4096 2467 4169 tontibus
2536 4097 2935 4170 derivatum
2986 4091 3216 4164 fuerit:

588 4208 758 4282 hinc
809 4216 941 4296 est,
983 4210 1174 4298 quod
1211 4209 1545 4282 omnibus
1579 4207 1921 4301 Capitulis
1976 4209 2377 4281 communia
2411 4208 2547 4280 dici
2587 4206 2928 4293 debeant,
2970 4222 3050 4276 ac
3080 4217 3222 4273 nor·

591 4338 807 4409 mam,
848 4328 926 4394 ut
977 4321 1391 4411 plurimum,
1431 4320 1798 4412 aptissime
1850 4319 2308 4411 suppeditare
2360 4319 2636 4410 possint
2688 4313 2825 4412 (1).

728 4582 810 4656 (1)
849 4586 929 4637 Dc
965 4588 1307 4653 quaestione,
1351 4602 1422 4637 an
1458 4586 1709 4639 canonici
1750 4586 1990 4638 nondum
2030 4588 2090 4638 in
2129 4588 2309 4639 sacris
2335 4587 2639 4640 constituti
2666 4603 2847 4640 vocem
2872 4588 3104 4639 activam
3126 4581 3212 4632 ln·

591 4669 761 4720 beant
799 4670 859 4718 in
894 4669 1196 4732 capitulis,
1239 4674 1296 4720 et
1333 4683 1406 4721 an
1444 4671 1648 4722 saltem
1684 4668 1997 4722 assistendi
2051 4670 2253 4723 iisdem
2290 4673 2562 4738 capitulla
2604 4674 2695 4725 ina
2732 4671 3052 4732 obtineant,
3100 4662 3215 4718 vide
