3497 5235
928 283 1089 367 χοι».
1114 287 1158 346 ι
1198 286 1272 345 n·
1312 282 1465 344 min
1501 279 1765 342 monia
1801 274 2076 339 mue-u
2118 273 2172 350 g,
2196 272 2247 331 a.
2839 277 2918 339 53

287 431 744 521 confirmavit,
800 428 881 504 in
932 448 1073 521 qua
1125 446 1295 521 prae
1346 426 1592 519 primis
1643 443 1826 498 nova
1875 423 2291 496 dioeceseon
2340 411 2920 507 Hispaniensium

288 543 628 619 ordinatio
681 561 767 616 ac
816 540 1401 632 circumscriptio,
1457 544 1739 631 praeter
1812 535 1953 607 alia
2023 532 2116 605 ad
2190 529 2457 603 honum
2531 522 2924 618 Hispaniae

288 656 737 749 pertinentia,
791 654 1111 727 sancitae
1162 657 1355 724 sunt.
1398 646 1509 749 (1)
1558 647 1807 740 Neque
1857 646 2138 720 silentio
2175 640 2543 733 praeteriri
2590 639 2726 740 hoc
2773 638 2926 710 loco

288 767 542 840 dehent
584 765 1026 857 Apostolicae
1069 761 1377 853 Literae,
1433 762 1521 837 de
1573 761 1836 853 quihus
1886 759 2030 831 iam
2079 776 2296 848 supra
2346 754 2776 826 mentionem
2828 749 2933 823 ie-

290 881 534 968 cimuS,
594 896 855 968 nempe
907 877 1172 949 alterae
1222 874 1558 966 incipien.
1623 870 2058 946 Universalis
2109 871 2230 942 29.
2289 870 2484 960 Sept.
2542 886 2663 940 an.
2711 864 2926 952 1850,

290 991 549 1063 alterae
601 990 977 1081 incipien.:
1044 990 1154 1061 Ea:
1202 1008 1341 1081 qua
1392 988 1504 1059 die
1556 986 1625 1056 4.
1681 981 1890 1057 Mart.
1949 982 2165 1056 1853.
2223 981 2486 1072 quibus
2553 981 2629 1051 in
2681 977 2934 1070 Anglia

289 1111 354 1177 et
409 1104 486 1175 in
536 1098 921 1175 Hollandia
972 1102 1211 1176 divino
1260 1100 1609 1174 beneficio
1677 1097 2220 1172 ecclesiasticam
2296 1092 2766 1169 hierarchiam
2842 1089 2937 1163 ad

290 1216 501 1287 vitam
555 1214 935 1286 revocavit.
992 1210 1312 1285 Ceterum
1366 1218 1650 1286 nostrae
1711 1211 1970 1283 mentis
2036 1228 2182 1283 non
2234 1213 2369 1297 est,
2440 1206 2556 1279 hic
2616 1203 2936 1296 singulas

291 1326 818 1399 immutationes
870 1343 1098 1418 nuper
1144 1331 1470 1417 peractas
1520 1341 1926 1413 recensere3
1974 1320 2253 1412 aliquas
2287 1319 2596 1393 notiores
2631 1313 2939 1407 exempli

296 1438 517 1530 gratia
570 1437 947 1509 dumtaxat
997 1455 1542 1510 commemorare
1577 1435 1960 1508 voluimuS.

437 1549 557 1621 10.
597 1543 684 1620 In
734 1548 870 1621 hoc
921 1548 1215 1621 articulo
1264 1546 1598 1640 Episcopi
1647 1548 1881 1622 solent
1932 1546 2220 1635 addere,
2278 1565 2372 1616 an
2423 1548 2492 1617 et
2545 1541 2657 1616 cui
2712 1541 2935 1614 eccle-

294 1663 437 1734 siae
490 1662 1076 1752 metropolitanae
1126 1660 1571 1751 subiaceant,
1628 1661 1766 1733 nisi
1819 1660 1995 1733 forte
2046 1659 2121 1731 in
2172 1655 2778 1745 subsequentibus
2831 1672 2942 1724 ar-

298 1772 525 1846 ticulis
578 1772 767 1845 hanc
816 1792 989 1861 rem,
1047 1790 1265 1863 quam
1316 1773 1726 1864 ceteroquin
1777 1771 2060 1845 silentio
2110 1767 2496 1861 praeterire
2549 1783 2939 1859 congruum

299 1903 439 1957 non
489 1890 626 1975 est,
683 1884 1095 1957 renuntiare
1140 1886 1574 1959 curaverint.

1146 2092 1245 2169 11.
1287 2093 1604 2170 confinia
1656 2095 2097 2171 dioeceseon.

426 2293 857 2362 Sunumnu.
923 2294 994 2359 11
1046 2290 1402 2360 Referenda
1450 2302 1543 2359 est
1587 2290 1934 2359 confinium
1980 2288 2354 2359 delineatio.
2387 2325 2431 2339 —
2468 2292 2569 2356 12.
2621 2289 2759 2355 Non
2805 2285 2944 2354 sine

307 2413 481 2461 causa
526 2395 908 2462 dioeceseon
952 2393 1271 2462 distinctio
1317 2404 1415 2461 est
1458 2395 1736 2463 inducta.
1775 2430 1818 2444 -
1869 2398 1971 2462 13.
2021 2399 2114 2461 Ex
2160 2395 2351 2461 relata
2398 2392 2738 2460 illiusmodi
2789 2391 2946 2458 deli-

304 2498 593 2564 neatione
626 2497 807 2564 facile
840 2496 1229 2564 dirimuntur
1257 2498 1402 2565 lites
1434 2497 1601 2564 inter
1632 2498 1980 2584 Episcopus
2019 2490 2415 2585 limitrophos
2449 2508 2733 2563 exortae.
2767 2498 2947 2561 Prae-

305 2599 685 2668 sumendum
732 2609 852 2677 est,
901 2598 1072 2687 quod
1119 2598 1436 2687 quidquid
1483 2599 1646 2668 intra
1694 2613 1836 2669 tuae
1885 2600 2248 2669 dioeceseos
2280 2600 2511 2667 limites
2559 2598 2945 2676 continetur,

309 2713 441 2769 tuae
489 2702 913 2769 iurisdictioni
958 2701 1182 2780 subsit,
1233 2721 1444 2789 eoque
1476 2705 1699 2793 magis,
1730 2704 1784 2770 si
1818 2703 2116 2771 accedant
2148 2703 2468 2769 exercitae
2501 2700 2951 2768 iurisdictionis

313 2816 495 2872 actus.
546 2805 619 2872 Id
665 2804 1075 2871 confirmatur
1119 2825 1199 2871 ex
1246 2807 1635 2877 resolutione
1692 2827 1910 2874 causae
1965 2809 2405 2892 Caputaquen.
2457 2843 2501 2855 -
2551 2808 2651 2870 14.
2708 2802 2953 2872 Confir-

311 2918 506 2974 matur
554 2909 820 2994 insuper
865 2926 946 2973 ex
993 2927 1170 2974 causa
1205 2908 1371 2975 inter
1402 2909 1746 2995 Episcopos
1780 2909 2164 2996 Squillacen.
2204 2921 2268 2976 et
2299 2913 2645 2993 Hyeracen.
2686 2906 2750 2972 in
2784 2909 2847 2974 S.
2875 2909 2945 2972 c.

315 3009 728 3077 consistoriali
781 3008 1140 3077 diiudicata.
1177 3043 1222 3059 -
1258 3014 1359 3078 15.
1400 3014 1492 3075 Ex
1538 3009 1798 3077 decreto
1846 3014 1908 3078 S.
1949 3012 2473 3098 congregationis
2518 3030 2550 3075 a
2600 3010 2799 3076 clem.
2841 3011 2945 3073 XI.

318 3111 643 3198 deputatae
690 3111 882 3180 hodie
930 3110 1266 3178 definitum
1299 3123 1417 3190 est,
1469 3131 1588 3200 pro
1619 3112 2039 3199 acquisitione
2074 3111 2376 3181 territorii
2408 3109 2675 3199 separati
2709 3107 2952 3196 requiri

319 3215 545 3282 clarum
576 3235 647 3281 ac
680 3215 1083 3282 manifestum
1117 3218 1549 3302 Apostolicum
1579 3217 2021 3303 privilegium,
2058 3217 2161 3284 vel
2198 3215 2768 3283 immemorabilem
2802 3231 2949 3277 con-

321 3317 717 3385 suetudinem
763 3317 1048 3406 legitime
1095 3316 1607 3386 demonstratam.
1641 3354 1685 3367 ·
1728 3322 1831 3387 16.
1888 3318 2169 3387 confinia
2215 3320 2617 3397 dioeceseon,
2669 3317 2955 3401 itemque

323 3423 783 3506 provinciarum
831 3434 896 3489 et
939 3422 1377 3510 parochiarum
1426 3423 1998 3510 praescriptionem
2031 3444 2160 3491 non
2193 3424 2533 3511 recipiunt.
2570 3457 2614 3474 ·-
2651 3423 2752 3490 17.
2793 3422 2956 3485 con-

324 3522 455 3590 finia
498 3525 950 3608 temporalium
998 3526 1504 3593 iurisdictionum
1551 3528 1638 3595 nil
1689 3546 2026 3594 commune
2087 3528 2320 3595 habent
2380 3547 2526 3594 cum
2574 3523 2956 3592 iurisdictio·

329 3625 496 3692 nibus
544 3627 999 3694 ecclesiasticis.
1032 3662 1075 3675 -
1109 3631 1211 3693 18.
1254 3628 1614 3695 confinium
1664 3630 2134 3698 immutationes
2168 3651 2199 3696 a
2234 3632 2383 3699 laica
2415 3640 2728 3719 potestate
2762 3627 2956 3694 iactae

330 3746 442 3793 non
482 3730 923 3797 attenduntur.
974 3766 1016 3780 -
1067 3732 1171 3796 19.
1226 3733 1708 3800 controversiae
1753 3753 1948 3821 super
1993 3734 2285 3801 confiniis
2347 3739 2416 3805 S.
2466 3729 2957 3823 congregationi

333 3826 556 3898 delatae
600 3832 679 3899 ad
726 3836 791 3901 S.
829 3835 900 3900 C.
939 3832 1445 3900 consistorialem
1492 3834 1732 3902 remitti
1780 3837 2011 3904 solent.
2042 3873 2086 3886 -
2116 3841 2221 3904 20.
2263 3841 2490 3923 Legata
2525 3855 2601 3902 ex
2630 3836 2957 3901 voluntate

337 3943 680 4003 testatorum
727 3937 1014 4024 personis
1076 3937 1335 4004 alicuius
1392 3938 1715 4006 districtus
1762 3940 1980 4006 relicta
2041 3939 2270 4007 iisdem
2314 3938 2738 4025 persolvenda
2782 3947 2954 4017 sunt,

338 4033 469 4104 licet
510 4040 829 4107 districtus
875 4037 1142 4105 confinia
1190 4051 1425 4107 mutata
1484 4040 1745 4108 fuerint.
1798 4078 1841 4093 -
1887 4045 1992 4109 21.
2048 4044 2222 4109 circa
2286 4041 2706 4109 confiniorum
2773 4059 2958 4129 argu-

341 4152 602 4208 mentum
663 4139 997 4209 adeundus
1033 4135 1153 4209 'est
1215 4147 1302 4210 De
1362 4143 1685 4231 Prosperis
1746 4165 1784 4208 (ι
1819 4146 1890 4211 de
1937 4147 2151 4212 territ.
2182 4169 2218 4211 »
2266 4155 2331 4211 et
2377 4142 2743 4231 Hieronymi
2789 4142 2961 4210 Petri

348 4258 377 4300 ‹
397 4242 528 4310 Orbe
550 4247 870 4320 cattolz’co,
904 4246 1066 4312 essia
1086 4246 1275 4312 Allan
1286 4253 1344 4310 te
1367 4246 2500 4331 Geoyrafico-Storico-Ecclesiastico,
2523 4248 2719 4314 Roma
2734 4245 2954 4323 1858,

344 4357 515 4426 presso
541 4348 602 4414 la
644 4349 996 4435 Tipoqrafia
1043 4347 1204 4415 della
1239 4348 1389 4414 Rev.
1426 4352 1604 4417 Cam.
1642 4349 2023 4435 Apostolica.

457 4620 526 4692 (1)
561 4626 775 4690 Quibus
814 4622 1038 4677 vicibus
1076 4620 1312 4676 obnoxia
1347 4618 1522 4678 iverit
1559 4621 1693 4678 haec
1730 4622 2044 4694 conventio,
2074 4626 2298 4680 constat
2322 4638 2391 4678 ex
2415 4621 2758 4679 documenti:
2783 4617 2958 4678 editis

345 4705 465 4761 eirca
497 4712 646 4766 finem
686 4713 827 4767 anni
871 4710 1032 4763 1860.
