3497 5235
637 233 758 308 ⁰⁸!-
783 235 852 293 11.
890 235 965 292 D·
1000 234 1265 310 Drinum,
1302 235 1712 311 Arebiepinoopo,
1752 235 1981 295 Prinne
2019 235 2079 295 et
2114 237 2445 297 Patrium
2487 241 2541 315 §-
2568 240 2619 297 8.
2851 236 2964 301 181

455 364 877 440 Dimissoriae
928 386 1073 441 non
1110 370 1477 460 exspirant
1514 376 1737 442 morte
1776 370 2270 459 concedentis;
2313 372 2635 462 adeoque
2669 368 2964 464 Episco-

335 497 464 570 puS,
497 479 592 551 cui
646 478 897 552 literae
949 479 1243 553 eaedem
1282 482 1539 552 missae
1575 488 1774 562 sunt,
1814 488 2051 574 potest
2086 479 2396 555 Ordines
2432 482 2749 556 conferre
2786 484 2959 557 alie-

333 608 407 661 no
445 588 738 678 subdite,
796 591 1074 663 etiamsi
1130 587 1524 683 Episcopus
1577 592 1948 664 dimittens
2001 593 2287 665 interim
2338 595 2752 669 demortuus
2804 595 2959 669 fue-

327 702 420 788 rit,
453 699 819 774 dummodo
870 702 1200 776 videlicet
1251 702 1696 777 ordinandus
1746 704 1837 777 de
1891 709 2125 777 cetero
2163 705 2634 795 qualitatibus
2682 724 2807 798 per
2840 725 2957 779 sa-

328 832 451 886 cros
491 832 799 887 canones
848 817 1306 907 praescriptis
1357 816 1723 907 praeditus
1790 817 1934 889 sit:
2011 817 2085 888 in
2154 816 2349 889 hunc
2420 818 2614 889 enirn
2663 836 2954 890 sensum

321 927 638 1017 rescripsit
692 928 765 999 S.
805 925 877 997 C.
917 925 1159 1018 Episc.
1202 934 1270 1000 et
1323 924 1582 1020 Regul.
1631 927 2177 1019 Archiepiscopo
2213 924 2601 1002 Tarentino
2652 929 2768 1003 die
2819 930 2943 1001 21.

321 1032 459 1107 Nov.
501 1038 712 1110 1600.
755 1035 894 1133 (Ex
951 1046 1207 1131 regest.
1249 1037 1320 1111 S.
1364 1036 1439 1110 C.
1484 1039 1574 1112 ad
1629 1058 1797 1112 eum
1849 1036 2191 1134 annum.)

433 1144 575 1221 Non
631 1157 862 1241 potest
912 1148 1308 1241 Episcopus
1359 1152 1512 1223 sine
1563 1150 1976 1223 rationabili
2028 1169 2246 1222 causa
2300 1155 2667 1222 tonsuram
2734 1150 2955 1224 dene-

317 1277 448 1349 gare
491 1262 600 1349 ei,
659 1263 781 1353 qui
847 1262 940 1334 ad
1002 1262 1295 1353 aliquod
1363 1261 1796 1335 beneficium
1859 1262 2271 1333 nominatus
2340 1267 2474 1332 est.
2533 1259 2709 1333 Cum
2758 1266 2950 1335 enim

311 1367 691 1444 ordinarius
741 1391 898 1445 eam
953 1373 1382 1466 denegasset
1435 1370 1813 1446 Vincentio
1863 1368 2051 1461 NN.,
2122 1374 2245 1463 qni
2302 1373 2396 1444 ad
2447 1374 2948 1447 canonicatum

306 1485 652 1572 quemdam
711 1484 944 1558 fuerat
997 1489 1434 1575 nominatuS,
1478 1493 1547 1559 et
1600 1486 1718 1557 hic
1771 1485 1865 1556 ad
1917 1485 1989 1555 S.
2029 1482 2104 1556 C.
2148 1481 2386 1576 Episc.
2429 1492 2499 1558 et
2534 1482 2794 1577 Regul.
2836 1505 2947 1558 re-

297 1593 675 1683 clamasset,
717 1615 915 1669 sacer
949 1593 1165 1685 Ordo,
1207 1598 1452 1670 audita
1506 1594 1865 1669 Ordinarii
1918 1597 2292 1685 relatione,
2333 1595 2502 1668 huic
2550 1597 2940 1688 rescripsit,

304 1706 581 1779 rationes
636 1708 1132 1800 denegationis
1184 1710 1410 1781 iustas
1461 1715 1532 1781 et
1585 1707 2052 1780 rationabiles
2106 1706 2326 1780 fuisse
2381 1708 2617 1796 visas,
2684 1714 2764 1779 ut
2818 1725 2945 1797 pro

300 1835 465 1890 nunc
510 1826 813 1891 tonsura
866 1821 1098 1893 eidem
1156 1818 1521 1893 Vincentio
1575 1821 1924 1892 retardari
1977 1825 2245 1909 posset,
2288 1819 2580 1891 minime
2630 1837 2823 1907 vero,
2866 1827 2946 1893 ut

302 1925 596 2003 absolute
649 1937 721 2003 et
772 1932 845 2002 in
900 1937 1323 2021 perpetuum
1376 1933 1879 2024 denegaretur3
1922 1930 2242 2021 adeoque
2280 1930 2598 2002 dandum
2653 1948 2809 2002 esse
2844 1931 2948 2003 ei-

298 2039 434 2113 dem
483 2060 877 2135 congruum
915 2043 1254 2133 temporis
1288 2045 1628 2137 spatium,
1672 2061 1815 2133 quo
1849 2044 1960 2115 sui
1996 2042 2356 2133 specimen
2408 2041 2746 2113 exhibere
2786 2059 2946 2133 pos-

294 2158 407 2239 set,
443 2160 510 2225 et
567 2156 853 2226 interim
909 2161 1154 2227 contra
1208 2173 1373 2226 eum
1424 2157 1606 2226 circa
1662 2154 2164 2226 canonicatum
2216 2158 2535 2243 tempora
2590 2171 2734 2224 non
2785 2172 2948 2227 cur-

291 2279 445 2336 rere.
486 2261 900 2361 (Euqubina
958 2268 1071 2337 18.
1117 2262 1279 2338 Iulii
1339 2266 1552 2339 1803.
1595 2263 1774 2358 Reg.
1821 2262 1894 2336 S.
1936 2262 2011 2336 C.
2056 2265 2150 2336 ad
2200 2264 2395 2336 hunc
2449 2262 2786 2360 annum.)

1380 2515 1813 2571 APPENDIX.

473 2654 570 2709 Pii
607 2654 720 2709 lx,
749 2653 1132 2712 constitutio
1171 2671 1362 2724 super
1396 2653 1670 2711 vicariis
1709 2656 2177 2724 capitularibus
2225 2669 2471 2711 necnon
2510 2658 2730 2712 electis

795 2744 860 2795 et
894 2743 1238 2797 nominatis
1277 2741 1357 2796 ad
1396 2741 1596 2796 Sedes
1634 2741 2035 2809 episcopales
2071 2743 2409 2796 vacantes.

415 2961 451 3004 ι
488 2935 865 3011 Romanus
907 2936 1260 3026 Pontifex,
1303 2957 1428 3031 pro
1465 2957 1758 3011 munere
1794 2937 1930 3011 sibi
1970 2938 2313 3011 divinitus
2350 2937 2605 3010 collato
2641 2936 2940 3029 regendi

280 3065 356 3119 ac
402 3051 856 3142 gubernandi
912 3052 1316 3123 universam
1369 3048 1625 3122 Christi
1661 3047 2082 3136 Ecclesiam,
2126 3069 2269 3121 non
2306 3049 2532 3120 solum
2571 3067 2934 3121 sacrorum

271 3178 622 3234 canonum
659 3162 1189 3236 observantiam
1244 3181 1521 3255 urgere,
1578 3164 1704 3235 sed
1757 3164 1972 3235 etiam
2026 3162 2311 3232 illorum
2364 3165 2633 3231 certum
2688 3165 2760 3231 et
2811 3180 2941 3243 au-

280 3270 663 3349 thenticum
717 3293 1004 3347 sensum
1051 3275 1410 3348 declarare
1463 3277 1753 3367 satagit,
1794 3275 1855 3346 si
1893 3272 2185 3364 quando
2224 3271 2595 3363 quidpiam
2649 3269 2940 3343 dubita-

276 3384 475 3457 tionis
527 3388 604 3458 in
659 3387 903 3477 aliquo
955 3394 1317 3476 occurrat,
1376 3407 1465 3460 ne
1519 3387 1817 3459 diversis
1871 3383 2587 3475 interpretationibus
2640 3384 2936 3456 materia

273 3497 727 3586 praebeatur,
767 3505 984 3589 atque
1022 3499 1189 3572 inde
1226 3500 1747 3572 ecclesiasticae
1782 3497 2204 3590 disciplinae
2241 3496 2483 3567 unitas
2530 3502 2929 3586 rumpatur,

269 3624 420 3681 cum
476 3630 739 3702 magno
792 3612 1250 3685 ecclesiastici
1305 3612 1667 3703 regiminis
1721 3611 2177 3684 detrimento.

411 3748 449 3789 ›
492 3721 684 3796 Sane
737 3725 935 3795 iuxta
988 3726 1360 3814 antiquam
1407 3725 1748 3797 ecclesiae
1803 3723 2285 3814 disciplinam,
2325 3721 2496 3795 sede
2549 3719 2937 3812 episcopali

270 3841 594 3922 vacante,
634 3834 976 3908 dioecesis
1040 3837 1561 3909 administratio
1616 3835 1706 3907 ad
1767 3833 2171 3925 Capitulum
2225 3833 2658 3907 cathedralis
2714 3833 2939 3905 eccle-

263 3945 408 4016 siae
445 3947 896 4035 devolvitur3
937 3947 1126 4038 quod
1179 3948 1341 4020 olim
1381 3967 1509 4040 per
1543 3965 1619 4019 se
1672 3949 1906 4039 ipsum
1954 3945 2363 4034 dioecesim,
2404 3951 2551 4017 toto
2590 3951 2932 4035 tempore,

261 4071 401 4144 quo
455 4057 669 4130 sedes
722 4058 1059 4145 vacabat,
1126 4060 1622 4132 admssnistrare
1681 4064 1997 4153 poterat,
2062 4058 2174 4130 vel
2228 4058 2355 4130 uni
2419 4061 2542 4128 aut
2606 4055 2937 4146 pluribus

263 4165 640 4240 dioecesim
698 4170 1343 4243 administrandam
1380 4172 1846 4257 committere,
1890 4170 2111 4242 libera
2165 4169 2399 4241 eidem
2437 4168 2685 4242 relicta
2735 4174 2941 4260 pote-

259 4284 443 4351 state
499 4279 883 4372 deputatos
934 4282 1297 4372 eligendi,
1341 4284 1601 4373 ,eisque
1653 4282 2061 4373 delegatam
2112 4281 2679 4353 iurisdictionem
2710 4331 2731 4368 ,
2788 4280 2937 4353 sive

261 4390 503 4477 quoad
556 4411 791 4480 usum,
849 4393 996 4465 sive
1050 4393 1288 4482 quoad
1341 4396 1624 4484 tempus
1676 4392 2004 4465 arctandi
2057 4399 2128 4464 et
2182 4392 2745 4484 constringendi.

407 4527 450 4570 »
495 4501 582 4576 At
632 4522 796 4576 vero
847 4501 1138 4576 Concilii
1189 4501 1582 4577 Tridentini
1647 4501 1893 4576 Patres
1954 4503 2615 4577 animadvertentes
2668 4504 2939 4596 gravis-

258 4613 471 4704 sima,
516 4633 698 4706 quae
748 4619 1016 4709 passim
1067 4617 1483 4690 oriebantur
1534 4617 1982 4689 incommoda
2034 4634 2121 4688 ex
2159 4616 2779 4691 administratione
2834 4616 2949 4687 vi-
