3497 5235
545 308 675 374 154
1311 307 1681 368 latrantium
1720 308 1774 366 8.
1802 308 1986 385 Gongr.
2013 308 2162 367 Ocno.
2200 308 2475 384 expo-itio.

691 444 813 517 20.
873 439 1198 515 vicarius
1247 439 1676 537 Capitularis
1724 449 1885 533 post
1920 444 2246 534 elapsum
2283 461 2583 531 annum,
2625 462 2712 516 ex
2749 462 2893 534 quo
2927 443 3222 537 Episco-

543 572 681 647 pus
722 561 1222 650 praemortuus
1255 555 1735 628 visitationem
1771 552 2114 645 explevit,
2157 560 2583 645 potestatem
2618 554 2842 628 habet
2875 557 3222 631 visitandi

542 668 903 740 civitatem
959 673 1028 739 et
1081 666 1490 755 dioecesim,
1530 668 1848 757 itemque
1896 665 2285 758 peragendi
2338 667 2821 740 visitationem
2877 688 3224 761 persona·

541 778 682 850 lem
736 777 1290 868 capitularium3
1347 776 1419 849 id
1471 779 1665 849 enim
1698 778 1968 868 pluries
2003 778 2330 850 definivit
2381 776 2456 849 S.
2498 776 2575 850 C.
2616 776 2865 868 Conc.,
2908 786 2980 853 et
3014 800 3226 872 prae-

543 890 786 962 sertim
838 890 954 962 die
1013 890 1129 960 13.
1170 887 1533 980 Septemb.
1593 890 1766 960 anni
1825 889 2038 960 1721.
2083 889 2389 962 Dubiam
2435 890 2911 974 VisitationiS,
2963 892 3039 963 in
3075 910 3222 982 quo

544 1003 730 1074 aliae
780 1001 1047 1074 similes
1095 1000 1618 1075 declarationes
1651 1000 2085 1074 referuntur.
2128 999 2440 1073 Dubium
2490 1020 2657 1075 vero
2709 1003 2783 1073 in
2837 999 2911 1074 S.
2952 1001 3215 1094 Congr.

544 1117 987 1208 propositum
1040 1114 1280 1188 verbis
1327 1115 1524 1188 hisce
1574 1123 1997 1206 conceptum
2049 1122 2255 1188 erat:
2316 1138 2353 1183 α
2390 1117 2458 1186 1.
2496 1115 2604 1188 An
2658 1113 2981 1189 vicarius
3015 1115 3225 1208 Capi-

546 1251 585 1296 »
624 1227 874 1301 tularis
926 1226 1365 1299 Scardonen.
1424 1226 1659 1299 facere
1720 1227 1947 1317 possit
1994 1226 2474 1299 visitationem
2528 1229 2837 1300 civitatis
2888 1248 2972 1301 ac
3024 1229 3227 1301 dioe-

546 1364 586 1410 ›
625 1334 860 1412 cesis?
920 1339 1022 1410 An
1059 1338 1294 1412 facere
1331 1338 1554 1430 possit
1589 1339 2069 1410 visitationem
2107 1339 2555 1429 personalem
2595 1334 3153 1433 capitularium?
3178 1364 3217 1409 »

541 1448 702 1523 Emi
754 1449 1003 1523 Patres
1054 1451 1244 1522 dicta
1299 1449 1416 1522 die
1468 1449 2045 1541 responderunt:
2107 1471 2144 1516 ‹
2180 1448 2283 1521 Ad
2337 1452 2644 1542 primum
2681 1458 2755 1524 et
2789 1452 3219 1540 secundum,

547 1587 586 1632 »
626 1561 1092 1650 affirmative,
1150 1561 1536 1633 dummodo
1588 1562 1877 1652 elapsus
1928 1563 2019 1633 sit
2070 1580 2308 1635 annus
2358 1583 2398 1633 a
2452 1562 2568 1635 die
2619 1565 2915 1637 ultimae
2974 1565 3228 1637 visitu-

546 1674 841 1748 »tionis
892 1673 1125 1746 factae
1178 1671 1270 1744 ah
1323 1669 1725 1746 Ordinatio.
1763 1698 1800 1740 ιι
1856 1669 2034 1745 Vide
2084 1670 2357 1745 Beued.
2397 1670 2588 1746 XIV.
2646 1676 2730 1748 de
2779 1679 2951 1768 Syn.
2994 1675 3220 1746 dioec.

544 1784 674 1857 lib.
716 1780 816 1854 ΙΙ.
876 1803 1036 1876 cap.
1077 1785 1151 1856 9.
1210 1801 1285 1855 n.
1329 1785 1399 1856 6.

691 1897 815 1967 21.
873 1893 1171 1979 Quando
1224 1914 1390 1968 vero
1441 1893 1768 1969 vicarius
1815 1893 2244 1988 Capitularis
2292 1897 2774 1970 visitationem
2818 1898 3229 1970 dioeceseos

546 2007 1031 2100 aggrediatur,
1087 2007 1280 2078 hanc
1330 2007 1744 2080 methodum
1797 2027 1883 2079 ex
1937 2008 2421 2081 declaratione
2475 2007 2547 2081 S.
2590 2008 2665 2082 C.
2706 2007 2858 2083 Rit.
2901 2028 3230 2082 reserva-

543 2118 681 2208 bit,
737 2119 1113 2193 videlicet:
1175 2140 1212 2185 ‹
1243 2115 2030 2212 vicarius-Capitularis
2065 2119 2406 2212 procedat
2442 2121 2533 2193 ad
2570 2121 2941 2194 ecclesiam
2978 2120 3229 2193 cathe-

549 2255 588 2300 »
627 2232 903 2305 dralem
954 2237 1153 2303 veste
1191 2231 1399 2303 talari
1448 2231 1769 2319 indutus,
1809 2230 1933 2302 ubi
1970 2232 2157 2303 intra
2195 2238 2477 2322 portam
2511 2234 2891 2323 recipietur
2928 2232 3020 2303 ab
3060 2232 3229 2304 uni-

550 2365 590 2411 »
634 2361 835 2415 verso
886 2339 1238 2434 Capitulo.
1295 2339 1527 2425 Quum
1580 2360 1662 2414 eo
1711 2344 2154 2434 pervenerit,
2212 2348 2530 2416 assumet
2578 2343 3223 2434 superpelliceum,

549 2479 586 2521 ι»
629 2455 743 2527 vel
795 2454 937 2525 alia
990 2454 1298 2545 insignia
1352 2454 1826 2542 canonicalia,
1883 2455 1943 2526 si
1996 2455 2090 2526 sit
2139 2456 2554 2543 canonicus,
2612 2456 2992 2545 eidemque
3029 2455 3231 2528 bire-

550 2591 590 2638 ν
629 2571 784 2638 tum
838 2564 1326 2658 presbyterale
1365 2585 1583 2640 manu
1630 2567 1909 2640 tenenti
1944 2565 2224 2658 dignior
2258 2585 2345 2639 ex
2382 2564 2706 2658 Capitulo
2742 2573 2944 2640 stans
2979 2585 3230 2661 asper-

551 2703 590 2748 »
630 2677 893 2749 sorium
947 2694 1075 2767 per
1126 2684 1536 2751 contactum
1587 2678 1982 2750 exhibebit.
2040 2676 2521 2752 Praecedente
2565 2697 2771 2751 cruce
2808 2680 3219 2770 capitulari,

551 2815 591 2861 ι
631 2789 1036 2878 ceterisque
1074 2789 1163 2861 de
1196 2789 1410 2878 clero,
1445 2795 1635 2861 recta
1670 2790 1917 2861 statim
1952 2791 2139 2862 iuter
2173 2791 2354 2863 duos
2387 2791 2744 2881 digniores
2778 2809 2867 2862 ex
2903 2791 3227 2880 capitulo

551 2927 591 2973 ι
631 2898 993 2998 pergit-{ad
1029 2902 1399 2989 sacellum,
1441 2901 1564 2975 ubi
1618 2900 1913 2974 SSmum
1947 2900 2486 2975 Sacramentum
2522 2910 2955 2992 asservatur,
2999 2909 3225 2992 atque

550 3037 590 3083 ν
628 3013 903 3105 paratis
953 3029 1169 3106 super
1223 3014 1702 3105 genuflexorio
1756 3013 2256 3106 pulvinaribus
2308 3034 2452 3087 una
2496 3033 2658 3086 cum
2692 3014 3078 3104 praedictis
3114 3014 3229 3085 di-

552 3150 591 3195 »
634 3124 1005 3217 gnioribus
1040 3126 1114 3197 in
1154 3143 1385 3216 genua
1421 3125 1842 3215 provolutus
1874 3125 2131 3197 orabit.
2180 3123 2572 3217 Assurgeus
2616 3125 2787 3196 iude
2824 3125 3228 3215 principem

549 3262 589 3308 ι
626 3232 1104 3331 ρθῐθῑῖἃτειω,
1162 3243 1261 3324 et,
1316 3230 1518 3309 brevi
1572 3238 1894 3309 oratione
1946 3255 2161 3328 super
2206 3238 2449 3310 infimo
2487 3237 2709 3328 gradu
2747 3243 3069 3327 peracta,
3110 3254 3229 3308 se-

549 3373 589 3419 »
628 3348 834 3421 debit
885 3349 958 3420 in
1012 3348 1343 3420 camerali
1397 3346 1568 3420 sede
1621 3353 1790 3420 ante
1845 3349 2034 3420 latus
2083 3345 2447 3439 Epistulae
2500 3366 2715 3438 super
2751 3348 2998 3420 altaris
3049 3363 3230 3436 sup-

548 3484 588 3530 »
631 3459 1040 3551 pedaneum
1093 3466 1561 3551 praeparata,
1620 3460 2018 3549 ceterisque
2082 3460 2152 3531 in
2206 3460 2511 3549 propriis
2580 3458 2941 3530 subselliis
2991 3458 3231 3529 consi-

552 3594 592 3640 »
632 3570 1002 3659 dentibuS,
1058 3577 1130 3644 et
1183 3578 1399 3665 caput
1448 3572 1678 3645 bireto
1729 3571 2170 3663 cooperiens,
2218 3571 2479 3651 tradet,
2520 3571 2580 3641 si
2617 3572 2832 3640 moris
2868 3575 3000 3655 est,
3041 3566 3232 3640 Can-

553 3705 593 3751 »
632 3682 920 3753 cellario
973 3682 1400 3755 visitationis
1449 3683 1763 3758 edictum
1809 3682 2218 3774 legendum,
2260 3690 2331 3757 et
2368 3683 2630 3755 deinde
2668 3687 3017 3773 proponet
3055 3700 3232 3752 cau-

551 3818 591 3864 »
632 3812 749 3865 sas
802 3793 1158 3866 adventus
1207 3796 1344 3882 sui,
1401 3795 1506 3866 uti
1556 3793 1870 3866 babetur
1922 3796 1993 3866 in
2045 3791 2442 3866 Pontificali
2482 3791 2805 3866 Romano
2856 3792 3093 3887 (Ordo
3127 3793 3229 3865 ad

552 3927 593 3975 ι
630 3904 1030 3977 visitandas
1075 3903 1521 4001 parochias).
1577 3903 1707 3977 His
1758 3905 2133 3995 absolutis,
2191 3906 2285 3978 ab
2337 3907 2543 3977 altari
2581 3904 2994 3993 descendet,
3037 3911 3110 3977 et
3148 3905 3227 3975 in

553 4039 593 4085 ι
632 4017 850 4106 plano
916 4024 1116 4091 extra
1179 4018 1372 4089 latus
1432 4015 1795 4111 Epistolae
1855 4024 2084 4106 stans,
2141 4036 2356 4109 supra
2410 4017 3049 4108 superpelliceum,
3108 4015 3228 4086 vel

554 4151 593 4196 »
632 4128 1045 4216 rochetum,
1102 4130 1161 4201 si
1217 4147 1299 4201 eo
1353 4136 1635 4217 utatur,
1693 4131 2076 4217 amictum,
2134 4131 2391 4201 stolam
2441 4136 2513 4201 et
2564 4127 2875 4219 pluviale
2937 4128 3230 4217 nigrum

555 4261 594 4306 »
633 4238 913 4328 induat,
970 4241 1180 4330 eique
1232 4240 1376 4313 duo
1426 4239 1833 4314 sacerdotes
1886 4242 2248 4314 assistent.
2309 4237 2602 4313 Interim
2642 4241 2847 4312 sedes
2882 4238 2972 4309 ah
3013 4238 3229 4309 altari

556 4370 595 4415 »
635 4350 1102 4439 amovebitur,
1161 4353 1363 4424 cuius
1412 4351 1607 4425 frons
1657 4352 1878 4444 pallio
1917 4352 2158 4424 itidem
2197 4353 2400 4444 nigro
2436 4352 2838 4442 obtegetur.
2882 4346 3232 4421 Visitator

554 4482 594 4528 ι
634 4466 876 4531 autem
926 4460 1163 4534 adhuc
1213 4469 1413 4535 stans
1466 4464 1660 4537 iuxta
1713 4465 1942 4537 altare
2003 4464 2078 4536 in
2131 4482 2349 4537 cornu
2402 4463 2767 4555 Epistolae
2830 4480 3078 4533 versus
3129 4459 3231 4532 ad

554 4594 594 4640 ν
631 4572 977 4663 populum
1030 4575 1321 4665 incipiet
1357 4573 1842 4666 Antiphonam
1883 4575 1959 4648 Si
1993 4576 2431 4668 iniquitates.
2474 4574 2720 4646 Cetera
2758 4577 3226 4665 peragentur,

560 4708 599 4753 »
639 4691 721 4757 ut
756 4685 830 4757 in
868 4682 1267 4759 Pontificali
1301 4682 1626 4760 Romano
1677 4688 1831 4761 loco
1867 4688 2112 4760 citato.
2151 4685 2380 4771 Quam
2416 4686 2826 4760 methodum
2865 4684 3235 4757 Sanctitas
