3497 5235
631 295 748 359 164
1381 296 1754 357 hstruottoni·
1794 298 1848 356 8.
1877 298 2062 374 congr.
2090 299 2237 359 Ocno.
2278 300 2551 376 expo-itio.

619 430 1146 523 procurationis
1196 431 1574 522 pecuniam
1646 437 1718 504 et
1785 433 2123 505 victualia
2176 435 2534 527 recipere,
2589 451 2684 506 ne
2748 439 2900 504 tum
2955 431 3292 523 quidem,

624 560 785 615 cum
841 561 1086 615 mensa
1142 543 1567 634 episcopalis
1619 546 2026 637 pauperiori
2080 564 2298 618 censu
2339 547 2641 619 laborat.
2683 542 2862 618 Nam
2901 544 3297 638 Episcopus

622 652 1163 744 Aquinatensis,
1221 672 1381 726 cum
1436 673 1524 726 ex
1575 654 1983 729 dioeceseos
2036 676 2226 730 more
2279 658 2604 748 quolibet
2643 676 2881 731 mense
2919 654 3298 730 Novembri

623 788 667 841 a
720 769 908 841 clero
957 775 1239 841 scutata
1292 771 1751 861 septuaginta
1803 772 2152 864 reciperet
2203 774 2728 866 procurationis
2762 773 3059 860 iutuitu,
3101 776 3174 844 et
3206 769 3297 843 ob

623 898 918 952 mensae
968 881 1395 952 tenuitatem
1450 888 1818 973 praeterea
1871 884 2301 957 visitationis
2336 903 2693 977 expensas
2727 886 3011 977 exigere
3049 883 3294 970 vellet,

622 994 992 1067 oraculum
1043 1014 1103 1065 5.
1150 1014 1243 1065 m.
1285 989 1600 1086 Gregorii
1641 992 1844 1067 XIII.
1886 1005 2376 1088 percontatus,
2435 1016 2857 1091 responsum
2912 995 3170 1069 Literis
3222 996 3296 1066 in

619 1102 850 1175 forma
901 1101 1142 1175 Brevis
1193 1104 1496 1198 accepit,
1553 1106 1746 1195 quod
1798 1109 1951 1179 suis
2000 1107 2237 1181 verbis
2285 1109 2640 1183 referebat
2693 1107 3090 1200 Episcopus
3141 1107 3297 1198 ipse

623 1217 820 1307 apud
870 1213 1091 1306 Crisp.
1147 1214 1347 1289 Visit.
1392 1217 1598 1292 Past.
1659 1216 1733 1290 P.
1777 1215 1838 1290 Ι.
1893 1217 1969 1312 ξ.
2018 1222 2132 1294 16.
2196 1243 2268 1294 n.
2311 1223 2384 1293 6.
2442 1220 2582 1317 (uti
2635 1223 2875 1295 videre
2910 1221 3131 1294 estin
3165 1238 3298 1290 an-

620 1327 825 1416 tiquo
874 1333 1068 1399 tomo
1118 1327 1436 1418 signato:
1479 1330 1566 1402 A.
1609 1330 1840 1403 Relat.
1888 1332 2071 1405 Stat.
2116 1333 2310 1405 Eccl.
2352 1335 2537 1406 circa
2576 1352 2849 1406 annum
2890 1332 3105 1404 1592.
3146 1332 3297 1403 exi-

615 1444 855 1512 stente
912 1439 989 1509 in
1045 1436 1324 1511 Archiv.
1383 1435 1642 1535 Cong.)
1715 1465 1753 1507 ι
1797 1460 2056 1535 nempe
2111 1444 2330 1532 mth,
2388 1446 2711 1535 meisque
2762 1440 3295 1516 successoribus

617 1573 657 1619 ν
699 1550 936 1638 licere,
994 1550 1053 1622 si
1106 1550 1480 1638 vellemuS,
1536 1553 1821 1624 solitam
1875 1572 2228 1626 summam
2282 1557 2629 1647 accipere,
2671 1561 2744 1628 et
2791 1556 3050 1628 nostris
3100 1573 3296 1625 sum-

615 1687 655 1733 »
696 1662 942 1754 ptibus
977 1662 1357 1734 dioecesim
1413 1663 1731 1755 visitare,
1774 1671 1900 1738 aut
1938 1668 2261 1759 accipere
2313 1669 2717 1741 necessaria
2755 1667 2849 1740 ad
2885 1666 3177 1753 victum,
3218 1673 3291 1739 et

618 1797 658 1843 ν
695 1776 1077 1868 pecuniam
1133 1792 1275 1844 non
1333 1775 1680 1867 accipere.
1719 1802 1758 1844 »

766 1887 887 1958 45.
944 1883 1242 1959 Etiamsi
1298 1887 1373 1958 in
1425 1889 1667 1977 aliqua
1721 1890 2029 1963 dioecesi
2079 1892 2354 1965 taxatio
2407 1892 2758 1983 pecuniae
2809 1888 3289 1962 determinata

615 1996 899 2085 suisset,
957 1997 1342 2069 accedente
1396 1998 1566 2070 cleri
1617 2018 2000 2090 consensu,
2057 2009 2275 2093 atque
2327 2005 2542 2076 etiam
2581 2022 2716 2075 usu
2754 2008 3064 2093 recepta,
3107 2000 3294 2071 nihi-

619 2109 932 2182 lominus
981 2107 1055 2180 S.
1096 2107 1172 2180 C.
1214 2106 1288 2181 C.
1332 2110 1404 2181 in
1445 2111 1831 2201 Hyeracen.
1874 2110 2041 2185 Dec.
2082 2114 2296 2186 1835.
2338 2110 2500 2206 (lib.
2535 2115 2605 2186 4.
2649 2113 2918 2186 decret.
2960 2130 3131 2203 pag.
3166 2112 3281 2182 19.

617 2221 843 2314 Crisp.
903 2222 1036 2294 loc.
1070 2222 1190 2293 cit.
1233 2239 1309 2291 n.
1343 2220 1454 2318 8.)
1507 2222 1914 2296 huiusmodi
1950 2227 2391 2298 taxationem
2428 2232 2657 2297 ratam
2697 2243 2839 2297 non
2876 2223 3163 2311 babuit,
3202 2240 3287 2293 ac

619 2335 898 2408 censuit
949 2352 1258 2424 semper,
1319 2357 1356 2399 ι
1396 2353 1550 2407 θ55θ
1587 2337 1661 2406 in
1698 2337 1987 2428 optione
2022 2355 2296 2425 eornm,
2337 2338 2461 2428 qui
2502 2338 2908 2424 visitantur,
2951 2334 3289 2408 victualia

622 2469 662 2513 «ι
702 2445 1249 2517 subministrare
1303 2444 1454 2518 loco
1508 2450 1860 2537 pecuniae
1914 2455 2230 2520 taxatae.
2268 2474 2306 2516 »

764 2558 883 2630 46.
933 2557 1030 2630 Ad
1068 2558 1499 2632 visitationis
1524 2577 1880 2651 expensas
1915 2569 2254 2635 tenentur
2290 2561 2582 2655 parochi
2620 2568 2693 2636 et
2726 2562 2983 2649 clerus,
3019 2562 3291 2654 quippe

613 2668 690 2742 S.
732 2667 807 2742 C.
858 2670 929 2742 in
968 2672 1235 2761 Aquen.
1279 2671 1400 2743 26.
1443 2667 1621 2744 Νον.
1668 2673 1883 2745 1638.
1926 2676 2257 2747 censuit:
2318 2698 2355 2740 ι
2400 2675 2731 2747 victualia
2768 2676 2839 2746 in
2880 2675 3290 2747 visitatione

613 2808 655 2851 ι»
695 2782 936 2856 deberi
990 2781 1343 2876 Episcopo
1395 2804 1436 2854 a
1489 2784 1821 2874 parochis
1872 2791 1942 2857 et
1997 2805 2040 2856 a
2093 2786 2302 2858 clero.
2349 2811 2385 2854 ›
2460 2785 2666 2867 Quod
2723 2786 3015 2875 quidem
3088 2785 3287 2857 iuxta

609 2896 1137 2988 proportionem
1191 2896 1736 2986 intelligendum
1792 2903 1950 2985 est3
2018 2916 2332 2987 namque
2385 2898 2461 2968 in
2513 2898 2889 2989 Euqubina
2928 2896 3061 2968 15.
3107 2894 3290 2969 Mar-

608 3009 693 3080 tii
728 3009 941 3080 1656.
983 3005 1145 3095 (lib.
1185 3009 1299 3079 19.
1337 3007 1607 3080 decret.
1642 3011 1814 3080 333.
1848 3028 1931 3083 ac
1967 3010 2179 3105 334.)
2216 3010 2538 3082 censuit:
2599 3033 2638 3074 ‹
2669 3007 3020 3080 Parochos
3055 3009 3287 3081 teneri

615 3144 658 3189 ν
698 3121 788 3193 ad
823 3120 1422 3194 contributionem
1461 3121 1875 3193 victualium
1914 3118 2264 3213 Episcopo
2301 3121 2619 3193 visitanti
2657 3138 2785 3210 pro
2820 3126 2974 3191 rata
3011 3126 3291 3212 tempo·

617 3254 657 3300 ν
696 3232 818 3320 τί5,
878 3249 1020 3321 quo
1072 3232 1386 3322 ipsorum
1433 3231 1812 3321 parochiae
1864 3233 2272 3321 visitantur,
2315 3251 2457 3304 non
2495 3240 2735 3304 autem
2772 3251 2897 3323 pro
2937 3239 3287 3326 tempore,

616 3368 655 3412 »
696 3362 838 3433 quo
880 3340 1278 3436 Episcopus
1329 3349 1653 3415 versatur
1705 3345 1891 3415 circa
1944 3345 2419 3416 visitationem
2460 3343 2772 3415 locorum
2809 3363 3178 3417 sacrorum
3217 3346 3293 3418 in

611 3478 653 3521 ι»
692 3455 940 3527 eodem
995 3455 1145 3527 loco
1198 3455 1687 3527 existentium.
1724 3478 1763 3523 »
1822 3452 2160 3549 (Crispin.
2221 3456 2355 3528 loc.
2398 3456 2519 3528 cit.
2580 3473 2657 3526 n.
2698 3450 2838 3551 9.).

760 3565 877 3637 47.
939 3561 1094 3637 Una
1145 3583 1304 3637 cum
1354 3566 1662 3658 parocho
1700 3566 1793 3638 ad
1830 3567 2432 3641 contributionem
2470 3572 2807 3639 tenentur
2846 3585 3296 3658 possessores

604 3679 1118 3753 beneficiorum
1171 3678 1602 3771 simplicium
1639 3686 1710 3751 ct
1746 3681 2336 3771 capellaniarum,
2379 3700 2566 3770 quae
2605 3680 2678 3752 in
2716 3681 3005 3752 titulum
3042 3683 3297 3755 confe-

601 3798 889 3865 runtur.
930 3787 1113 3861 Nam
1149 3790 1221 3860 in
1259 3791 1613 3861 Narnien.
1663 3791 1779 3861 12.
1815 3791 2013 3881 Sept.
2045 3791 2258 3862 1554.
2291 3788 2452 3885 (lib.
2492 3792 2607 3863 19.
2651 3791 2919 3865 decret.
2962 3809 3035 3883 p.
3069 3791 3290 3891 399.)

604 3903 700 3976 ad
736 3902 1080 3974 dubium:
1134 3925 1171 3967 ι
1210 3902 1311 3972 An
1346 3900 1695 3973 beneficia
1734 3903 2087 3995 simplicia
2126 3909 2509 3976 teneantur
2544 3922 2702 3975 cum
2742 3904 3073 3993 parochis
3113 3923 3293 3977 con-

607 4037 648 4085 »
684 4013 1002 4087 tribuere
1059 4013 1539 4105 procurationi
1595 4010 1947 4106 Episcopo
1999 4015 2319 4087 visitanti
2372 4011 2876 4087 dioecesim't'»
2938 4013 3012 4087 S.
3052 4013 3129 4087 C.
3171 4035 3294 4090 re-

603 4126 943 4217 spondit:
1006 4147 1043 4192 «
1083 4122 1363 4197 Teneri.
1397 4151 1435 4193 »
1492 4123 1582 4198 Et
1637 4126 1710 4196 in
1746 4127 2093 4199 Boianen.
2136 4127 2256 4197 24.
2301 4122 2644 4199 Novemb.
2684 4127 2897 4200 1654.
2941 4123 3106 4221 (lib.
3154 4129 3284 4201 19.

604 4235 875 4311 decret.
909 4255 1072 4329 pag.
1096 4234 1305 4331 427.)
1340 4237 1589 4309 eadem
1638 4234 1712 4308 S.
1745 4234 1819 4311 C.
1861 4238 2181 4310 censuit:
2226 4259 2263 4304 α
2289 4237 2699 4311 obtinentes
2734 4238 3117 4326 beneficia,
3148 4258 3293 4311 seu

605 4371 646 4419 ι
688 4350 1125 4439 capellanias
1178 4350 1250 4421 in
1303 4348 1593 4421 titulum
1651 4350 1875 4421 teneri
1928 4368 2056 4439 pro
2109 4356 2265 4422 rata
2319 4349 2772 4422 contribuere
2826 4368 2953 4441 pro
3006 4349 3300 4421 victua·

605 4482 646 4530 ι
689 4460 903 4533 libus.
951 4459 1146 4543 Quae
1183 4460 1475 4552 quidem
1513 4461 1799 4535 tametsi
1836 4461 1928 4533 ab
1968 4458 2163 4533 Emis
2197 4459 2703 4535 cardinalibus
2741 4461 3291 4551 possideantur,

602 4597 645 4642 »
684 4571 776 4643 ab
828 4572 966 4646 hac
1015 4575 1542 4646 contributione
1599 4594 1740 4646 non
1794 4574 2228 4645 eximuntur.
2266 4597 2304 4639 »
2354 4573 2641 4646 Nullius
2691 4589 2816 4644 seu
2855 4573 3291 4644 Neritonen.

604 4685 727 4758 13.
759 4686 1126 4777 Septemb.
1171 4686 1387 4759 1631.
1427 4683 1591 4780 (lib.
1630 4684 1750 4756 14.
1790 4684 2061 4760 decret.
2101 4703 2270 4777 pag.
2304 4681 2543 4781 498.).
2582 4680 2815 4787 Crisp.⁴
2848 4684 2901 4755 l.
2931 4702 2997 4757 c.
3041 4700 3120 4754 n.
3154 4682 3290 4754 11.
