3497 5235
611 244 726 316 {26
1359 244 1726 315 latrantium
1767 254 1820 313 Β.
1849 238 2029 331 Gongr.
2057 255 2204 314 Ocno.
2243 246 2514 330 expositio.

604 391 994 485 reperitur;
1051 392 1228 483 quin
1273 394 1486 466 etiam
1524 396 1824 469 ecclesia
1860 397 2108 469 eodem
2147 414 2424 484 carenS,
2480 394 2718 485 siquid
2767 391 2987 468 habet
3035 385 3259 466 bono-

603 527 761 580 rum
813 525 897 578 ac
946 513 1444 598 proventuum,
1502 509 1798 580 alterius
1848 509 2189 580 ecclesiae
2240 508 2619 579 seminario
2655 506 2997 594 conferat,
3041 513 3120 577 ut
3151 512 3257 578 tot

604 621 703 693 ibi
757 622 868 692 sui
920 621 1152 693 clerici
1206 621 1517 709 alantur,
1574 628 1751 710 quot
1819 622 2002 692 vires
2063 619 2523 693 emolumenti
2590 619 2968 691 seminario
3020 617 3257 691 collati

604 732 860 806 ferent.
930 729 1040 804 Ita
1108 732 1373 805 factum
1428 740 1536 805 est
1586 751 1700 804 ex.
1746 752 1850 823 gr.
1910 733 1983 804 in
2036 732 2416 828 seminario
2477 733 2825 804 dioecesis
2893 731 3117 812 Setin.
3176 749 3263 802 ac

602 843 1087 933 Terracinen.,
1145 846 1257 916 cui
1310 840 1811 916 Privernenses
1864 844 2050 916 cives
2117 839 2295 939 (tres
2344 843 2558 916 hasce
2609 844 2968 916 dioeceses
3017 843 3262 914 unitas

605 958 893 1031 insimul
946 959 1250 1047 quisque
1302 954 1534 1053 novit)
1586 958 1660 1028 in
1713 959 2106 1048 expositam
2161 975 2448 1030 causam
2494 958 2683 1029 bona
2720 956 3072 1047 quaedam
3111 974 3266 1028 ces-

602 1077 872 1160 serant,
929 1089 1114 1160 quae
1167 1088 1325 1141 cum
1380 1069 1718 1160 posthaec
1768 1070 1981 1141 iidem
2027 1076 2460 1160 repeterent,
2503 1075 2582 1141 nt
2617 1068 3074 1141 seminarium
3114 1064 3265 1139 Pri-

605 1185 802 1256 verni
856 1183 1238 1274 aperirent,
1296 1179 1370 1251 S.
1411 1179 1483 1252 C.
1543 1180 1937 1273 respondit,
1995 1200 2081 1253 ex
2132 1181 2483 1255 hactenus
2533 1181 2860 1255 deductis
2912 1199 3053 1252 non
3106 1197 3267 1251 esse

603 1296 831 1368 locum
885 1294 1264 1388 aperitioni
1313 1296 1669 1365 seminarii
1725 1292 2210 1366 Privernensis
2263 1290 2456 1388 (Vid.
2517 1296 2638 1366 cit.
2680 1295 3013 1366 Privern.
3070 1310 3267 1364 reso-

603 1408 827 1480 lutam
878 1408 1000 1479 20.
1047 1406 1264 1498 April.
1311 1403 1588 1500 1771.).
1647 1403 1828 1478 Item
1881 1424 2041 1478 cum
2096 1404 2354 1478 SSmus
2406 1404 2491 1477 D.
2533 1403 2620 1477 N.
2678 1406 3044 1478 ecclesiam
3097 1403 3268 1476 Cor-

605 1527 940 1592 netanam
978 1518 1070 1590 ab
1109 1518 1404 1589 ecclesia
1439 1514 1932 1590 Montisfalisci
1970 1518 2458 1606 disiunxisset,
2498 1536 2583 1589 36
2616 1516 3261 1590 Centumcellarum

603 1633 940 1704 ecclesiae
975 1631 1408 1722 copulasset,
1449 1631 1698 1703 oborta
1742 1637 1850 1702 est
1901 1632 2086 1702 inter
2121 1628 2555 1703 cornetanos
2588 1637 2660 1703 et
2694 1629 3269 1704 Centumcellen-

603 1762 717 1816 ses
767 1743 1269 1829 controversia,
1313 1743 1386 1812 in
1424 1750 1580 1814 utra
1617 1743 2027 1814 earumdem
2082 1741 2448 1815 civitatum
2487 1744 2744 1833 aperiri
2797 1743 3264 1814 seminarium

603 1856 922 1928 deberet.
982 1851 1295 1927 Libratis
1344 1856 1703 1944 utrimque
1756 1853 2306 1926 deductionibus
2359 1855 2430 1924 S.
2472 1852 2546 1925 C.
2588 1852 2829 1946 Episc.
2870 1863 2943 1927 et
2991 1851 3259 1946 Regul.

609 1972 683 2041 in
732 1970 1035 2070 comitiis
1084 1969 1225 2041 diei
1283 1969 1398 2040 18.
1447 1968 1659 2061 April.
1708 1969 1923 2040 1856.
1981 1988 2129 2041 rem
2184 1968 2630 2040 indefinitam
2666 1969 2979 2059 reliquit,
3023 1969 3270 2040 iniun-

607 2100 779 2175 gens
815 2082 1163 2171 utrisque,
1197 2086 1275 2152 ut
1309 2081 1671 2167 docerent,
1705 2080 2249 2170 quae-subsidia
2286 2082 2544 2170 cuique
2581 2081 2671 2153 ad
2707 2099 2885 2172 opus
2920 2081 3272 2152 inchoan-

605 2196 776 2268 dum
827 2214 910 2266 ac
961 2193 1470 2287 perficiendum
1524 2199 1807 2285 praesto
1858 2201 2126 2265 essent.

752 2307 1144 2380 Seminaria
1196 2306 1530 2398 erigenda
1582 2314 1752 2382 sunt
1803 2308 2018 2379 etiam
2057 2309 2131 2378 in
2167 2307 2483 2379 ecclesiis
2518 2306 3030 2394 abbatialibnS‚
3073 2324 3268 2395 quae

605 2427 932 2512 separato
970 2419 1318 2491 territorio
1355 2419 1753 2514 potiuntur,
1793 2425 1866 2490 et
1901 2420 2150 2491 tertiae
2182 2420 2443 2511 speciei
2482 2419 2686 2510 vulgo
2715 2424 3258 2508 nuncupantur.

605 2530 720 2604 Sic
771 2531 1173 2603 declarasse
1221 2526 1295 2602 S.
1336 2528 1550 2623 Cong.
1603 2528 1817 2602 Conc.
1876 2536 2182 2602 testatur
2233 2549 2319 2603 ex
2372 2531 2530 2602 aliis
2578 2527 2970 2623 Ventriglia
3022 2531 3111 2602 P.
3158 2531 3260 2600 II.

606 2646 862 2719 Adnot.
901 2644 1026 2718 29.
1080 2640 1155 2738 ξ.
1211 2645 1406 2716 unic.
1466 2663 1537 2715 n.
1577 2643 1652 2715 2.
1711 2645 1905 2737 apud
1959 2640 2232 2716 Ferrar.
2282 2644 2497 2716 verbo
2537 2646 3010 2718 Seminarium
3066 2664 3139 2714 η.
3187 2643 3265 2715 1.

754 2759 918 2830 126.
976 2757 1048 2828 Si
1101 2775 1244 2828 non
1298 2756 1518 2846 possit
1569 2758 1741 2847 erigi
1795 2757 2253 2829 seminarium
2309 2755 2380 2828 1'n
2432 2758 2625 2828 omni
2677 2755 3096 2843 cathedrali,
3136 2754 3276 2827 de-

603 2873 780 2944 bent
829 2871 1002 2962 erigi
1054 2868 1222 2957 duo,
1279 2870 1391 2939 vel
1444 2888 1663 2940 unum
1720 2870 1793 2940 in
1845 2870 2206 2961 provincia
2271 2887 2398 2961 per
2450 2869 2811 2959 Synodum
2864 2868 3277 2959 provincia-

603 2985 769 3072 lem,
825 2989 894 3055 et
946 2981 1128 3053 aliae
1177 2980 1517 3053 ecclesiae
1583 2998 2001 3054 concurrere
2071 2989 2409 3054 tenentur
2459 2981 2551 3053 ad
2600 3000 2948 3072 expensas
2997 2974 3267 3077 (Cone.

612 3097 807 3169 Trid.
848 3114 1006 3186 cap.
1042 3093 1197 3176 18„
1234 3114 1398 3165 sess.
1428 3092 1552 3165 23.
1593 3094 1675 3165 de
1708 3093 1995 3183 reform.
2004 3089 2092 3192 ).Δ
2131 3089 2239 3166 Ita
2277 3094 2609 3165 nimirum
2664 3112 2776 3166 ex.
2814 3113 2915 3185 gr.
2958 3093 3282 3185 praesti-

600 3215 755 3281 tum
790 3215 901 3281 est
952 3209 1026 3279 in
1063 3205 1344 3297 Synodo
1381 3204 1814 3295 Aquileiensi
1852 3225 1970 3278 an.
2011 3206 2223 3278 1536.
2265 3224 2422 3296 cap.
2459 3206 2576 3279 12.
2616 3202 2690 3300 ἓ.
2729 3206 2864 3290 Qui
2900 3205 3277 3297 Episcopi,

606 3327 678 3393 et
708 3319 782 3415 ἓ.
821 3320 1018 3405 Quod
1053 3320 1140 3390 si.
1173 3316 1405 3390 Etiam
1440 3318 1651 3392 hodie
1687 3320 1763 3390 in
1798 3318 1912 3390 his
1945 3318 2355 3411 regionibus
2390 3319 2817 3408 Aquileiensi
2853 3318 3280 3409 provinc-iae

605 3433 968 3522 quondam
1019 3431 1360 3504 subiectis
1412 3431 1772 3522 provisum
1827 3439 1933 3504 est
2003 3449 2127 3523 per
2178 3432 2321 3504 duo
2380 3432 2759 3504 seminaria
2822 3431 2894 3502 in
2959 3431 3277 3502 ecclesia

609 3544 1150 3636 metropolitana
1204 3538 1488 3614 ladren.
1548 3548 1616 3614 et
1668 3544 1742 3613 in
1796 3542 2166 3633 Spalatina
2219 3544 2649 3632 constituta,
2715 3543 2931 3615 veluti
2985 3542 3284 3614 eruitur

605 3677 690 3729 ex
745 3657 1027 3729 decreto
1079 3656 1150 3727 S.
1193 3652 1267 3727 C.
1309 3652 1610 3727 Consist.
1670 3654 1807 3726 diei
1870 3656 1984 3725 17.
2043 3651 2208 3726 Maii
2268 3656 2480 3727 1828.
2536 3653 2610 3749 ἓ.
2651 3656 2806 3744 20.,
2864 3654 3056 3745 quod
3109 3654 3285 3725 suis

603 3767 862 3841 Literis
913 3768 1132 3858 incip.
1173 3768 1375 3841 Beati
1414 3768 1613 3840 Petri
1665 3767 1806 3839 diei
1862 3768 1983 3838 30.
2023 3762 2190 3837 Iun.
2246 3767 2564 3839 eiusdem
2603 3768 2773 3839 anni
2809 3766 3290 3839 confirmavit

606 3899 665 3951 5.
711 3902 803 3953 m.
861 3877 1005 3952 Leo
1055 3876 1223 3950 XII.

756 3994 919 4064 127.
961 3990 1035 4064 S.
1061 3989 1136 4062 C.
1160 3990 1370 4064 Conc.
1406 3994 1479 4063 in
1505 3992 1982 4082 Melphictana
2017 4010 2237 4083 penes
2272 3990 2671 4065 Ferrarium
2704 3987 2797 4090 (l.
2830 4012 2893 4065 6.
2936 4013 3009 4064 n.
3046 3989 3293 4089 104.)

603 4102 790 4177 hanc
842 4104 1067 4177 edidit
1116 4103 1720 4176 declarationem:
1784 4129 1822 4170 <a
1863 4101 1947 4175 ln
1999 4105 2323 4194 ecclesia,
2381 4105 2505 4176 ubi
2557 4114 2724 4178 sunt
2779 4106 2956 4177 adeo
3009 4111 3295 4179 tenues

608 4243 645 4285 >›
688 4215 999 4306 redituS,
1059 4222 1138 4289 ut
1188 4217 1649 4289 seminarium
1700 4217 1873 4310 erigi
1944 4234 2087 4289 non
2155 4218 2418 4308 possit,
2487 4218 2941 4308 provideatur
3002 4216 3297 4290 saltem

609 4354 646 4400 ι»
684 4330 1016 4419 expensis
1085 4328 1431 4401 beneficia
1503 4328 1983 4402 obtinentium
2051 4329 2142 4401 de
2211 4329 2492 4401 duobus
2562 4330 2959 4421 magistris,
3033 4328 3303 4404 altero

607 4465 644 4511 ι»
687 4441 1229 4531 grammaticae,
1294 4448 1365 4514 et
1418 4442 1639 4513 altero
1703 4441 2059 4530 musicae,
2117 4462 2159 4511 a
2210 4440 2475 4531 quibus
2545 4441 2989 4513 instruantur
3052 4445 3302 4533 pueri

597 4578 644 4621 0»
686 4552 991 4624 civitatis
1041 4560 1112 4624 et
1160 4552 1534 4641 dioecesis,
1592 4554 1667 4625 in
1717 4570 2105 4643 eorumque
2155 4559 2483 4644 sumptus
2554 4559 2744 4626 totus
2805 4553 3034 4625 clerus
3088 4572 3306 4628 con-

610 4690 645 4744 7·
687 4663 986 4759 tribuat,
1040 4664 1340 4759 proinde
1391 4684 1475 4739 36
1525 4666 1583 4738 51
1638 4665 2120 4742 contribueret
2157 4666 2250 4739 ad
2284 4665 2742 4740 seminarium
2780 4664 3198 4741 fundatum.
3242 4694 3301 4742 »
