3497 5235
1081 267 1154 327 D·
1193 269 1492 327 visitatione
1533 258 1802 327 Sacrorum
1838 270 2099 329 nimiunn.
2875 270 2910 334 3

416 401 484 474 1.
546 401 952 493 Antequam
991 403 1277 492 propius
1338 403 1754 475 accedamus
1791 403 1878 474 ad
1931 404 2421 493 explicandam
2469 416 2911 496 praesentem

280 513 629 589 Ecclesiae
680 515 1160 604 disciplinam,
1200 532 1411 602 quam
1450 534 1508 584 S.
1554 534 1649 584 m.
1691 512 1927 585 Sixtus
1967 512 2045 585 V.
2090 515 2440 590 celebrata
2482 537 2609 588 sua
2646 516 2913 590 Consti-

282 631 549 702 tutione
594 629 949 699 Romanus
993 626 1323 717 Pontifex
1358 626 1620 697 invexit
1660 627 1839 696 circa
1880 626 2213 714 officium,
2255 647 2394 717 quo
2433 637 2769 701 tenentur
2808 650 2913 701 re-

282 759 428 811 rum
480 758 845 810 sacrarum
920 736 1307 823 AntistiteS,
1349 735 1692 809 referendi
1747 737 1836 807 de
1871 744 2060 810 statu
2094 758 2380 811 suarum
2427 742 2908 829 ecclesiarum,

282 859 494 940 atque
546 849 900 921 invisendi
963 866 1160 919 sacra
1218 847 1697 937 Apostolorum
1754 846 2058 936 Limina,
2115 869 2369 942 operae
2431 855 2731 943 pretium
2787 873 2911 923 nos

282 961 592 1033 tacturos
627 979 778 1031 esse
815 959 1162 1045 ducimuS,
1193 960 1249 1029 si
1287 958 1593 1030 breviter
1629 967 1701 1030 at
1736 960 1980 1031 sedulo
2017 962 2439 1049 investigare
2476 970 2908 1054 satagamus,

282 1073 513 1162 qualis
565 1071 779 1141 fuerit
830 1087 1043 1159 super
1094 1076 1388 1157 utroque
1441 1071 1669 1159 capite
1726 1073 1979 1141 veleris
2030 1073 2445 1165 disciplinae
2485 1078 2684 1161 rati0,
2729 1093 2912 1164 quae

228 1192 445 1276 *ante
508 1202 664 1255 eam
729 1181 988 1254 editam
1049 1178 1628 1252 Constitutionem
1689 1182 1759 1252 in
1825 1179 2136 1254 Ecclesia
2206 1187 2700 1273 praevaluerit.
2739 1183 2908 1254 Nam

282 1298 518 1390 quoad
572 1297 977 1388 longissime
1035 1302 1260 1386 potest
1297 1312 1495 1365 mens
1531 1299 1770 1364 nostra
1826 1295 2165 1384 respicere
2212 1296 2515 1383 spatium
2554 1296 2911 1385 praeteriti

280 1410 645 1503 temporiS‚
703 1414 773 1480 et
848 1406 1362 1479 ecclesiasticae
1413 1404 1745 1475 historiae
1804 1405 2178 1495 primordia
2232 1405 2480 1478 ultima
2535 1407 2909 1491 recordari,

283 1523 447 1594 inde
504 1538 730 1609 usque
781 1519 873 1591 ad
908 1515 1083 1589 Sixti
1118 1514 1204 1588 V.
1246 1515 1734 1607 pontificatum
1804 1523 2231 1605 repetenteS,
2314 1517 2626 1588 eiusdem
2700 1519 2915 1605 gemi-

281 1652 410 1705 nae
466 1630 1041 1722 praescriptionis
1089 1629 1381 1718 vestigia
1434 1628 1819 1719 reperimus
1851 1678 1870 1712 ,
1910 1634 2122 1715 atque
2206 1628 2381 1697 adeo
2439 1627 2910 1698 substantiam

280 1745 566 1835 penitus
619 1758 1023 1830 expressam
1077 1738 1699 1829 deprehendimus,
1758 1739 1855 1808 ita
1910 1743 1986 1809 ut
2036 1735 2363 1809 Summus
2414 1737 2531 1808 ille
2591 1735 2912 1808 Pontifex

281 1871 535 1924 novam
594 1851 1000 1924 nullalenus
1036 1850 1258 1941 legem
1313 1849 1704 1934 induxisse,
1745 1851 1870 1922 sed
1909 1850 2139 1937 potius
2191 1850 2282 1935 ei,
2339 1867 2522 1937 quae
2559 1849 2696 1918 iam
2731 1848 2914 1919 obti-

281 1963 525 2050 nebat,
583 1963 966 2034 solemnem
1020 1961 1539 2051 quodammodo
1592 1959 1887 2030 formam
1940 1958 2518 2049 superinduxisse
2568 1959 2913 2030 dicendus

280 2076 389 2147 sit.
452 2071 709 2163 Itaque
745 2073 931 2143 hanc
964 2072 1381 2144 eruditionis
1417 2078 1685 2160 partem
1723 2071 1938 2142 veluti
1993 2071 2531 2141 fundamentum
2569 2069 2911 2175 eiusmodi

279 2203 635 2257 sacrorum
691 2183 1100 2256 Antistitum
1138 2180 1346 2255 officii
1399 2182 1625 2253 iacere
1678 2202 1759 2254 ac
1811 2199 2246 2275 praeponere
2299 2182 2530 2266 liceat,
2591 2201 2728 2253 non
2800 2199 2914 2252 so-

282 2295 423 2366 lum
480 2305 556 2367 ut
610 2289 700 2387 (si
756 2292 825 2365 id
861 2294 1147 2384 quidem
1188 2296 1368 2366 vires
1422 2302 1701 2364 nostrae
1753 2291 2013 2376 ferant)
2053 2294 2232 2362 iusta
2272 2298 2340 2362 et
2379 2286 2605 2380 alequa
2642 2292 2913 2363 studio-

279 2425 514 2497 sorum
550 2405 913 2476 hominum
949 2406 1300 2497 cupiditas
1335 2406 1728 2494 expleatur,
1770 2403 1892 2473 sed
1930 2406 2139 2473 etiam
2177 2412 2254 2474 ut
2290 2400 2614 2493 Episcopi
2652 2402 2743 2472 ad
2781 2403 2911 2473 hoc

279 2517 699 2606 episcopalis
728 2517 1091 2587 ministerii
1128 2534 1385 2586 munus
1420 2514 1828 2607 diligentius
1854 2523 1923 2588 et
1959 2514 2261 2584 alacrius
2288 2513 2692 2585 obeundum
2725 2517 2913 2586 exci-

282 2637 546 2700 lentur.

414 2735 491 2805 2.
515 2728 716 2814 Quod
746 2740 821 2805 ut
848 2751 1336 2822 assequamur,
1369 2736 1694 2826 ponimus
1723 2740 1887 2805 ante
1914 2734 2175 2824 omnia,
2202 2735 2390 2825 quod
2417 2735 2758 2810 S.m.Pius
2779 2736 2902 2812 VI.

277 2845 679 2936 apostolicis
729 2844 878 2917 suis
927 2842 1181 2916 Literis
1232 2843 1372 2917 diei
1422 2847 1541 2917 28.
1600 2841 1774 2915 Νον.
1834 2847 2042 2917 1786.
2100 2854 2343 2919 contra
2396 2867 2573 2940 opus
2626 2850 2715 2921 ah
2769 2848 2909 2943 Ey-

276 2955 461 3030 helio
513 2957 784 3029 editum
846 2955 1252 3029 solemniter
1311 2957 1807 3051 proclamavit,
1872 2975 2127 3049 nempe
2199 2980 2236 3026 ‹
2276 2957 2502 3051 Super
2553 2961 2907 3035 soliditate

281 3094 316 3139 ›
349 3076 599 3162 petrae
650 3068 1021 3141 fundatam
1072 3065 1325 3140 Christi
1362 3065 1774 3158 Ecclesiam,
1815 3066 2240 3160 Petrumque
2275 3070 2614 3162 singulari
2651 3069 2907 3145 Christi

281 3207 316 3252 ›
355 3199 651 3255 munere
702 3199 870 3274 prae
921 3181 1171 3253 ceteris
1220 3182 1565 3269 electum,
1630 3183 1755 3273 qui
1824 3182 2081 3254 vicaria
2134 3189 2480 3274 potestate
2536 3183 2909 3275 Apostolici

282 3319 320 3363 ›
356 3294 549 3367 chori
602 3295 929 3387 princeps
982 3292 1356 3383 existeret,
1413 3295 1770 3385 totiusque
1821 3294 1998 3366 adeo
2053 3295 2280 3387 gregis
2330 3295 2705 3386 pascendi,
2771 3294 2911 3367 lra-

285 3430 320 3475 ›
355 3411 499 3478 tres
550 3404 1055 3494 confirmandi,
1127 3411 1415 3496 totoque
1483 3405 1651 3478 orhe
1723 3405 1990 3497 ligandi
2057 3424 2139 3477 ac
2186 3406 2506 3479 solvendi
2555 3424 2905 3478 summam

285 3541 323 3585 ›
362 3537 597 3589 curam
651 3518 1286 3608 auctoritatemque
1336 3518 1411 3589 in
1463 3534 1899 3590 successores
1949 3518 2135 3590 omni
2184 3535 2355 3589 aevo
2391 3518 2907 3610 prorogandam

287 3653 324 3693 ›
359 3631 769 3720 susciperet,
825 3629 1078 3720 dogma
1130 3628 1550 3701 catholicum
1603 3635 1736 3718 est,
1793 3628 1984 3720 quod
2034 3647 2151 3702 ore
2201 3626 2456 3703 Christi
2507 3636 2902 3721 acceptum,

288 3760 326 3808 ιι
365 3740 654 3831 perenni
720 3736 1006 3811 Patrum
1060 3739 1583 3832 praedicatione
1650 3740 1988 3813 traditum
2044 3759 2125 3815 ac
2175 3740 2541 3814 defensum
2595 3738 2907 3813 Ecclesia

287 3875 325 3919 ›
364 3852 683 3922 universa
734 3850 925 3921 omni
979 3857 1208 3923 aetate
1259 3852 1701 3924 sanctissime
1754 3852 2069 3941 retinuit,
2108 3854 2534 3944 saepiusque
2570 3853 2906 3927 adversus

289 3984 327 4028 ›
364 3969 770 4035 novatorum
821 3980 1087 4035 errores
1155 3963 1598 4036 Summorum
1656 3961 2071 4036 Pontificum
2125 3963 2730 4053 Conciliorumque
2782 3965 2908 4039 de-

289 4099 326 4139 »
362 4076 562 4147 cretis
613 4073 1079 4146 confirmavit.
1146 4071 1229 4145 In
1281 4075 1414 4147 hoc
1463 4076 1729 4150 scilicet
1782 4074 2216 4166 apostolicae
2268 4072 2658 4149 Cathedrae
2711 4077 2907 4167 prin-

288 4209 325 4249 »
365 4185 591 4276 cipatu
640 4185 922 4257 firmum
974 4186 1195 4259 voluit
1244 4184 1601 4274 ChristuS,
1671 4188 2268 4277 constrictumque
2331 4188 2554 4259 teneri
2609 4188 2904 4260 unitatis

290 4317 328 4361 ι
366 4297 742 4386 vinculum,
782 4314 922 4387 quo
958 4294 1266 4371 Ecclesia
1304 4317 1430 4390 per
1465 4299 1872 4371 universum
1913 4301 2252 4371 mundum
2293 4299 2776 4390 propaganda,
2815 4317 2902 4372 ex

290 4431 331 4470 ι
368 4409 686 4482 memhris
721 4417 1375 4501 quantumcumque
1410 4410 1698 4497 dissitis,
1739 4418 1980 4483 mutua
2020 4414 2330 4482 omnium
2385 4409 2456 4482 in
2494 4429 2633 4494 uno
2672 4413 2903 4503 capite

292 4540 331 4582 ι
370 4521 871 4593 consociatione
921 4521 997 4592 in
1043 4541 1257 4593 unam
1291 4524 1597 4613 corporis
1633 4541 2036 4613 compagem
2073 4522 2520 4608 coalesceret,
2561 4524 2903 4612 fieretque

295 4649 335 4697 ι
374 4630 561 4723 adeo,
616 4638 695 4706 ut
745 4632 959 4704 huius
1008 4635 1112 4705 vis
1162 4635 1531 4724 potestatis
1583 4652 1725 4706 non
1779 4641 2053 4706 tantum
2092 4635 2181 4706 ad
2216 4637 2482 4727 primae
2518 4636 2719 4708 Sedis
2757 4653 2906 4706 am-
