3497 5235
942 245 1062 322 οη.
1086 248 1129 306 ι
1172 248 1245 306 1>-
1285 246 1437 305 nutu
1475 245 1734 306 nouos-0
1770 245 2049 306 munau
2088 248 2143 323 g.
2167 247 2219 305 ο.
2795 241 2905 307 13¹

242 375 528 445 doctrina
570 377 884 443 Ferraris.
935 382 1054 444 Pro
1103 376 1344 445 unione
1391 375 1675 446 facienda
1723 376 1933 464 primo
1976 378 2354 465 requiritur,
2391 388 2463 445 ut
2498 374 2909 446 seminarium

241 479 317 546 sit
348 489 636 547 erectum
669 490 739 546 et
771 478 1068 547 formiter
1099 479 1486 548 institutum.
1524 483 1603 547 Et
1636 479 1891 566 quando
1927 480 1992 548 id
2027 481 2234 548 locum
2268 481 2514 548 habeat.
2541 516 2584 530 -
2613 484 2761 547 147.
2792 483 2909 549 Se·

241 583 448 653 cundo
493 584 851 671 requiritur
912 604 1061 653 vera
1110 604 1179 652 ac
1224 585 1504 674 praecisa
1548 586 1889 652 necessitas
1936 597 2001 653 et
2046 586 2403 656 adhibitum
2451 583 2905 670 deputatorum

239 687 598 754 consilium.
653 688 870 756 Tertio
918 701 987 757 ut
1030 688 1451 776 praecesserit
1497 686 1819 776 praedicta
1868 688 2123 755 taxatio.
2164 686 2476 755 Beneficia
2510 686 2664 752 iuris
2696 697 2908 772 patro·

244 802 422 856 natus
469 789 607 856 sive
652 790 1102 870 ecclesiastici,
1152 791 1291 857 sive
1336 789 1475 856 laici
1526 808 1821 876 quaeque
1868 789 1946 857 ad
1999 789 2334 857 inferiores
2381 789 2715 856 collatores
2760 806 2909 874 per-

245 890 472 969 tinent,
523 890 697 957 uniri
744 910 875 958 non
921 902 1214 979 possunt.
1249 927 1292 941 -
1329 894 1477 958 148.
1530 893 1687 958 Item
1733 910 1857 957 nec
1904 891 2211 959 beneficia
2254 902 2569 959 reservata
2615 902 2761 980 post
2802 910 2914 957 va-

246 992 581 1061 cationem.
635 1031 678 1045 -
729 999 877 1063 149.
932 999 1059 1064 Nec
1106 997 1510 1064 canonicatus
1557 996 2081 1085 collegiatarum,
2146 1016 2265 1064 nec
2327 995 2635 1064 beneficia
2696 1008 2912 1064 curata

247 1096 343 1164 vel
390 1097 736 1186 regularia.
771 1135 817 1148 -
868 1103 1017 1166 150.
1068 1102 1198 1166 Nec
1244 1099 1551 1179 abbatiae,
1603 1100 1928 1188 prioratus
1975 1110 2042 1167 et
2086 1100 2468 1167 monasteria
2501 1119 2569 1166 ac
2602 1099 2912 1167 beneficia

248 1198 718 1266 consistorialia.
748 1237 790 1253 -
828 1205 976 1268 151.
1031 1204 1161 1267 Nec
1205 1203 1376 1269 valet
1425 1201 1709 1268 omnium
1760 1201 2110 1269 universim
2157 1200 2620 1269 beneficiorum
2666 1201 2914 1289 simpli-

251 1302 411 1369 cium
458 1302 643 1370 unio.
690 1340 734 1352 -
784 1308 936 1370 152.
987 1306 1197 1391 Super
1243 1303 1706 1372 beneficiorum
1755 1304 1993 1372 unione
2040 1304 2303 1371 adeatur
2363 1305 2602 1372 Bened.
2641 1305 2803 1370 xlv.
2841 1303 2913 1371 de

252 1406 394 1489 Syn.
449 1405 652 1472 dioec.
687 1453 735 1467 -
783 1408 933 1472 153.
987 1407 1210 1473 Cetera
1259 1406 1342 1474 de
1387 1406 1728 1474 seminario
1777 1409 1850 1473 in
1896 1408 2103 1492 capite
2144 1408 2239 1472 VI.
2295 1406 2805 1494 explicabuntur.

394 1593 565 1666 142.
622 1590 816 1667 Nihil
867 1597 1206 1689 egissent,
1263 1604 1389 1670 aut
1440 1614 1693 1688 parum
1747 1603 1938 1670 certe
1987 1595 2454 1688 profecissent
2516 1593 2914 1668 Tridentini

254 1701 535 1794 PatreS,
592 1725 756 1780 cum
809 1709 1194 1781 seminaria
1259 1709 1535 1801 ubique
1601 1710 1899 1782 excitari
1970 1709 2374 1798 iusserunt,
2429 1708 2570 1782 nisi
2624 1707 2915 1780 modum

252 1817 710 1908 expeditum,
767 1818 1276 1911 efficacemque
1338 1820 1967 1914 suppeditassent,
2043 1840 2184 1912 quo
2254 1827 2538 1895 tantum
2588 1839 2767 1913 opus
2820 1819 2913 1894 ab

255 1926 582 2000 omnibus
633 1929 956 2002 inchoari
992 1948 1074 2002 ac
1108 1931 1352 2023 perfici
1388 1939 1652 2025 posset.
1703 1933 1843 2005 Sed
1877 1932 2240 2004 enimvero
2288 1932 2456 2004 huic
2507 1933 2917 2006 necessitati

256 2039 714 2128 providerunt
764 2058 892 2132 per
942 2042 1544 2115 contributionem
1594 2043 1945 2134 pecuniae
1997 2043 2090 2115 ab
2143 2044 2637 2118 ecclesiasticis
2696 2043 2915 2117 bene-

257 2149 420 2223 flciis
471 2155 612 2226 rite
662 2154 1129 2246 colligendae,
1187 2174 1271 2228 ac
1322 2156 1582 2230 deinde
1633 2173 1763 2247 per
1810 2157 2151 2230 unionem
2202 2156 2712 2229 beneficiorum
2748 2158 2918 2229 sim-

258 2262 536 2351 plicium
592 2263 834 2338 favore
884 2268 1248 2340 seminarii
1299 2269 1812 2361 peragendam.
1871 2264 2053 2340 Nam
2091 2271 2272 2342 Sess.
2302 2268 2427 2343 23.
2483 2290 2640 2363 cap.
2676 2267 2795 2343 18.
2834 2269 2919 2342 de

261 2374 775 2468 Refer-motione
808 2378 1271 2454 decreverunt
1327 2401 1365 2446 ‹
1405 2388 1474 2453 et
1512 2382 1681 2470 quia
1718 2381 1813 2453 ad
1847 2380 2121 2473 collegii
2160 2380 2503 2454 fabricam
2538 2382 2920 2455 instituen-

265 2512 296 2552 ›
333 2485 532 2577 dam,
591 2494 668 2561 et
719 2490 811 2563 ad
865 2491 1255 2565 mercedem
1315 2491 1903 2585 praeceptoribus
1953 2499 2024 2567 et
2077 2492 2420 2565 ministris
2471 2493 2914 2582 solvendam,

265 2623 297 2663 ι
333 2605 400 2672 et
450 2600 544 2673 ad
596 2601 932 2675 alendam
984 2605 1474 2694 iuventutem,
1532 2608 1604 2676 et
1655 2603 1747 2677 ad
1801 2602 1976 2676 alios
2038 2610 2367 2696 sumptus
2421 2604 2593 2677 certi
2644 2604 2920 2678 reditus

267 2734 299 2774 ι
336 2720 544 2785 erunt
595 2716 1023 2803 necessarii,
1079 2716 1269 2789 ultra
1320 2736 1448 2805 ea,
1508 2734 1694 2806 quae
1758 2716 1849 2789 ad
1901 2716 2383 2788 instituendos
2447 2716 2558 2789 vel
2621 2716 2919 2790 alendos

265 2846 300 2887 ι
335 2841 588 2913 pueros
638 2830 809 2898 sunt
872 2827 949 2898 in
1001 2826 1365 2918 aliquibus
1415 2827 1734 2900 ecclesiis
1787 2833 1857 2898 et
1912 2827 2086 2900 locis
2138 2826 2542 2917 destinata,
2600 2846 2787 2918 quae
2837 2843 2921 2899 eo

267 2959 302 3000 ι
337 2936 483 3026 ipso
532 2936 703 3010 huic
753 2938 1135 3010 seminario
1188 2938 1323 3010 sub
1377 2938 1629 3010 eadem
1699 2936 2032 3030 Episcopi
2098 2956 2269 3010 cura
2342 2937 2702 3031 applicata
2755 2955 2922 3010 cen-

270 3072 304 3110 »
340 3054 658 3137 scantur,
715 3049 931 3122 iidem
967 3046 1313 3144 ,Episcopi
1367 3068 1527 3123 cum
1564 3047 1859 3122 consilio
1895 3050 2197 3122 duorum
2234 3050 2324 3122 de
2362 3048 2702 3139 capitulo,
2745 3066 2921 3138 quo-

270 3180 303 3223 »
342 3176 488 3230 rum
539 3159 726 3233 alter
778 3160 869 3232 ab
921 3157 1297 3256 Episcop0‚
1339 3161 1520 3235 alter
1556 3161 1648 3233 ab
1687 3163 1840 3252 ipso
1876 3161 2190 3253 capitulo
2228 3162 2560 3254 eligatur,
2601 3163 2920 3251 itemque

271 3294 307 3333 ›
343 3268 633 3343 duorum
687 3272 778 3344 de
830 3272 1018 3346 clero
1068 3274 1401 3362 civitatis,
1443 3291 1745 3363 quorum
1784 3272 2074 3362 quidem
2114 3273 2410 3346 alterius
2443 3272 2691 3345 electio
2726 3272 2924 3344 simi-

271 3405 306 3446 >
344 3380 494 3455 liter
543 3384 634 3456 ad
687 3382 1147 3476 Episcopum,
1206 3385 1501 3456 alterius
1553 3402 1719 3455 vero
1773 3384 1865 3456 ad
1917 3383 2185 3457 clerum
2222 3385 2610 3476 pertineat,
2653 3401 2736 3456 ex
2777 3383 2924 3456 iru-

274 3516 310 3559 ›
347 3493 566 3567 ctibus
618 3497 916 3587 integris
970 3513 1260 3567 mensae
1295 3495 1721 3587 episcopalis
1756 3502 1829 3568 et
1863 3495 2162 3586 capituli
2197 3504 2268 3570 et
2306 3512 2923 3586 quarumcumque

276 3628 312 3666 ν
351 3602 812 3695 dignitatum,
870 3613 1427 3697 personatuum,
1485 3605 1922 3694 officiorum,
1981 3605 2603 3698 praebendarum,
2661 3608 2925 3701 portio-

278 3741 314 3779 »
353 3735 546 3804 uum,
607 3717 1062 3790 abbatiarum
1095 3718 1187 3790 ‘et
1238 3720 1715 3812 prioratuum,
1784 3720 2296 3809 cuiuscumque
2350 3718 2648 3807 ordinm,
2706 3720 2922 3791 etiam

279 3852 316 3890 ι
355 3828 706 3918 regularis,
766 3835 890 3901 aut
943 3830 1341 3919 qualitatis,
1382 3829 1493 3902 vel
1528 3829 1955 3902 conditionis
1991 3830 2282 3921 fuerint,
2324 3838 2395 3903 et
2427 3830 2920 3921 hospitalium,

280 3963 316 4001 v
358 3955 524 4027 quae
574 3942 840 4013 dantur
892 3942 965 4011 in
1018 3941 1305 4013 titulum
1357 3942 1471 4014 vel
1523 3941 2245 4031 administrationem,
2301 3944 2504 4014 iuxta
2540 3939 2919 4013 Constitut.

280 4071 319 4111 a
359 4045 624 4124 Concilii
664 4050 1117 4140 ViennensiS,
1151 4071 1336 4143 quae
1374 4054 1651 4145 incipit:
1690 4054 1875 4138 Quia
1902 4055 2281 4147 continqit,
2310 4062 2382 4126 et
2413 4040 2925 4126 beneficiorum

281 4182 317 4223 ›
361 4177 953 4253 quorumcumque
1006 4165 1217 4236 etiam
1254 4165 1716 4256 regularium,
1758 4165 1974 4237 etiam
2028 4166 2086 4236 si
2139 4166 2311 4238 iuris
2346 4171 2772 4256 patronatus
2807 4182 2931 4236 cu-

275 4295 314 4335 »
356 4271 754 4365 iuscumque
806 4275 1100 4364 luerint,
1159 4277 1436 4348 etiamsi
1490 4285 1867 4367 exempta,
1924 4276 2202 4347 etiamsi
2242 4275 2527 4347 Nullius
2566 4276 2926 4357 dioecesis,

279 4401 317 4446 ›
359 4383 454 4453 vel
486 4386 642 4458 aliis
676 4387 1023 4475 ecclesiis,
1065 4388 1537 4476 monasteriis,
1578 4393 1651 4458 et
1692 4384 2200 4479 hospitalibuS,
2242 4394 2310 4459 et
2356 4387 2514 4459 aliis
2552 4387 2931 4478 quibusvis

283 4516 318 4558 ›
359 4492 510 4569 locis
559 4499 719 4589 piis,
778 4500 997 4572 etiam
1049 4501 1427 4591 exemptis,
1485 4518 1770 4572 annexa
1825 4506 1896 4571 et
1950 4518 2037 4571 ex
2089 4498 2377 4572 labricis
2433 4499 2923 4587 ecclesiarum,

284 4629 324 4672 ›
367 4614 428 4683 et
472 4613 765 4689 aliorum
814 4614 1155 4709 locorum,
1214 4618 1434 4690 etiam
1485 4635 1573 4690 ex
1619 4615 2197 4708 quibuscumque
2236 4613 2393 4687 aliis
2430 4611 2934 4688 ecclesiasticis
