3497 5235
649 274 766 339 320
1398 276 1770 336 humationi·
1810 276 1864 335 8.
1893 275 2077 352 congr.
2105 274 2250 334 Ocno.
2292 275 2564 350 cxpuitio.

649 410 953 498 accidit,
1010 410 1203 500 quod
1252 407 1326 481 hi
1378 426 1679 501 poenam
1734 410 2222 501 pecuniariam
2292 410 2569 481 minimi
2622 410 2930 499 faciant,
2988 409 3298 499 adeoque

648 529 1139 597 contemnant.
1197 519 1455 613 Itaque
1504 524 1738 594 sciant
1787 517 2149 613 Episcopi,
2206 521 2400 595 bisce
2452 523 2527 594 in
2586 521 2869 595 casibus
2920 521 3015 594 ad
3068 539 3299 594 eorum

641 634 1159 728 negligentiam
1194 633 1553 707 efficacius
1600 633 2193 725 compescendam
2233 633 2418 707 ultra
2454 633 3042 706 distributionum
3079 634 3301 724 priva-

648 749 914 821 tionem
981 746 1194 820 licere
1246 746 1384 817 sibi
1438 746 1511 817 in
1564 747 1755 837 ipsos
1807 745 2149 836 peculiari
2204 746 2468 818 mulcta
2521 745 2934 837 pecuniaria
2987 745 3302 816 animad-

646 866 946 947 vertere,
1002 858 1286 948 aliaque
1338 857 1413 929 id
1467 875 1690 949 genus
1743 858 1916 929 iuris
1968 856 2279 930 remedia
2335 857 2720 950 applicare.
2775 853 3060 930 Etenim
3114 857 3181 927 S.
3217 852 3290 925 C.

646 967 858 1043 Conc.
916 971 990 1041 in
1045 969 1329 1042 [adren.
1378 970 1493 1041 17.
1537 969 1732 1060 Sept.
1783 969 1996 1041 1050.
2035 963 2213 1064 (lib.
2261 968 2378 1042 19.
2411 969 2669 1042 decret.
2701 989 2873 1061 paq.
2912 964 3079 1063 81.)
3115 967 3298 1057 apud

654 1077 919 1154 Bened.
961 1078 1151 1152 xlv,
1211 1081 1448 1155 Instit.
1490 1080 1657 1153 eccl.
1702 1081 1869 1154 107.
1914 1103 1986 1154 n.
2018 1082 2141 1154 44.
2202 1083 2589 1171 «censuit,
2646 1100 2791 1153 non
2845 1081 3298 1153 inservientes

648 1219 689 1264 ν
727 1195 1092 1282 ecclesiae,
1151 1211 1283 1266 nec
1335 1194 1597 1266 divinis
1650 1193 2185 1281 interessenteS,
2226 1193 2413 1264 ultra
2467 1194 2917 1265 amissionem
2970 1192 3302 1264 distribu-

646 1332 687 1376 ν
726 1307 998 1379 tionum
1044 1304 1655 1395 quotidianarum,
1713 1323 1920 1396 posse
1959 1304 2050 1376 ab
2090 1304 2634 1396 Archiepiscopo
2682 1322 2809 1395 per
2847 1303 3148 1375 mulctas
3182 1320 3301 1393 pe-

647 1418 1111 1506 ».cuniarias,
1170 1423 1386 1507 atque
1447 1418 1587 1489 alia
1654 1418 1831 1489 iuris
1898 1416 2214 1489 remedia
2267 1416 2620 1508 compelli.
2657 1440 2696 1486 ι
2771 1413 3088 1505 Cumque
3139 1412 3302 1506 Epi-

641 1548 899 1621 scopus
967 1527 1486 1601 Castellanetae
1539 1548 1579 1599 a
1634 1529 1705 1599 S.
1750 1526 2006 1621 Congr.
2064 1529 2430 1619 petiisset,
2498 1546 2591 1598 an
2644 1527 3127 1615 beneficiam,
3183 1531 3298 1617 qui

642 1660 771 1722 suo
823 1642 1098 1713 muneri
1136 1642 1462 1731 deerant,
1504 1643 1773 1733 quippe
1809 1643 2017 1714 nihili
2051 1641 2408 1714 haberent
2443 1639 3031 1713 distributionum
3085 1641 3299 1714 iactu-

641 1772 822 1842 ram,
879 1753 1057 1825 alias
1118 1770 1387 1845 poenas
1437 1754 1748 1845 irrogare
1801 1759 2069 1845 posset,
2129 1770 2372 1824 mense
2424 1748 2633 1823 Iunio
2690 1753 2901 1823 1659.
2959 1748 3139 1847 (lib.
3178 1751 3288 1824 21.

640 1864 895 1937 decret.
928 1885 1097 1957 paq.
1140 1862 1354 1960 651.)
1408 1866 1814 1957 rescripsit:
1876 1887 1914 1930 ι
1947 1864 2194 1936 Licere
2258 1865 2473 1936 etiam
2527 1881 2655 1956 per
2711 1864 2889 1935 alias
2942 1881 3289 1953 poenas.»

789 1976 954 2048 102.
1011 1974 1268 2048 Contra
1329 1994 1520 2066 eum,
1577 1978 1698 2068 qui
1755 1977 1881 2048 diu
1935 1997 1975 2048 a
2028 1975 2411 2048 residentia
2466 1975 2681 2063 absit,
2740 1975 2844 2047 vel
2898 1975 3114 2046 cboro
3163 1994 3291 2046 non

640 2088 948 2176 intersit,
991 2087 1518 2179 procedendum
1558 2094 1666 2161 est
1704 2089 1903 2159 iuxta
1941 2087 2237 2158 formam
2275 2108 2317 2158 a
2353 2083 2671 2159 Trident.
2704 2085 2915 2160 Conc.
2957 2087 3290 2158 sancitam

645 2201 825 2272 Sess.
866 2198 988 2270 24.
1029 2218 1186 2290 cap.
1234 2198 1350 2272 12.
1393 2200 1477 2272 dc
1515 2200 1867 2292 Reform„
1902 2198 2255 2287 videlicet,
2298 2205 2377 2269 ut
2432 2222 2470 2265 ‹
2503 2198 2731 2289 primo
2766 2216 2957 2269 anno
2994 2199 3294 2288 privetur

644 2334 683 2380 ι
723 2310 1223 2400 unusquisque
1271 2311 1566 2382 dimidia
1620 2318 1823 2402 parte
1874 2308 2263 2398 fructuum,
2307 2327 2485 2399 quos
2520 2310 2796 2381 ratione
2850 2310 3071 2381 etiam
3106 2327 3291 2400 prae-

643 2445 682 2491 »
723 2421 1008 2494 bendae
1061 2442 1143 2493 ac
1195 2422 1621 2495 residentiae
1673 2423 1842 2495 fecit
1891 2441 2082 2495 suos.
2148 2418 2353 2503 Quod
2404 2423 2463 2493 si
2517 2422 2773 2493 iterum
2828 2421 3085 2493 eadem
3135 2439 3289 2492 usus

645 2556 683 2600 ›
725 2531 938 2606 fuerit
975 2533 1437 2628 negligentia,
1475 2535 1798 2626 privetur
1848 2533 2180 2606 omnibus
2216 2533 2595 2622 fructibuS,
2628 2553 2808 2625 quos
2844 2533 3089 2605 eodem
3118 2550 3287 2604 anno

643 2667 681 2714 ›
721 2644 1042 2717 lucratus
1091 2645 1341 2735 fuerit3
1399 2652 1762 2720 crescente
1815 2665 1982 2718 vero
2034 2648 2481 2720 contumacia
2519 2652 2767 2720 contra
2803 2665 2925 2719 eos
2961 2648 3153 2718 iuxta
3185 2665 3290 2718 sa-

641 2780 681 2827 »
723 2776 1002 2829 crorum
1053 2776 1407 2830 canonum
1461 2759 2008 2831 constitutiones
2060 2758 2511 2851 procedatur.
2547 2783 2585 2826 ν
3055 2760 3062 2767 “

791 2870 956 2942 103.
1014 2870 1240 2961 Super
1289 2870 1468 2942 haec
1518 2871 1616 2942 ita
1685 2870 2152 2961 subsequitur
2203 2869 2275 2942 S.
2319 2868 2394 2941 C.
2433 2868 2645 2942 Conc.
2705 2870 2777 2941 in
2848 2867 3285 2944 Castriman's

642 2980 924 3053 Privat.
972 2980 1187 3063 Can„
1225 2982 1429 3054 cuius
1492 2983 1747 3071 solium
1814 2988 2091 3074 prostat
2160 2981 2275 3054 die
2333 2978 2648 3052 14.1an.
2704 2981 2919 3053 1741.
2976 2976 3050 3075 ἓ.
3088 2980 3277 3051 Hinc.

642 3114 680 3158 ς
711 3089 894 3164 Hinc
947 3093 1189 3182 itaque
1242 3092 1624 3185 colligitur,
1664 3111 1875 3186 posse
1911 3093 2202 3184 quidem
2255 3093 2348 3164 ab
2398 3091 2750 3185 Episcopo
2803 3093 3039 3164 valide
3083 3106 3286 3163 cano-

639 3227 679 3271 »
719 3204 1079 3276 nicatibus
1128 3205 1389 3294 privari
1443 3207 1866 3294 canonicOS,
1924 3206 2044 3295 qui
2098 3206 2406 3278 triennio
2468 3204 2735 3277 absunt
2786 3224 2828 3274 a
2881 3201 3279 3287 residentia,

637 3340 678 3384 ν
721 3321 1098 3406 postquam
1172 3314 1385 3386 iidem
1454 3316 1668 3406 priori
1721 3333 1913 3387 anno
1967 3316 2350 3388 medietate
2403 3316 2805 3403 fructuum,
2865 3322 2937 3388 et
2988 3311 3282 3387 secundo

639 3452 678 3495 ›
719 3426 1068 3500 fructibus
1104 3426 1437 3498 omnibus
1485 3429 1743 3518 privati
1800 3427 2089 3517 suerint,
2146 3428 2425 3501 etiamsi
2478 3428 2570 3500 ad
2607 3427 2889 3499 illorum
2922 3426 3286 3501 canonica-

638 3562 677 3608 »
716 3544 921 3610 tuum
989 3538 1278 3611 titulum
1342 3540 1827 3631 reperirentur
1895 3540 2247 3627 ordinati;
2306 3547 2377 3612 et
2431 3538 2871 3611 inhaerendo
2942 3537 3197 3610 formae
3244 3552 3281 3602 a

638 3675 676 3719 ι»
716 3647 1129 3723 Tridentino
1196 3652 1678 3742 praescriptae
1731 3653 2021 3742 saepius
2089 3651 2477 3722 declaravit
2544 3652 2616 3721 S.
2658 3647 2732 3721 C.
2775 3647 3020 3737 Conc.,
3074 3656 3137 3719 ct
3197 3644 3283 3715 si-

637 3786 676 3832 »
720 3768 1020 3852 guanter
1087 3761 1162 3831 in
1215 3761 1500 3834 Nullius
1559 3764 1968 3836 Guastallae
2038 3764 2321 3835 Privat.
2381 3762 2617 3837 Mans.
2675 3763 2794 3833 31.
2854 3757 2994 3833 Iul.
3050 3765 3116 3831 et
3162 3758 3272 3827 28.

637 3898 675 3942 ›
722 3874 896 3965 Aug.
945 3873 1189 3961 1860„
1232 3873 1580 3946 Firmana
1617 3876 1819 3950 Priv.
1863 3896 2026 3947 can.
2069 3876 2189 3947 30.
2233 3872 2397 3946 Maii
2456 3875 2701 3963 1665.,
2763 3873 3118 3965 Vicequen.
3156 3870 3282 3939 Ar-

635 4013 674 4059 »
717 3986 901 4060 chid.
944 3989 1015 4056 3.
1061 3983 1355 4077 August.
1409 3987 1656 4074 1709„
1700 3988 1991 4059 minime
2044 4005 2205 4058 vero
2259 3986 2409 4058 suis
2461 3983 3003 4058 canonicatibus
3054 3980 3281 4053 statim

637 4125 675 4169 ›
717 4099 1035 4187 destitui,
1080 4116 1218 4170 non
1273 4099 1574 4171 servatis
1625 4099 1982 4172 dictarum
2033 4117 2426 4190 poenarum
2484 4098 2851 4191 gradibus,
2889 4097 3048 4169 licet
3081 4107 3283 4165 cano-

637 4238 675 4282 »
717 4212 857 4284 nici
886 4229 1010 4302 per
1039 4215 1210 4295 tres,
1244 4211 1384 4281 imo
1412 4228 1539 4301 per
1566 4209 1809 4300 plures
1833 4211 2049 4283 etiam
2078 4228 2307 4282 annos
2335 4210 2792 4283 residentiam
2824 4203 3277 4299 neglexerint,

638 4349 676 4393 ι»
719 4322 1318 4414 quemadmodum
1360 4322 1650 4394 tradunt
1691 4319 2073 4413 Fagnanus
2104 4323 2174 4394 in
2218 4321 2385 4413 Cap.
2423 4322 2647 4403 Licet,
2675 4340 2872 4392 num.
2904 4321 3024 4392 25.
3062 4322 3119 4387 et
3151 4311 3274 4382 26.

636 4459 674 4506 ›
714 4436 796 4508 de
837 4434 1014 4509 Cler.
1058 4453 1198 4505 non
1253 4432 1563 4504 resid....
1624 4439 1695 4505 et
1747 4440 2145 4505 consonant
2197 4432 2664 4505 resolutiones
2717 4430 3028 4521 supremi
3075 4423 3285 4497 huius

636 4570 674 4614 ι»
714 4544 1098 4618 consessus
1120 4544 1457 4618 Giennen.
1486 4544 1734 4634 1587„
1759 4546 2202 4618 Lancianen.
2229 4535 3277 4617 Res.13.lan.1703.15ernien.

636 4682 677 4727 ν
724 4658 898 4732 Can.
939 4658 1059 4728 22.
1100 4654 1310 4728 Febr.
1359 4657 1573 4728 1710.
1631 4662 1700 4728 et
1755 4658 2078 4730 Romana
2130 4658 2200 4729 3.
2242 4654 2409 4729 Dec.
2452 4656 2662 4727 1718.
2698 4680 2737 4723 »
2794 4650 2882 4726 ln
2916 4653 3045 4725 hac
3074 4659 3290 4720 cano-
