3497 5235
621 292 740 357 288
1374 294 1744 354 lusti-uouent-
1786 295 1839 354 Β.
1867 295 2051 371 Gongr.
2076 296 2224 355 Oeno.
2264 298 2535 374 expositio&

613 431 1047 520 studiorum,
1088 432 1212 522 qui
1265 430 1633 504 absentiae
1685 436 2006 523 tempore
2058 432 2152 504 ad
2203 434 2698 524 percipiendas
2743 430 3277 505 distributiones

617 562 707 618 ex
741 544 1120 637 disciplina
1156 544 1338 615 sacri
1366 540 1654 616 Ordinis
1689 562 1834 615 non
1872 544 2374 634 admittuntur,
2415 546 2475 618 si
2511 546 2663 618 loco
2697 544 3275 618 distributionum

613 662 1095 749 punctaturae
1148 658 1528 746 usitentur,
1573 662 1719 728 toto
1772 663 2115 748 tempore,
2151 676 2292 747 quo
2344 657 2639 746 absunt,
2681 659 2754 729 in
2806 662 3276 749 punctaturae

613 785 920 859 poenam
972 769 1328 858 incidunt,
1387 771 1651 862 aptatis
1701 768 1877 841 iuris
1929 769 2326 861 principiiS,
2368 789 2556 861 quae
2601 771 2787 842 circa
2838 769 3279 842 distributio-

616 897 748 952 nes
798 881 1066 969 valent,
1122 881 1357 973 prouti
1408 880 1736 972 pluribus
1790 882 1863 951 in
1914 879 2087 952 locis
2140 882 2530 956 declaravit
2597 879 2758 953 Sac.
2815 880 3275 974 congregatio

613 990 906 1065 Concilii
960 994 1034 1064 in
1088 993 1376 1065 Nullius
1430 993 1722 1086 Farfen.
1783 993 2010 1066 Distr.
2067 994 2191 1065 20.
2250 992 2417 1067 Dec.
2480 996 2739 1083 17:38„
2794 1000 2867 1067 et
2918 995 2994 1064 in
3046 994 3278 1085 anu-

601 1104 787 1182 ,biua
812 1105 1426 1176 Punctaturarum
1453 1106 1524 1175 5.
1551 1103 1717 1195 Apr.
1760 1106 2013 1193 1783„
2055 1105 2394 1188 Ilcinen„
2432 1107 2660 1179 Distr.
2700 1126 2819 1178 seu
2847 1107 3273 1177 Punctatur.

618 1216 731 1287 13.
792 1213 989 1307 Sept.
1034 1216 1282 1304 1856„
1322 1215 1451 1286 ubi
1502 1213 1575 1287 S.
1616 1214 1689 1289 C.
1747 1218 2064 1288 iniunxit
2116 1218 2552 1290 materialem
2606 1218 2861 1288 tertiae
2909 1218 3142 1310 partis
3174 1236 3277 1289 se-

610 1327 1053 1417 parationem
1093 1327 1186 1398 ad
1223 1326 1522 1398 formam
1574 1325 1787 1399 Conc.
1829 1323 2055 1416 Trid.,
2094 1324 2555 1402 Mathelicen.
2612 1325 2866 1401 Punct.
2917 1330 3039 1400 28.
3088 1328 3276 1420 Apri-

610 1438 700 1511 lis
756 1439 972 1512 1860.

759 1552 881 1622 33.
937 1546 1046 1621 Ex
1114 1550 1553 1641 praescripto
1605 1547 2082 1624 Tridentinor.
2139 1548 2430 1624 Patrum
2502 1548 2574 1622 S.
2640 1552 2715 1622 C.
2773 1550 2986 1624 Cone.
3044 1553 3273 1626 allatis

609 1663 915 1736 decretis
965 1661 1351 1734 inhaerens
1404 1683 1443 1730 ‹
1474 1681 1758 1754 semper
1808 1664 2120 1737 decrevit
2170 1659 2303 1761 (ita
2374 1667 2449 1736 in
2507 1665 2789 1757 Cephal.
2861 1666 3092 1738 Distr.
3157 1667 3268 1736 31.

611 1797 651 1843 ›
689 1771 899 1846 Mart.
960 1774 1174 1844 1770.
1229 1769 1304 1867 ἓ.
1362 1774 1471 1846 Ad
1532 1772 1914 1869 tramites),
1996 1774 2537 1848 distributiones
2589 1777 3077 1866 quotidianas,
3134 1796 3271 1848 non

613 1909 653 1955 ›
691 1884 1027 1957 obstante
1064 1886 1419 1956 contraria
1456 1887 2002 1976 consuetudine,
2035 1906 2121 1959 ex
2160 1888 2372 1960 tertia
2407 1892 2611 1979 parte
2646 1886 3007 1960 fructuum
3042 1890 3271 1961 cuius-

610 2021 650 2067 »
692 2014 834 2089 que
887 1997 1351 2068 canonicatus
1402 1997 1704 2089 singulis
1754 1998 1948 2070 horis
2000 1999 2359 2071 canonicis
2412 1999 2504 2070 ab
2555 1995 2908 2092 Episcopo
2961 2016 3118 2072 esse
3169 2018 3272 2070 as-

610 2134 653 2178 »
693 2107 1111 2200 signandas,
1162 2126 1350 2198 quae
1403 2109 1590 2182 inter
1623 2117 2040 2200 praesentes
2077 2115 2147 2182 et
2184 2111 2444 2182 divinis
2478 2110 2729 2182 officiis
2766 2112 3266 2184 interessentes

609 2243 649 2289 ›
690 2227 972 2293 tantum
1001 2227 1243 2293 essent
1264 2220 1725 2311 dividendae,
1750 2224 1928 2294 utin
1951 2217 2691 2318 Alexandrin.(lib.3.
2718 2224 2974 2295 decret.
2992 2219 3269 2318 p.22.),

608 2358 647 2402 ›
687 2333 1034 2405 Albanen.
1068 2334 1138 2404 6.
1166 2330 1331 2404 Dec.
1363 2334 1610 2422 1690„
1651 2336 2023 2426 Carpenct.
2064 2335 2184 2405 21.
2216 2331 2357 2406 Iul.
2394 2334 2643 2422 1731.,
2674 2334 2999 2416 Nullius,
3029 2336 3267 2406 Terrae

607 2466 647 2512 »
688 2445 1035 2517 Pontiani
1086 2446 1207 2516 26.
1263 2441 1473 2517 Mart.
1537 2447 1754 2518 1735.
1790 2470 1829 2513 »

753 2556 873 2629 34.
930 2550 1228 2638 Quando
1281 2558 1517 2649 agitur
1551 2557 1639 2630 de
1694 2576 1891 2646 casu,
1934 2575 2075 2650 quo
2129 2560 2203 2629 in
2256 2558 2576 2649 aliquam
2611 2557 2987 2630 ecclesiam
3040 2557 3267 2630 distri·

602 2667 979 2740 butionum
1035 2668 1412 2760 disciplina
1464 2672 1773 2760 primum
1843 2670 2248 2743 invehenda
2296 2672 2438 2758 sit,
2497 2670 2557 2742 si
2627 2671 2994 2741 commode
3061 2670 3262 2742 tertia

600 2780 960 2853 redituum
1014 2781 1538 2852 canonicalium
1590 2800 1759 2872 pars
1810 2783 1883 2854 in
1937 2783 2347 2855 earumdem
2402 2800 2608 2853 usum
2679 2783 2889 2852 unice
2959 2780 3263 2853 converti

603 2898 848 2984 queat,
905 2894 1006 2966 ita
1056 2894 1392 2966 nimirum
1447 2893 1678 2967 facere
1729 2895 2155 2987 praestabit3
2213 2900 2285 2966 at
2338 2893 2398 2964 si
2449 2892 2626 2964 haec
2678 2892 3036 2984 separatio
3086 2890 3263 2963 diffi-

601 3004 940 3077 cultatem
996 3005 1309 3095 aliquam
1363 3003 1725 3095 exhibeat,
1783 3014 1993 3097 prout
2046 3022 2390 3097 persaepe
2444 3005 2566 3093 fit,
2623 3023 2783 3076 cum
2851 3003 3256 3094 praesertim

601 3114 969 3206 quaelibet
1019 3115 1433 3207 praebenda
1487 3135 1527 3186 a
1582 3135 1711 3187 suo
1765 3124 2034 3189 rectore
2085 3117 2467 3208 separatim
2507 3115 3076 3202 administratur,
3111 3121 3256 3187 tum

599 3222 850 3322 (idque
900 3246 1027 3318 pro
1079 3246 1153 3299 re
1206 3235 1377 3300 nata
1431 3225 1503 3298 S.
1544 3224 1617 3299 C.
1658 3227 1730 3302 C.
1793 3229 1865 3298 in
1918 3230 2068 3301 suis
2124 3229 2215 3300 ad
2265 3224 2656 3321 Episcopos
2692 3228 2918 3299 literis
2969 3226 3257 3297 suadere

597 3338 914 3410 solemne
964 3335 1219 3432 habet)
1272 3339 1657 3432 simplicior
1709 3347 1780 3412 et
1831 3339 2229 3433 expeditior
2279 3342 2415 3412 erit
2466 3341 2623 3428 via,
2680 3340 2740 3410 si
2795 3343 3255 3430 punctaturae

597 3449 1095 3539 instituantur3
1153 3452 1250 3523 ita
1306 3452 1495 3523 enim
1550 3471 1684 3524 nec
1719 3452 2293 3524 dissensionibus
2327 3453 2459 3524 erit
2488 3453 2685 3524 locus
2712 3470 2839 3542 pro
2878 3459 3039 3524 actu
3079 3466 3259 3520 com-

597 3562 863 3652 plendo
914 3563 1384 3655 separationis
1438 3565 1688 3637 tertiae
1740 3566 2017 3654 partis,
2074 3582 2206 3636 nec
2256 3564 2530 3636 suberit
2598 3570 3024 3656 perpetuum
3084 3575 3255 3630 onus

595 3676 672 3748 in
725 3676 1294 3748 administrando
1346 3676 1631 3748 cumulo
1682 3676 1991 3768 partium
2027 3728 2046 3764 ,
2107 3694 2291 3766 quae
2346 3697 2386 3746 a
2457 3675 2759 3766 singulis
2833 3670 3251 3766 praebendis

595 3794 968 3878 separatae
1021 3787 1312 3860 fuerint.
1371 3784 1456 3858 In
1508 3786 1835 3877 Capitulo
1870 3788 2285 3878 collegiatae
2340 3783 2593 3858 Terrae
2645 3783 3088 3876 Cryptarum,
3124 3777 3255 3850 Fa·

593 3898 811 3971 liscae
863 3900 1251 3988 dioecesiS,
1309 3918 1395 3971 ex
1448 3900 1791 3990 peculiari
1846 3905 2113 3971 statuto
2181 3917 2307 3990 per
2358 3897 2789 3992 Episcopum
2844 3898 3250 3970 confirmato

595 4012 953 4100 provisum
1007 4019 1142 4101 est,
1182 4016 1264 4082 ut
1312 4018 1788 4104 punctaturae
1841 4011 2310 4083 desumantur
2347 4030 2435 4083 ex
2488 4011 2770 4084 cumulo
2823 4011 3253 4083 emolumen-

593 4127 855 4213 torum,
889 4141 1074 4213 quae
1113 4125 1372 4212 cuique
1408 4122 1803 4194 obveniunt
1839 4141 1925 4193 ex
1961 4122 2361 4212 funeribuS,
2398 4123 2699 4213 aliisque
2739 4118 3249 4201 functionibus,

593 4234 860 4324 quibus
894 4254 982 4307 ex
1033 4236 1311 4326 piorum
1347 4234 1880 4325 disponentium
1931 4235 2295 4307 voluntate
2333 4236 2519 4307 inest
2556 4236 2798 4325 aliqua
2851 4228 3252 4305 distributio

593 4347 1008 4437 pecuniaria
1027 4348 1224 4418 iuxta
1252 4353 1494 4419 taxam
1531 4347 1951 4436 praefixam3
1985 4346 2187 4419 adest
2222 4348 2412 4418 enim
2438 4346 2536 4418 ibi
2575 4345 3063 4437 percommoda
3082 4356 3257 4411 con-

591 4457 939 4547 suetud0,
998 4465 1074 4530 ut
1126 4459 1199 4530 in
1255 4457 1400 4529 fine
1454 4458 1800 4548 cuiusque
1854 4460 2027 4530 anni
2095 4458 2504 4530 huiusmodi
2582 4459 3052 4530 emolumenta
3101 4468 3255 4521 ana

591 4567 944 4641 solutione
995 4569 1341 4661 singulis,
1401 4571 1527 4661 qui
1589 4570 1801 4642 choro
1853 4569 2347 4660 interfuerint,
2406 4570 2667 4642 viritim
2737 4568 3252 4662 rependantur.

590 4677 790 4763 Quae
841 4688 1084 4752 tamen
1136 4682 1582 4756 consuetudo
1635 4701 1780 4754 non
1831 4690 2069 4773 vetat,
2127 4683 2506 4772 quominus
2537 4736 2556 4773 ,
2613 4682 2674 4754 si
2726 4700 2904 4774 opus
2953 4679 3060 4765 sit,
3107 4690 3258 4764 pro
