3497 5235
561 238 673 301 146
1304 232 1673 294 humationi·
1715 232 1768 290 Β.
1798 231 1982 307 Oongr.
2011 230 2158 291 ῦοιο.
2197 232 2451 309 expositio

553 374 950 446 stianarum
1005 367 1518 459 antiquitatum
1574 363 2036 470 monumenta
2092 368 2559 441 confirmant:
2637 374 2707 440 et
2775 367 2848 438 in
2902 367 2988 438 iis
3040 383 3235 439 com·

556 481 1095 564 memorandum
1135 480 1415 552 videtur
1467 480 1542 551 S.
1583 475 1843 551 Iustini
1882 477 1973 550 Μ.
2010 471 2498 552 testimonium
2534 498 2619 552 ex
2658 478 2992 572 Apologia
3034 474 3095 549 I.
3138 476 3237 550 ad

553 594 992 668 Antoninum
1028 589 1231 663 Pium
1282 585 1402 683 (In
1438 590 1612 662 edit.
1647 585 1954 662 Maurin.
1998 608 2165 683 pag.
2202 590 2323 677 83,
2365 611 2439 662 n.
2473 587 2681 687 61.):
2742 592 2815 662 in
2854 608 2998 679 qua
3037 594 3238 679 post-

554 707 863 796 eaquam
916 703 1140 777 nitide
1192 702 1653 789 declarasset,
1701 707 2194 776 consecratum
2233 702 2308 772 in
2345 698 2833 775 Eucharistico
2870 696 3237 772 Sacrificio

556 836 818 913 panem
870 824 941 889 et
993 816 1238 886 vinum
1294 831 1518 884 «non
1572 820 1651 886 ut
1703 830 2153 885 communem
2207 810 2446 885 cibum
2485 819 2554 885 et
2594 821 2836 904 potum
2875 812 3062 885 sumi
3094 837 3133 880 »
3189 830 3237 882 a

559 927 993 1016 christianis,
1036 925 1162 998 sed
1200 931 1279 996 ut
1335 947 1372 989 «ι
1412 925 1767 997 incarnati
1805 920 1972 997 Iesu
2007 941 2298 997 carnem
2333 930 2405 998 et
2437 926 2863 1019 sanguinem
2895 951 2934 994 »
2985 943 3241 1017 quem-

558 1041 943 1115 admodum
999 1062 1036 1104 αι
1060 1036 1375 1128 Apostoli
1413 1038 1486 1107 in
1523 1036 2050 1108 commentariis
2087 1037 2264 1126 suIS,
2306 1055 2490 1128 quae
2530 1045 2873 1110 vocantur
2905 1035 3241 1130 Evange-

561 1177 600 1220 »
640 1153 760 1241 lia,
802 1150 1348 1237 tradiderunt»,
1404 1166 1569 1219 mox
1607 1147 1941 1238 graphice
1978 1147 2321 1221 describit
2356 1146 2704 1222 rationem
2744 1156 2997 1238 totam,
3036 1149 3241 1222 unde

558 1262 650 1335 ab
704 1262 909 1334 initio
960 1256 1280 1334 Ecclesia
1333 1259 1726 1347 catholica,
1785 1277 1914 1350 per
1966 1257 2406 1334 oblationem
2475 1259 2694 1334 huius
2761 1258 3242 1336 Eucharistici

558 1372 926 1459 Sacrificii,
984 1370 1375 1443 solemnem
1413 1370 1685 1442 cultum
1724 1368 1870 1442 Deo
1906 1372 2174 1463 optimo
2212 1373 2522 1444 maximo
2557 1373 2899 1447 exhibere
2937 1391 3244 1446 consue-

558 1487 659 1557 vit
710 1482 1075 1556 Dominico
1128 1500 1414 1573 quoque
1469 1482 1612 1570 die,
1673 1501 1887 1572 quem
1944 1483 2245 1574 gentiles
2295 1484 2482 1557 diem
2517 1485 2682 1557 solis
2737 1482 3238 1577 appellabant,

560 1596 927 1670 ethnicum
962 1590 1475 1686 Imperatorem
1512 1593 1624 1667 his
1660 1592 1895 1666 verbis
1931 1593 2325 1668 allocutus:
2388 1620 2426 1663 ‹
2460 1596 2556 1670 Ac
2590 1596 2788 1685 solis,
2827 1604 2908 1670 ut
2945 1595 3240 1684 dicitur,

563 1733 600 1777 ›
641 1709 757 1780 die
812 1705 1131 1778 omnium
1183 1704 1332 1776 sive
1387 1705 1601 1778 urbes
1651 1706 1803 1777 sive
1856 1725 2063 1798 agros
2115 1701 2580 1780 incolentium
2637 1707 2713 1779 in
2764 1707 3098 1781 eumdem
3136 1706 3247 1778 lo-

565 1845 604 1888 »
642 1837 805 1893 cum
866 1818 948 1889 fit
1001 1824 1436 1904 conventu8‚
1513 1824 1585 1890 et
1645 1818 2158 1891 commentaria
2217 1817 2736 1909 Apostolorum,
2795 1825 2921 1891 aut
2971 1819 3248 1910 scripta

562 1957 602 2001 ι
643 1928 1162 2021 Prophetarum
1216 1929 1578 2019 leguntur,
1654 1928 1893 2018 quoad
1945 1928 2113 2001 licet
2163 1946 2290 2018 per
2343 1934 2656 2022 tempus.
2718 1928 3041 2018 Deinde,
3111 1929 3245 2002 ubi

568 2067 607 2110 »
647 2041 866 2114 lector
916 2040 1153 2126 desiit,
1212 2039 1271 2111 is
1325 2041 1448 2129 qui
1500 2045 1787 2131 praeest
1823 2040 2381 2113 admonitionem
2426 2040 2657 2114 verbis
2693 2047 2765 2113 et
2799 2040 3250 2113 adhortatio-

570 2178 607 2222 »
648 2171 816 2224 nem
869 2150 959 2222 ad
1014 2167 1123 2221 res
1176 2155 1322 2222 tam
1375 2150 1783 2242 praeclaras
1853 2152 2241 2225 imitandas
2308 2153 2635 2243 suscipit.
2693 2145 2945 2224 Postea
2994 2169 3249 2225 omnes

568 2288 607 2331 ι»
646 2261 857 2334 simul
906 2261 1401 2352 consurgimus
1436 2268 1507 2334 et
1541 2279 1791 2352 preces
1825 2264 2262 2352 emittimus;
2321 2269 2567 2354 atque,
2609 2267 2687 2336 ut
2723 2262 2864 2334 iam
2902 2262 3245 2353 diximuS,

571 2399 609 2444 ›
653 2373 778 2445 ubi
833 2371 1171 2444 desiimus
1225 2373 1527 2464 precari,
1585 2376 1798 2465 panis
1850 2374 2142 2446 affertur
2193 2380 2265 2446 et
2319 2375 2563 2446 vinum
2602 2380 2673 2447 et
2708 2392 2944 2465 aqua:
3000 2380 3072 2448 et
3124 2374 3257 2465 qui

570 2509 607 2555 »
650 2489 960 2577 praeest,
1020 2502 1267 2576 preces
1320 2491 1390 2557 et
1447 2486 1837 2577 gratiarum
1900 2486 2217 2558 actiones
2268 2485 2437 2559 totis
2497 2485 2768 2558 viribus
2820 2486 3107 2575 emittit,
3179 2492 3256 2559 et

572 2621 609 2665 ›
651 2595 961 2687 populus
1013 2595 1409 2687 acclamat,
1467 2597 1737 2679 Amen,
1791 2601 1862 2669 et
1912 2613 2198 2689 eorum,
2257 2598 2333 2670 in
2381 2591 2649 2689 quibus
2722 2598 2992 2690 gratiae
3043 2604 3256 2671 actae

569 2732 608 2775 »
648 2712 845 2795 sunt,
904 2706 1315 2780 distributio
1350 2708 1432 2780 fit
1470 2714 1540 2781 et
1577 2708 2127 2782 communicatio
2180 2709 2571 2801 unicuique
2621 2710 3139 2803 praesentium,
3181 2716 3256 2783 et

568 2844 607 2890 ›
649 2817 1077 2891 absentibus
1130 2837 1257 2910 per
1311 2817 1661 2894 Diaconos
1696 2820 2025 2892 mittitur.
2065 2844 2103 2887 »
2157 2816 2360 2901 Quod
2410 2838 2578 2893 vero
2630 2822 2705 2893 S.
2745 2814 3070 2894 Iustinus
3119 2837 3254 2911 per

566 2949 652 3003 ea
704 2930 925 3003 verba
977 2931 1098 3022 qui
1141 2938 1424 3022 praeest
1475 2950 1620 3006 non
1671 2931 1891 3006 semel
1942 2932 2221 3024 prolata
2272 2932 2602 3024 designet
2650 2933 2787 3006 hoc
2838 2933 2990 3006 loco
3042 2950 3253 3024 prae-

567 3042 813 3114 sertim
866 3037 1288 3132 Episcopos‚
1330 3043 1406 3114 in
1442 3042 1780 3135 ambiguo
1834 3060 1989 3116 esse
2026 3062 2170 3116 non
2207 3044 2455 3116 sinunt
2507 3050 2611 3116 tot
2664 3044 2859 3133 illae,
2908 3062 3097 3135 quae
3132 3062 3260 3117 su-

565 3157 866 3245 persunt
901 3160 1318 3227 sanctorum
1354 3152 1715 3228 Ecclesiae
1747 3153 2040 3229 Patrum
2077 3156 2435 3229 orationes
2484 3173 2613 3229 seu
2648 3151 3027 3244 Homiliae,
3069 3173 3257 3247 quas

565 3267 755 3338 inter
809 3265 1196 3339 Missurum
1248 3268 1590 3340 solemnia
1643 3274 1926 3341 constat
1977 3286 2133 3341 esse
2184 3287 2313 3361 pro
2357 3269 2695 3341 concione
2731 3268 3096 3342 recitatas.
3141 3268 3259 3340 Sic

570 3376 643 3449 S.
685 3372 1065 3467 Gregorius
1106 3374 1202 3449 M.
1260 3375 1502 3472 (Hom.
1539 3375 1737 3450 VIII.
1781 3379 1857 3450 in
1890 3375 2207 3475 Evang.)
2263 3402 2300 3444 ι
2330 3380 2528 3469 quia,
2571 3379 2832 3469 inquit,
2872 3376 3260 3451 missarum

571 3511 610 3554 ι»
650 3486 998 3559 solemnia
1052 3495 1159 3561 ter
1212 3490 1424 3562 hodie
1477 3488 1907 3563 celebraturi
1958 3508 2238 3578 sumus,
2292 3491 2491 3582 loqui
2543 3491 2669 3563 diu
2708 3491 2798 3564 de
2834 3491 3257 3583 evangelica

572 3597 958 3670 »lectione
1013 3618 1159 3672 non
1211 3619 1616 3693 possumus.
1648 3626 1685 3670 ›
1750 3598 1979 3674 Immo
2032 3601 2106 3673 in
2159 3602 2297 3673 hac
2346 3619 2423 3675 re
2475 3608 2624 3674 tam
2667 3607 3005 3674 constans
3039 3601 3259 3675 disci-

570 3708 767 3800 plina
822 3716 1181 3802 tenuerat,
1239 3721 1319 3786 ut
1368 3714 1429 3785 si
1466 3712 1645 3786 torte
1682 3711 1940 3786 diebus
1976 3712 2177 3787 festis
2214 3733 2255 3785 a
2292 3710 2839 3785 christianorum
2894 3719 3257 3786 conventu

570 3821 923 3896 abfuisset
977 3822 1428 3917 Episcopus;
1487 3826 1661 3898 item
1711 3826 1772 3896 si
1826 3824 2240 3897 concionem
2291 3822 2559 3896 habere
2613 3828 2739 3896 aut
2774 3822 3091 3896 divinam
3126 3823 3262 3895 ho-

570 3934 781 4005 stiam
833 3935 1041 4010 litare
1096 3936 1736 4029 praetermisisset,
1796 3935 2185 4008 novitatem
2240 3940 2311 4007 et
2365 3933 2818 4007 insolentiam
2887 3934 2987 4006 rei
3055 3933 3258 4007 haud

571 4061 777 4118 secus
832 4049 1265 4121 mirarentur
1316 4065 1565 4121 omnes
1616 4043 1724 4144 (S.
1767 4044 1874 4120 lo.
1916 4046 2458 4139 Chrysostomus
2509 4039 2717 4116 Hom.
2760 4041 2821 4116 I.
2864 4045 2947 4117 de
2990 4045 3260 4117 incom-

559 4156 1019 4246 prehensibili
1077 4160 1206 4232 Dei
1259 4157 1606 4256 natura),
1680 4177 1899 4250 quam
1960 4160 2023 4231 si
2074 4157 2331 4231 diebus
2391 4157 2530 4229 iuri
2580 4150 2898 4231 dicundo
2961 4157 3257 4230 statutis

569 4284 877 4340 vacuum
931 4269 1279 4360 tribunal,
1336 4290 1563 4344 vacua
1600 4272 1920 4344 iudicum
1965 4269 2306 4344 subsellia
2342 4273 2822 4343 cernerentur.
2864 4269 3101 4343 Sacris
3134 4288 3261 4343 au-

570 4382 715 4451 tem
749 4381 826 4452 in
862 4381 1015 4455 dies
1067 4382 1285 4457 festos
1336 4389 1680 4475 operante
1728 4381 2110 4479 Episcopo,
2167 4382 2556 4454 communis
2593 4380 2934 4474 sacrificii
2985 4380 3255 4453 oblatio

569 4491 726 4564 fieri
777 4490 1154 4568 dicebatur
1205 4490 1503 4593 (Concil.
1545 4492 1607 4567 I.
1647 4493 1856 4569 Prov.
1900 4493 2359 4568 Mechlinien.
2399 4491 2535 4566 Tit.
2593 4493 2676 4565 de
2712 4489 2998 4591 Epis.):
3053 4494 3259 4569 cuius

572 4602 1078 4697 appellationis
1128 4626 1215 4682 ea
1264 4607 1582 4702 profecto
1633 4609 1740 4682 vis
1776 4614 1912 4699 est,
1950 4613 2033 4681 ut
2066 4607 2243 4681 satis
2286 4606 2669 4700 significet,
2710 4612 3094 4699 praesente
3127 4625 3256 4702 po-
