3497 5235
592 300 708 366 330
1342 313 1711 374 lustr-notioni·
1752 317 1805 374 8.
1837 318 2018 392 σαψ.
2048 319 2194 378 Gonu.
2235 321 2506 397 expositio.

591 443 673 509 ut
721 440 1088 514 servitium
1138 443 1425 519 chorale
1461 451 1671 522 certis
1725 459 2005 525 tantum
2046 454 2330 544 diebuS‚
2372 457 2480 527 vel
2533 455 2858 547 partibus
2894 455 3237 547 complea-

591 555 733 620 tur.
790 547 1102 626 Huiusce
1154 557 1622 632 emolliendae
1675 562 2098 657 disciplinae
2149 569 2598 657 potissimum
2652 587 2866 640 causa
2932 568 3072 640 fuit
3143 568 3233 639 rei

591 679 835 734 sacrae
887 663 1155 755 ubique
1193 667 1339 741 lere
1375 669 1567 743 hisce
1604 675 2044 764 temporibus
2081 679 2401 752 insecuta
2442 680 2781 767 turbati0‚
2820 680 3015 752 unde
3052 698 3237 770 prae-

590 779 702 845 ter
752 774 930 846 alias
981 795 1235 852 causas
1302 783 1376 852 in
1428 786 1674 874 primis
1727 791 2249 862 canonicalium
2321 794 2676 865 redituum
2748 800 2818 866 et
2877 794 3236 868 canonico-

589 902 746 955 rum
802 905 1140 962 numerus
1194 893 1432 966 multis
1486 897 1557 966 in
1609 897 1782 970 locis
1834 901 2219 990 plurimum
2272 906 2693 977 imminutus
2743 911 2879 977 est.
2937 901 3237 994 Quapro-

589 1002 748 1085 pter
798 998 951 1087 ipsa
1003 998 1181 1073 haec
1233 1001 1304 1073 S.
1347 1001 1838 1099 CongregatiO,
1897 1020 2001 1100 ut,
2043 1013 2279 1103 quoad
2333 1015 2481 1087 fieri
2521 1023 2787 1108 posset,
2829 1015 3237 1104 disciplinae

586 1104 881 1181 huiusce
935 1112 1077 1182 vim
1129 1120 1394 1186 sartam
1448 1125 1853 1211 tectamque
1905 1125 2303 1214 custodiat,
2360 1128 2714 1218 simulque
2783 1128 3096 1199 locorum
3161 1144 3237 1198 ac

587 1223 983 1312 temporum
1035 1225 1383 1298 rationem
1438 1228 1729 1320 habeat,
1780 1238 2070 1326 quando
2123 1239 2216 1311 ita
2272 1240 2603 1329 aequitas
2656 1239 2960 1311 suadere
3015 1238 3238 1310 videa-

587 1335 728 1418 tur,
786 1333 964 1405 solet
1015 1331 1402 1428 Episcopos
1454 1340 1748 1434 hortari,
1805 1354 1885 1419 ut
1934 1350 2315 1421 canonicos
2350 1351 2697 1424 inducant
2749 1351 2842 1422 ad
2892 1349 3084 1420 hanc
3132 1366 3242 1420 ve-

586 1440 778 1512 niam
830 1445 1132 1536 supplici
1186 1448 1427 1521 libello
1479 1458 2101 1545 expostulandam.
2154 1459 2518 1550 Siquidem
2574 1463 2725 1552 ipse
2775 1479 2978 1533 sacer
3029 1456 3235 1545 Orda,

583 1570 661 1624 re
713 1554 1253 1646 diligentissime
1297 1567 1646 1653 exposita,
1687 1576 2065 1661 postquam
2118 1574 2342 1644 iustas
2395 1574 3063 1664 impedimentorum
3117 1570 3241 1642 dil-

585 1663 1130 1758 ficultatumque
1182 1690 1436 1747 causas
1473 1684 1750 1751 maturo
1802 1671 2098 1755 consilio
2133 1685 2544 1757 discusserit
2595 1691 2667 1756 et
2717 1683 3234 1776 approbaverit,

586 1777 972 1852 accedente
1037 1784 1441 1858 testimonio
1509 1797 1581 1862 et
1632 1796 2254 1868 commendatione
2322 1798 2636 1888 ipsorum
2702 1794 3232 1887 Episcoporum,

587 1904 729 1959 non
783 1890 1040 1964 abnuit
1089 1901 1498 1972 eorumdem
1552 1905 1968 1993 petitionem
2022 1909 2346 2000 excipere
2398 1910 2598 1979 iuxta
2654 1907 2969 1994 modum,
3035 1924 3235 1996 quem

585 2001 811 2092 magis
864 2003 936 2073 in
990 2001 1286 2078 Domino
1337 2015 1672 2101 expedire
1726 2018 2116 2092 iudicatum
2168 2019 2411 2093 fuerit.

737 2112 902 2184 118.
959 2111 1064 2186 Ex
1119 2117 1256 2208 his,
1297 2140 1482 2210 quae
1520 2127 1730 2198 modo
1765 2131 2174 2218 statuimuS,
2208 2132 2514 2222 quisque
2565 2149 2694 2224 per
2744 2148 2821 2202 se
2872 2134 3109 2221 potest
3142 2130 3237 2199 in-

584 2221 794 2311 ferre,
833 2231 1258 2315 potestatem
1293 2235 1679 2309 reducendi
1715 2241 1983 2312 servitii
2021 2241 2324 2314 choralis
2376 2261 2597 2332 penes
2647 2240 3020 2314 Summum
3070 2238 3236 2311 Pon-

583 2333 788 2407 ficem
842 2341 1176 2429 residere,
1221 2344 1508 2418 minime
1560 2368 1727 2422 vero
1780 2370 2000 2441 penes
2050 2352 2466 2446 Episcopos.
2505 2349 2592 2426 In
2632 2355 3060 2427 Grossetana
3108 2353 3233 2421 iam

584 2452 907 2519 notatum
962 2458 1095 2539 est,
1139 2453 1313 2525 nihil
1368 2458 1469 2531 illi
1523 2458 1849 2552 Capitulo
1899 2465 2366 2556 suffragatum
2412 2465 2632 2538 fuisse
2670 2464 3076 2557 episcopale
3123 2462 3233 2533 de-

584 2564 856 2630 cretum
909 2563 1079 2635 anni
1129 2566 1375 2657 1669„
1417 2573 1691 2647 etiamsi
1748 2575 2049 2649 duorum
2102 2576 2247 2650 fere
2299 2579 2741 2651 saeculorum
2794 2575 3228 2649 observantia

582 2670 813 2743 eidem
849 2675 1132 2749 decreto
1185 2687 1626 2759 accessisset.
1687 2683 1825 2761 Sed
1879 2708 2009 2763 nec
2061 2694 2171 2765 ius
2222 2699 2331 2765 est
2381 2689 2732 2785 Episcopo
2785 2691 3231 2763 habitualiter

582 2785 962 2856 canonicos
1013 2806 1054 2857 a
1107 2790 1316 2864 choro
1368 2799 1675 2871 eximere
1731 2800 1948 2874 etiam
2004 2804 2076 2874 in
2130 2812 2333 2894 parte
2386 2806 2583 2878 iuxta
2620 2805 2722 2892 id,
2764 2804 2957 2894 quod
3011 2801 3233 2875 decla-

577 2900 813 2965 ratum
867 2904 974 2970 est
1026 2900 1099 2972 in
1150 2903 1564 2980 Lauretana
1617 2913 1940 3004 Dispens.
1998 2917 2119 2987 23.
2158 2917 2324 3008 Apr.
2372 2918 2586 2989 1853.
2638 2935 2770 3007 per
2805 2917 3004 2988 Sum.
3044 2931 3225 3006 prec-

577 3000 983 3097 Capitulum
1035 3009 1521 3090 Lauretanum
1582 3023 1657 3094 in
1712 3025 2007 3114 pacifica
2061 3033 2131 3100 et
2182 3028 2726 3103 immemorabili
2796 3026 3228 3117 possessione

577 3118 1001 3193 versabatur
1049 3143 1206 3197 sese
1256 3127 1743 3220 dispensandi.
1805 3157 1845 3207 a
1923 3140 2334 3212 recitatione
2411 3138 2903 3230 completorii,
2966 3153 3233 3210 necnon

580 3223 838 3302 Sextae
890 3250 974 3304 ac
1022 3231 1302 3325 Nonae,
1359 3259 1520 3314 cum
1573 3245 1917 3320 solemnia
1980 3246 2420 3323 Pontificalia
2491 3257 2995 3338 occurrerent,
3051 3265 3237 3321 eam-

579 3338 887 3429 demque
939 3349 1218 3420 veniam
1275 3352 1701 3443 implorandi
1758 3359 1848 3430 ab
1913 3358 2292 3455 Episcop0‚
2349 3364 2458 3434 vel
2521 3360 2801 3448 vicario
2853 3358 3233 3445 Generali‚

577 3468 734 3524 cum
789 3458 1387 3535 extraordinarias
1440 3466 1850 3543 functiones
1902 3473 2054 3547 fleri
2124 3476 2562 3566 contigisset.
2623 3471 2900 3565 Anceps
2934 3469 3239 3563 ,Episco-

573 3579 739 3653 puS,
798 3585 890 3637 an
943 3567 1352 3646 huiusmodi
1388 3581 1571 3651 ratio
1606 3581 1972 3657 abnormis
2025 3594 2213 3659 esset
2250 3606 2501 3677 necne,
2543 3587 2726 3660 sacri
2761 3584 3051 3658 Ordinis
3085 3601 3236 3656 ora-

576 3675 813 3747 culum
866 3689 1324 3769 percontatus
1375 3697 1509 3777 est,
1567 3694 1776 3783 eique
1813 3696 2057 3768 datum
2114 3697 2248 3770 fuit
2301 3717 2760 3789 responsum:
2822 3696 3228 3780 «Amisum,

577 3809 615 3851 ν
655 3788 744 3859 de
797 3807 938 3878 quo
990 3794 1265 3885 agitur,
1325 3817 1467 3872 non
1519 3819 1674 3876 esse
1745 3807 2290 3880 tolerandum.»
2347 3808 2519 3881 Cum
2588 3817 2830 3883 tamen
2898 3808 3077 3879 baec
3127 3820 3232 3876 res

570 3899 829 3973 iterum
883 3906 1109 3994 novis,
1169 3909 1566 4003 iisdemque
1618 3917 2084 4008 amplioribus
2145 3922 2425 3993 firmata
2481 3922 2882 4006 momenti&
2940 3919 3058 3991 die
3114 3916 3228 3986 17.

565 4007 735 4083 Dec.
776 4031 929 4103 seq.
975 4036 1132 4107 per.
1180 4021 1446 4094 Summ.
1479 4044 1796 4116 precum.
1840 4034 2197 4122 proposita
2236 4032 2516 4121 fuisset,
2558 4041 2628 4105 et
2662 4033 2957 4122 insuper
2992 4027 3235 4121 petitio

566 4123 817 4198 saltem
872 4145 959 4201 ex
1013 4133 1238 4222 gratia
1292 4135 1535 4208 addita
1583 4137 1863 4228 fuisset,
1903 4160 2322 4236 responsum
2375 4145 2663 4236 prodiit:
2726 4167 2763 4209 αι
2796 4139 2885 4213 In
2936 4138 3239 4214 decretis

566 4256 606 4301 ι
646 4243 717 4307 et
767 4239 859 4310 ad
913 4250 1264 4316 mentem:
1323 4266 1527 4319 mens
1581 4255 1714 4322 est:
1776 4255 2301 4327 consulendum
2346 4253 2589 4343 SSmo,
2626 4260 2708 4326 ut
2757 4253 3067 4325 facultas
3113 4249 3245 4320 im-

567 4367 607 4412 »
646 4351 994 4438 pertiatur
1043 4351 1393 4450 Episcopo
1428 4359 1896 4452 dispensandi
1954 4365 2026 4435 in
2080 4366 2382 4458 singulis
2419 4365 2716 4439 casibus
2767 4360 3242 4445 necessitatiS‚

568 4480 608 4525 ι
646 4470 939 4535 onerata
973 4468 1128 4538 eius
1162 4470 1625 4543 conscientia.
1662 4498 1700 4541 »
1760 4471 1989 4566 Super
2024 4475 2159 4550 hoc
2196 4485 2620 4568 argumento
2659 4473 3106 4551 attendenda
3141 4473 3249 4542 est

566 4570 905 4645 resolutio
957 4577 1049 4648 ad
1102 4587 1411 4667 quatuor
1462 4582 1682 4655 dubia
1736 4587 1810 4657 in
1865 4604 2080 4659 causa
2152 4591 2226 4662 S.
2287 4589 2659 4681 Hippolyti*
2708 4588 3002 4662 Servilii
3052 4580 3247 4657 chori

567 4686 633 4752 et
666 4682 928 4759 Missae
978 4706 1181 4761 conv.
1223 4692 1345 4763 23.
1388 4688 1547 4764 Ian.
1597 4695 1846 4783 1864„
1887 4696 2011 4768 ubi
2045 4699 2310 4772 allatae
2345 4699 2712 4773 doctrinae
2765 4694 3251 4772 confirmatio·
