3497 5235
574 289 655 351 82
833 276 860 304 ⁶
1327 292 1694 352 luuh-notioni·
1735 294 1788 350 8.
1817 292 2000 368 Oongr.
2027 293 2174 352 Oeno.
2214 293 2485 368 expositio.

573 429 926 522 acquisita
979 428 1228 518 fuisse,
1286 434 1676 520 antequam
1727 429 1819 501 ad
1872 427 2335 503 Feretranam
2396 428 2814 502 cathedram
2874 428 3240 500 ascendis-

574 549 710 630 set,
769 540 1093 632 adeoque
1144 559 1231 612 ex
1283 540 1492 613 bonis
1543 540 1634 614 ad
1687 541 2269 614 eamecclesiam
2321 541 2613 613 minime
2672 539 3231 633 pertinentibus

575 650 833 744 ltaque
880 650 1041 725 Enii
1090 649 1336 724 Patres
1367 703 1388 736 ‚
1444 652 1592 724 sive
1654 652 1846 742 quod
1914 652 2570 744 praesumptionem
2636 650 2888 724 cedere
2955 652 3240 724 veritati

575 763 841 837 debere
895 771 1379 854 autumarent,
1449 765 1602 836 sive
1654 763 1848 856 quod
1907 763 2014 836 liti
2067 761 2474 856 Capitulum
2524 781 2881 855 exponere
2929 763 3232 849 nollent,

572 876 1095 949 restitutionem
1163 874 1427 949 factam
1493 875 2050 949 ratihabendam
2101 875 2466 965 dixerunt,
2539 874 2727 947 facto
2796 874 3012 947 verbo
3073 893 3235 946 cum

575 983 790 1058 SSr‘no
842 986 933 1058 ad
969 987 1349 1076 cautelam,
1391 989 1516 1078 qui
1551 987 1854 1080 proinde
1890 987 2395 1061 resolutionem
2431 987 2903 1077 confirmavit,
2944 1004 3239 1077 unaque

572 1098 1005 1173 haeredibus
1054 1099 1440 1191 significari
1509 1100 1742 1188 iussit,
1814 1118 1966 1174 rem
2018 1100 2154 1173 sibi
2211 1108 2487 1192 gratam
2537 1099 2875 1187 facturos,
2933 1099 2992 1170 si
3043 1105 3241 1171 certa

575 1210 933 1302 quaedam
983 1219 1403 1302 paramenta
1458 1211 1853 1284 cathedrali
1902 1210 2331 1284 Ferentinae
2384 1212 2856 1301 remitterent,
2912 1217 2992 1283 ut
3038 1215 3243 1304 patet

573 1340 663 1394 ex
697 1319 1360 1413 FeretranaSpolii
1413 1323 1484 1394 4.
1533 1322 1753 1415 April.
1800 1324 2016 1395 1851.

723 1435 844 1508 66.
900 1431 1218 1508 vetitum
1268 1441 1403 1522 est,
1459 1430 1849 1527 Episcopos
1899 1436 2003 1508 uti
2056 1436 2495 1527 paramentis
2546 1434 2847 1507 alicuius
2897 1434 3244 1509 ecclesiae

574 1554 775 1619 extra
827 1547 1072 1618 illam:
1139 1545 1268 1618 sed
1316 1563 1443 1638 pro
1495 1546 1907 1638 peragenda
1964 1547 2368 1620 visitatione
2420 1547 2764 1619 dioecesis
2816 1552 3240 1638 paramenta

570 1657 758 1730 levia
810 1664 882 1730 et
934 1657 1171 1747 exigui
1220 1663 1552 1748 sumptus
1603 1675 2018 1749 comparare
2069 1658 2208 1731 sibi
2261 1657 2556 1746 debent,
2596 1675 2785 1747 quae
2836 1656 3044 1729 facile
3097 1657 3245 1732 huc

570 1768 743 1841 illuc
792 1767 1225 1843 circumferri
1275 1776 1626 1859 possunt:
1685 1771 1784 1841 ita
1841 1770 2172 1841 nimirum
2224 1771 2590 1861 rescripsit
2639 1768 2712 1841 S.
2754 1766 2829 1840 C.
2872 1766 3111 1861 Episc.
3164 1777 3241 1843 et

570 1877 832 1971 Regul.
890 1876 1241 1971 Episcopo
1291 1876 1684 1954 Savonensi
1736 1882 1855 1955 die
1908 1883 2029 1954 31.
2060 1876 2292 1956 Martii
2335 1883 2583 1970 1579„
2639 1887 2718 1954 ut
2770 1900 2857 1954 ex
2906 1878 3244 1974 Regestis

573 1990 647 2066 S.
688 1988 763 2062 C.
821 1991 1014 2066 illius
1066 1992 1265 2063 anni.
1307 1987 1484 2064 Vide
1528 1994 1744 2065 etiam
1781 1993 2234 2086 Fulqinaten.
2278 1990 2527 2084 Spolii,
2568 1993 2690 2065 27.
2731 1989 2964 2065 Martii
3017 1993 3237 2064 1858.

572 2103 879 2179 Massen.
946 2099 1097 2176 Iur.
1155 2100 1313 2175 Par.
1381 2111 1452 2176 et
1513 2100 1762 2196 Spolii‚
1818 2105 1940 2176 24.
1983 2104 2150 2197 Apr.
2198 2106 2411 2178 1858.
2469 2105 2898 2181 Maceraten.
2966 2105 3237 2177 Toleni.

573 2211 920 2286 Division.
961 2214 1176 2306 spol.,
1235 2215 1357 2286 24.
1399 2212 1579 2306 Aug.
1625 2217 1842 2288 1867.
3057 2269 3068 2280 .

719 2323 948 2451 quer
999 2324 1432 2398 utensilibus
1483 2326 1802 2417 proxime
1854 2328 2235 2418 praeterito
2287 2328 2571 2401 saeculo
2628 2333 3015 2401 tractatum
3067 2344 3244 2399 con-

570 2437 854 2528 scripsit
912 2435 1178 2509 Fabius
1245 2436 1335 2509 de
1392 2434 1722 2527 AlhertiS‚
1782 2455 2024 2529 quem,
2098 2439 2157 2512 si
2229 2438 2518 2529 quando
2570 2457 2749 2529 opus
2800 2439 3245 2531 sit‚‚poterit

574 2549 881 2641 quisque
932 2549 1325 2623 consulere.
1384 2547 1483 2623 De
1535 2549 1761 2645 spolio
1813 2554 2051 2644 potest
2099 2551 2316 2625 etiam
2386 2549 2566 2623 adiri
2642 2547 2951 2624 Ferraris
3017 2548 3244 2623 verbo

576 2661 917 2754 spolium.

777 2875 916 2928 Art.
945 2874 1026 2927 11.
1065 2874 1158 2928 De
1198 2875 1518 2929 erectione
1555 2876 1957 2942 praebendae
1994 2875 2383 2942 theologalis
2422 2878 2487 2930 et
2523 2875 3017 2943 poenitentiali&

699 3046 1126 3110 Sounamun.
1178 3045 1287 3107 67.
1338 3040 1501 3119 Quid
1550 3042 2003 3109 constituerint
2048 3040 2406 3109 Tridentini
2467 3047 2678 3109 Patres
2739 3062 2859 3130 pro
2908 3041 3246 3109 erectione

562 3144 968 3233 praebendae
1015 3143 1415 3231 theologalis.
1452 3179 1496 3192 -
1543 3147 1650 3211 68.
1704 3146 1867 3222 Quid
1915 3163 2036 3230 pro
2085 3145 2411 3211 erectione
2459 3141 2866 3229 praebendae
2897 3142 3245 3229 poeniten·

563 3248 807 3315 tiariae.
846 3282 888 3295 -
935 3248 1041 3312 69.
1096 3245 1504 3312 Tridentinae
1551 3246 1859 3313 sanctioni
1908 3266 2026 3333 pro
2075 3246 2245 3312 ltalia
2296 3257 2359 3313 et
2408 3247 2626 3313 insulis
2673 3246 3106 3312 adiacentibus
3139 3265 3246 3312 ac-

561 3349 750 3416 cessit
803 3348 1074 3415 Constit.
1131 3346 1372 3413 Bened.
1414 3350 1573 3413 Xlll.
1615 3348 1973 3414 Pastoralis
2001 3348 2274 3434 officii.-
2311 3348 2417 3413 70.
2455 3351 2522 3413 ln
2556 3348 3027 3415 cathedralibus
3070 3360 3249 3415 utra-

559 3472 688 3540 que
735 3448 1098 3539 praebenda
1147 3438 1462 3516 constitui'
1496 3448 1736 3517 debet:
1795 3450 1990 3534 idque
2039 3452 2205 3516 valet
2242 3451 2433 3515 etiam
2467 3468 2585 3535 pro
2620 3449 3240 3517 concathedralibuS.

559 3559 629 3623 In
677 3554 1022 3643 collegiatis
1068 3553 1199 3620 sola
1250 3553 1623 3641 theologalis
1673 3575 1755 3619 ex
1803 3554 1946 3642 lege
1994 3553 2293 3619 constitui
2346 3553 2581 3629 debet,
2650 3554 2799 3618 licet
2846 3552 3246 3640 quandoque

562 3659 719 3726 utile
767 3660 876 3735 sit,
928 3667 998 3722 ut
1046 3658 1239 3723 etiam
1285 3655 1768 3740 poenitentialis
1814 3655 2111 3722 addatur.
2161 3693 2203 3704 -
2256 3659 2362 3721 71.
2416 3654 2747 3733 Quomodo
2795 3654 2913 3722 hoc
2979 3654 3045 3720 in
3093 3675 3248 3721 casu

449 3820 456 3827 .
560 3760 965 3847 beneplacito
1002 3759 1367 3846 Apostolico
1403 3776 1563 3843 opus
1610 3760 1710 3822 sit.
1767 3763 1898 3824 lmo
1947 3758 1996 3822 si
2047 3759 2186 3842 quis
2236 3757 2316 3822 de
2362 3778 2477 3823 suo
2528 3757 2951 3842 theologalem
2987 3756 3249 3843 erigere

561 3863 744 3940 velit,
798 3880 1135 3949 perperam
1171 3861 1531 3946 Capitulum
1582 3859 1959 3926 cathedralis
2008 3860 2363 3926 obsisteret.
2395 3897 2438 3907 —
2474 3863 2578 3924 72.
2621 3862 2681 3928 Si
2730 3870 3000 3944 utraque
3049 3858 3250 3925 simul

562 3964 722 4053 erigi
772 3974 1086 4049 nequeat,
1151 3982 1277 4029 non
1328 3973 1420 4028 est
1468 3962 1785 4050 Episcopo
1837 3964 2111 4028 liberum
2173 3962 2706 4046 poenitentiariae
2769 3963 3248 4028 institutionem

561 4066 905 4152 theologali
955 4077 1370 4153 anteponere.
1406 4103 1449 4114 -
1474 4069 1590 4131 ,7:3.
1644 4070 1805 4132 Cum
1843 4066 2181 4151 theologali
2219 4067 2519 4153 coniungi
2558 4076 2895 4150 nequeunt
2930 4062 3248 4129 beneficia

562 4169 834 4233 obnoxia
884 4167 1186 4234 oneribus
1229 4185 1375 4255 cum
1428 4166 1650 4233 eadem
1701 4168 2308 4254 incompatibilibus.
2347 4204 2389 4217 -
2438 4170 2543 4232 74.
2587 4170 2694 4232 75.
2747 4166 2939 4231 Aliud
2982 4176 3078 4231 est
3114 4165 3245 4231 col-

560 4269 787 4356 legiata
835 4271 1125 4360 insignis,
1178 4268 1351 4336 aliud
1399 4270 1730 4358 collegiata
1779 4271 1847 4337 in
1896 4269 2138 4358 oppido
2188 4271 2447 4359 insigni.
2497 4269 2811 4357 Obligatio
2871 4269 3249 4354 theologalis

560 4371 906 4458 erigendae
954 4373 1144 4440 afficit
1191 4373 1548 4461 collegiatas
1601 4373 1662 4439 in
1697 4375 1940 4461 oppido
1976 4373 2234 4461 insigni.
2272 4372 2672 4461 Theologalis
2707 4371 2947 4438 erectio
2980 4389 3112 4436 non
3146 4381 3251 4436 est

558 4476 910 4543 necessaria
958 4475 1023 4544 in
1072 4477 1419 4563 collegiatis
1468 4478 1826 4556 civitatum,
1877 4476 1985 4543 ubi
2035 4476 2411 4545 cathedralis
2458 4475 2638 4543 adest
2685 4494 2829 4541 cum
2863 4472 3240 4561 theologali.

558 4575 774 4644 Sicubi
824 4596 979 4644 vero
1012 4579 1420 4668 eaerigenda
1447 4586 1554 4659 sit,
1606 4592 1942 4668 nequeunt
1986 4599 2056 4647 se
2104 4579 2480 4647 cathedralis
2527 4579 2813 4646 canonici
2863 4578 3001 4655 sine
3048 4578 3252 4644 ratio-

561 4678 759 4748 nabili
808 4700 985 4750 causa
1019 4702 1374 4771 opponere.
1407 4721 1452 4736 -
1486 4688 1592 4752 76.
1630 4682 1752 4752 Ubi
1782 4702 1903 4772 pro
1936 4684 2277 4771 theologali
2312 4703 2382 4751 ac
2413 4682 2909 4772 poenitentiaria
2938 4681 3248 4749 stabilem
