3497 5235
650 272 771 348 οη.
798 272 869 331 11.
908 275 980 333 n·
1019 274 1283 351 spi-om,
1322 275 1729 350 nonquam.
1769 276 1998 338 Primt·
2038 279 2095 337 ot
2132 278 2457 338 Putrinohs.
2499 277 2553 348 ξ.
2580 277 2630 335 2.
2858 278 2974 340 155

312 434 352 480 ν
389 409 533 481 Sua
583 407 926 482 firmitate
975 427 1107 482 sua
1160 410 1649 483 communivit.
1709 413 1781 484 8.
1839 407 2186 484 Novemb.
2253 411 2465 484 1843.
2506 411 2896 487 Abellinen.
2933 438 2972 482 »

313 517 549 617 (Apud
601 515 997 594 Gardellin.
1055 539 1254 593 num.
1299 517 1584 617 4974.).

442 632 565 702 22.
622 627 734 702 An
784 648 951 704 vero
1000 638 1162 723 post
1213 632 1536 722 elapsum
1586 651 1860 705 annum
1894 630 2218 707 Vicarius
2250 630 2678 727 Capitularis
2728 636 2978 708 visita-

301 743 513 816 tionis
561 741 965 834 explendae
999 741 1510 833 obligationem
1544 742 1841 832 habeat,
1886 746 2211 835 quaestio
2247 752 2382 830 est,
2423 765 2639 835 quam
2675 765 2811 820 nec
2844 747 2973 819 do-

300 861 553 941 ctorae,
610 870 745 925 nec
797 853 871 926 S.
912 852 985 925 C.
1028 854 1497 927 communiter
1547 855 1954 946 expendere
2005 856 2287 928 solent:
2346 851 2575 951 (aliud
2629 860 2820 930 enim
2860 865 2970 932 est

298 966 567 1040 habere
619 972 1043 1058 potestatem
1097 966 1403 1039 alicuius
1449 967 1550 1040 rei
1604 967 2015 1057 faciendae,
2087 967 2283 1040 aliud
2337 969 2431 1041 ad
2481 988 2639 1042 eam
2702 970 2972 1044 facien-

297 1080 460 1153 dam
498 1097 590 1152 ex
624 1080 693 1150 vi
729 1077 1188 1171 obligationis
1223 1078 1631 1176 adstringi),
1672 1099 1840 1151 nam
1895 1082 2346 1154 vacationem
2397 1082 2784 1156 cathedrae
2820 1084 2973 1177 epi-

293 1190 600 1283 scopalis
650 1190 837 1262 ultra
892 1208 1286 1282 congruum
1338 1196 1652 1282 tempuS‚
1709 1191 2000 1263 nonnisi
2052 1192 2638 1266 extraordinariis
2672 1212 2761 1266 ex
2795 1213 2971 1268 cau-

295 1303 414 1392 sis,
471 1301 796 1393 protrahi
849 1302 1226 1393 contingit,
1284 1300 1549 1392 quibus
1602 1303 1796 1394 leges
1846 1303 2043 1376 baud
2092 1306 2496 1396 prospicere
2547 1305 2806 1378 solent.

436 1416 563 1486 23.
622 1411 882 1486 Vicarii
920 1410 1310 1486 Generales
1345 1420 1714 1503 nequeunt
1750 1415 1907 1488 sine
1944 1412 2274 1505 Episcopi
2317 1415 2655 1489 mandato
2690 1435 2970 1490 sacram

294 1527 780 1599 visitationem
831 1526 1172 1617 explere3
1228 1543 1314 1598 ex
1367 1543 1451 1598 eo
1503 1527 1693 1599 enim
1747 1528 1943 1616 quod
1993 1524 2390 1599 Tridentini
2441 1526 2713 1617 Patres,
2771 1546 2972 1602 acco-

295 1639 510 1713 dente
567 1639 882 1730 legitimo
932 1635 1264 1729 Episcopi
1317 1638 1858 1728 impedimento,
1915 1638 2151 1711 eidem
2203 1638 2595 1729 inculcant,
2652 1647 2732 1711 ut
2782 1639 2972 1713 banc

294 1751 398 1824 sui
459 1750 838 1823 ministerii
888 1757 1167 1841 partem
1219 1766 1348 1840 per
1397 1745 1754 1822 vicarium
1809 1747 2231 1823 Generalem
2282 1752 2692 1842 suppleant,
2741 1753 2975 1823 mani-

293 1860 470 1935 festo
524 1862 1016 1934 demonstrare
1066 1859 1424 1948 videntur,
1482 1855 1782 1935 Vicariis
1832 1860 2082 1932 iisdem
2134 1862 2494 1952 propriam
2545 1880 2692 1933 non
2737 1863 2969 1938 inesse

295 1979 726 2066 potestatem
778 1972 1180 2045 visitandae
1230 1971 1662 2061 dioeceseos,
1720 1972 2327 2062 quemadmodum
2366 1975 2764 2048 communis
2807 1993 2973 2048 sen-

297 2086 520 2158 tentia
576 2089 650 2156 et
700 2083 1078 2175 disciplina
1132 2083 1365 2156 docet.
1424 2081 1739 2155 Ferraris
1807 2082 2023 2155 verbo
2087 2083 2387 2157 Visitare
2456 2103 2653 2157 num.
2717 2088 2831 2159 19.
2889 2092 2963 2160 et

300 2192 597 2269 Barbos.
640 2195 726 2267 de
765 2194 954 2288 Offic.
994 2200 1061 2268 et
1097 2194 1258 2267 Pot.
1302 2195 1435 2286 Ep.
1494 2193 1715 2286 Alleg.
1754 2194 1873 2265 75.
1918 2215 1994 2265 n.
2026 2196 2149 2266 28.

434 2307 563 2378 24.
624 2303 808 2378 Olim
861 2302 1432 2400 Metropolitani,
1488 2310 1872 2397 postquam
1923 2306 2305 2381 dioecesim
2367 2327 2572 2382 suam
2633 2311 2827 2383 omni
2881 2328 2968 2383 ex

296 2426 493 2512 parte
548 2419 687 2492 rite
722 2417 1357 2509 perlustraverant,
1397 2417 1509 2489 ius
1542 2417 1970 2490 obtinebant
2016 2419 2640 2512 Suffraganeorum
2677 2441 2968 2496 suorum

299 2531 657 2605 dioeceses
710 2529 1093 2623 visitandi3
1147 2547 1344 2601 nunc
1394 2545 1558 2600 vero
1611 2546 1698 2600 ex
1743 2528 2208 2621 dispositione
2245 2529 2534 2605 Concilii
2571 2530 2968 2606 Tridentini

300 2639 484 2717 Sess.
525 2644 652 2716 24.
711 2660 869 2734 cap.
911 2645 984 2715 3.
1040 2641 1125 2714 de
1177 2640 1329 2729 Res.
1389 2641 1798 2712 huiusmodi
1851 2642 1964 2713 ius
1998 2644 2384 2717 coercitum
2421 2650 2529 2716 est
2563 2646 2691 2733 ita,
2733 2652 2814 2717 ut
2847 2663 2969 2717 eo-

302 2754 455 2827 dem
506 2755 619 2827 uti
673 2760 1070 2844 nequeant,
1125 2753 1262 2825 nisi
1313 2770 1398 2823 ex
1452 2770 1667 2824 causa
1715 2754 1998 2843 cognita
2052 2759 2123 2825 et
2176 2754 2481 2845 probata
2534 2755 2607 2826 in
2659 2753 2969 2828 Concilio

296 2866 713 2957 provinciali
764 2860 975 2961 (Vide
1012 2862 1170 2936 Sac.
1205 2861 1422 2955 Cong.
1465 2859 1705 2953 Episc.
1747 2871 1818 2937 et
1854 2861 2195 2956 Regular.
2245 2866 2548 2941 Caiazzo
2582 2872 2646 2937 et
2692 2865 2969 2937 Theano

301 2978 417 3050 22.
462 2976 633 3069 Apr.
684 2978 895 3049 1603.
953 2973 1179 3048 Nicol.
1222 2974 1446 3046 Flosc.
1504 2973 1722 3046 verbo
1770 2975 2093 3048 Visitatio
2126 2976 2363 3048 ordin.
2421 2994 2495 3047 n.
2537 2976 2645 3063 2.,
2684 2973 2962 3046 Ferrar.

296 3087 446 3161 loco
480 3090 607 3160 cit.
668 3106 742 3158 n.
784 3084 970 3184 20.).
1028 3083 1113 3157 Id
1167 3084 1630 3159 confirmatur
1681 3103 1770 3157 ex
1822 3103 1935 3174 e0,
1992 3087 2214 3176 quod,
2271 3093 2561 3178 petente
2612 3083 2969 3178 Episcopo

297 3196 590 3274 Laonen
639 3197 976 3288 Hibern.,
1035 3195 1109 3269 S.
1149 3196 1225 3270 C.
1282 3196 1674 3269 declaravit
1727 3194 1843 3268 die
1913 3197 2029 3268 13.
2088 3193 2255 3268 Maii
2310 3198 2559 3284 1631„
2616 3194 2973 3288 Metropo-

298 3310 523 3385 litano
578 3331 724 3387 non
777 3329 933 3385 esse
983 3312 1405 3404 permissum
1460 3308 1745 3380 visitare
1799 3308 2178 3382 dioecesim
2229 3307 2563 3399 Episcopi
2624 3307 2970 3398 suffraga-

301 3425 446 3513 nei,
499 3424 640 3495 nisi
695 3423 787 3495 ad
839 3421 1361 3515 praescriptum
1411 3416 1580 3512 Cap.
1623 3419 1695 3489 3.
1753 3437 1928 3492 sess.
1969 3422 2090 3493 24.
2141 3422 2225 3494 de
2263 3422 2416 3515 Res.
2474 3418 2676 3504 Quod
2727 3420 2971 3492 decre-

298 3539 452 3606 tum
501 3532 842 3608 Urbanus
891 3531 1092 3606 VIII.
1150 3552 1278 3626 per
1329 3533 1571 3604 literas
1603 3530 1764 3630 ‘diei
1819 3533 1890 3603 6.
1935 3529 2126 3606 Iunii
2181 3535 2502 3608 eiusdem
2554 3534 2726 3605 anni
2764 3532 2973 3606 datas

300 3645 728 3737 approbavit
779 3640 1005 3740 (Bull.
1047 3646 1290 3739 Maon.
1346 3651 1521 3717 tom.
1569 3637 1686 3712 VI.
1745 3641 1825 3714 P.
1867 3640 1930 3715 1.
1991 3665 2154 3737 pag.
2198 3644 2437 3740 277.).

449 3753 660 3846 Quin,
717 3756 940 3830 dubio
993 3758 1394 3849 proposito:
1457 3779 1494 3820 αι
1536 3755 1638 3829 An
1673 3758 1926 3832 ceteris
1960 3755 2333 3850 Episcopis
2385 3756 2860 3849 suffraganeis
2896 3758 2972 3828 in

303 3889 343 3932 »
383 3869 799 3960 provinciali
850 3866 1135 3959 Synodo
1187 3870 1830 3958 consentientibuS,
1876 3868 2067 3958 quod
2102 3888 2343 3942 eorum
2380 3866 2969 3961 Metropolitanus

295 4000 337 4043 ι»
380 3986 674 4052 cunctas
724 3981 1132 4073 provinciae
1184 3980 1544 4054 dioeceses
1595 3981 1859 4069 visitet,
1916 3987 2013 4067 et,
2071 3999 2215 4053 uno
2267 3982 2646 4054 dumtaxat
2706 3979 2974 4052 Suffra-

296 4111 338 4154 ι»
384 4107 605 4180 ganeo
658 4090 1136 4165 dissentiente
1172 4092 1247 4162 in
1283 4109 1392 4179 eo,
1435 4092 1626 4182 quod
1665 4093 1863 4164 nulla
1900 4090 2088 4165 adsit
2128 4094 2520 4166 necessitas
2554 4090 2971 4164 huiusmodi

295 4222 338 4267 »
381 4200 809 4274 visitationis
845 4201 1242 4292 faciendae,
1285 4202 1750 4275 nihilominus
1786 4204 2009 4295 possit
2046 4199 2637 4295 Metropolitanus
2684 4204 2972 4277 visitare

296 4333 338 4376 ι»
381 4309 762 4385 dioecesim
831 4311 1274 4405 suffraganei
1325 4311 1873 4387 dissentientis?
1917 4341 1953 4381 ›
2029 4313 2101 4385 S.
2146 4312 2486 4407 Congreg.
2545 4315 2965 4405 respondit:

292 4442 334 4486 ι
375 4416 721 4514 Negative
762 4449 799 4492 ›
877 4425 1255 4497 Hiberniae
1305 4426 1427 4497 29.
1468 4422 1816 4497 Novemb.
1864 4426 2077 4497 1687.
2136 4426 2331 4515 apud
2382 4423 2728 4527 Zamboq.
2792 4427 2965 4500 Coll.

287 4530 485 4605 decl.
543 4536 613 4607 S.
660 4536 994 4630 Conpreq.
1048 4536 1346 4610 Concilii
1413 4536 1627 4609 verbo
1679 4535 2106 4629 Archiepisc.
2165 4534 2322 4609 Vol.
2386 4537 2453 4608 1.
2510 4533 2585 4633 ἓ.
2648 4538 2715 4610 1.
2773 4556 2850 4608 n.
2890 4538 2963 4607 2.

295 4661 479 4736 pag.
524 4646 685 4717 154.
