3497 5235
581 288 696 351 162
1334 288 1703 347 humationi·
1743 288 1799 345 Β.
1827 288 2011 362 oona.
2038 287 2187 347 Οοιο.
2227 287 2502 363 monitio.

730 424 850 495 42.
911 420 996 496 At
1049 440 1193 493 non
1229 422 1420 492 omni
1459 440 1543 493 ex
1582 428 1786 512 parte
1829 421 2130 493 visitans
2169 418 2561 513 Episcopus
2594 433 2726 492 suo
2763 436 3058 491 munere
3092 415 3257 488 fun-

579 544 737 610 ctus
787 535 921 608 sibi
977 534 1362 620 videbitur,
1420 536 1480 606 si
1535 542 1693 626 post
1741 534 1922 607 haec
1974 535 2248 607 nullum
2299 535 2598 606 ulterius
2646 534 2736 605 de
2789 532 3032 620 rebuS,
3073 548 3258 621 quas

579 651 652 721 in
708 650 1116 721 visitatione
1169 647 1582 738 providerit,
1643 649 2004 737 negotium
2042 646 2176 718 sibi
2218 645 2550 719 facessat.
2591 641 2744 727 Qua
2783 645 2857 716 in
2897 663 2970 716 re
3004 643 3258 715 audiat

577 759 845 834 Bened.
892 757 1079 832 XIV.
1137 761 1211 831 in
1261 756 1558 831 Constit.
1608 759 1736 832 Ubi
1779 759 2095 849 primum
2146 759 2288 831 diei
2341 760 2414 830 3.
2460 757 2624 831 Dee.
2672 758 2889 831 1840.
2943 755 3016 852 ξ.
3059 758 3135 827 8.
3177 756 3258 826 in

578 874 741 962 tin„
798 872 922 944 ubi
975 871 1367 964 Episcopos
1426 872 1525 942 ita
1580 872 2011 960 alloquitur:
2090 894 2127 936 ι
2169 867 2307 944 Sed
2361 881 2599 961 neque
2651 872 2867 942 etiam
2919 869 3095 940 satis
3143 872 3259 940 est

582 1009 621 1053 i>
663 985 944 1056 lustrari
1005 1005 1045 1055 a
1098 983 1301 1056 vobis
1336 983 1724 1070 dioeceses,
1768 990 1840 1055 et
1875 985 2299 1074 opportunis
2338 981 2963 1074 praeceptionibus
2997 981 3259 1054 vestris

582 1119 621 1163 s
660 1097 1011 1168 curationi
1062 1114 1311 1168 earum
1361 1112 1517 1166 esse
1570 1101 2077 1185 prospectum:
2152 1100 2375 1167 restat
2425 1101 2496 1166 et
2550 1093 2730 1167 illud
2780 1095 2990 1167 enixe
3043 1092 3263 1184 perfi-

584 1235 621 1278 ›
660 1209 995 1280 ciendum
1047 1226 1088 1278 a
1140 1207 1368 1295 vobiS,
1407 1213 1516 1292 ut,
1557 1207 1854 1295 quaein
1902 1206 2433 1280 visitationibus
2485 1207 2873 1278 constituta
2927 1205 3256 1292 luerunt,

580 1345 618 1390 »
660 1339 827 1392 vere
878 1321 949 1390 in
1005 1319 1334 1391 eflectum
1390 1304 1926 1410 perducantur:
1985 1337 2150 1389 nam
2204 1318 2439 1410 legum
2479 1321 2611 1390 etsi
2648 1319 3075 1412 optimarum
3118 1318 3264 1390 uti-

578 1433 826 1504 »litas
879 1432 1074 1503 nulla
1129 1432 1290 1517 erit,
1348 1432 1513 1518 nisi,
1572 1431 1762 1519 quod
1816 1431 2172 1502 sancitum
2225 1429 2463 1501 verbis
2511 1436 2646 1517 est,
2688 1449 2763 1502 re
2801 1431 2953 1520 ipsa
2990 1429 3083 1501 ab
3118 1431 3257 1520 εἰς,

579 1567 618 1612 »
658 1544 749 1615 ad
803 1562 981 1634 quos
1020 1545 1358 1634 pertinet,
1397 1543 1713 1616 studiose
1751 1549 2195 1633 praestetur:
2252 1539 2702 1633 Quapropter
2747 1549 3124 1635 postquam
3162 1542 3260 1617 ad

579 1677 618 1722 »
656 1655 1056 1728 animarum
1113 1655 1396 1727 morbos
1447 1654 1937 1747 expellendoS,
1978 1657 2126 1726 sive
2172 1657 2599 1727 avertendos
2650 1656 2991 1728 salutaria
3046 1675 3264 1750 para-

579 1790 618 1834 »
661 1768 861 1840 vistis
915 1768 1480 1856 medicamenta,
1535 1785 1679 1839 non
1746 1768 1932 1855 ide0,
2007 1765 2417 1839 sollicitudo
2486 1773 2720 1839 vestra
2790 1769 3261 1857 conquiescat

579 1901 618 1946 »
657 1885 976 1969 oportet3
1017 1879 1138 1950 sed
1181 1879 1601 1951 traditorum
1640 1899 1679 1949 a
1717 1879 1919 1949 vobis
1957 1885 2497 1969 praeceptorum
2536 1880 2898 1953 exsecutio
2933 1880 3258 1952 omniurn

579 2012 618 2057 »
658 1991 913 2062 virium
966 1991 1423 2063 contentione
1476 1991 1796 2082 urgenda
1834 1997 1985 2061 est:
2044 1991 2261 2080 idque
2311 1991 2755 2082 potissimum
2794 2009 2921 2083 per
2959 1993 3258 2064 iteratas

577 2126 615 2171 »
657 2103 1102 2175 visitationes
1135 2104 1308 2174 estis
1356 2104 1779 2176 assecuturi.
1816 2127 1855 2171 i>
1911 2098 2168 2191 ltaque
2224 2121 2446 2194 penes
2498 2103 2840 2192 plurimos
2882 2102 3258 2177 Antistites

576 2213 751 2284 illud
792 2215 1196 2286 institutum
1233 2233 1361 2307 pro
1398 2233 1588 2288 more
1640 2221 1989 2303 seri-atur,
2034 2221 2110 2286 ut
2146 2223 2307 2305 post
2351 2232 2476 2288 sex
2518 2233 2798 2288 menses
2834 2216 2926 2287 ab
2964 2216 3258 2306 expleta

573 2325 978 2396 visitatione
1030 2326 1271 2397 dedita
1324 2343 1538 2417 opera
1593 2327 1963 2417 inquisitio
2001 2327 2150 2414 fiat,
2193 2345 2286 2400 an
2324 2327 2611 2418 singula
2649 2328 2933 2401 decreta
2975 2331 3049 2401 in
3089 2338 3262 2403 actu

572 2437 1003 2509 visitationis
1037 2439 1228 2510 edita
1267 2440 1396 2511 rite
1433 2440 1871 2512 exsecutioni
1911 2441 2249 2512 mandata
2288 2438 2600 2511 fuerint:
2660 2457 2845 2529 quae
2882 2441 3261 2530 inquisitio

573 2550 1084 2623 contro-visita
1134 2558 1596 2644 nuncupatur
1655 2545 2118 2646 (Consulatur
2168 2548 2478 2642 Crispin·
2537 2551 2671 2624 loc.
2714 2552 2837 2624 cit.
2893 2548 2965 2647 ἓ.
3016 2553 3205 2651 18.).

1434 2827 1768 2897 Appendix
1807 2828 1883 2881 de
1920 2827 2384 2897 procuratione.

705 3024 1132 3089 Summarum
1185 3024 1295 3087 43.
1335 3023 1614 3087 Affertur
1659 3021 1992 3087 decretum
2044 3026 2236 3088 Conc.
2276 3019 2452 3089 Trid.
2493 3024 2655 3088 circa
2691 3023 3246 3110 procurationem.

568 3122 733 3189 Nihil
783 3124 951 3190 aliud
1003 3135 1258 3212 exigant
1308 3128 1599 3211 Episcopi
1654 3138 1913 3209 praeter
1959 3125 2277 3192 victualia.
2328 3124 2390 3192 Si
2444 3139 2654 3191 tamen
2692 3126 3093 3192 consuetudo
3128 3140 3251 3206 est,

568 3244 651 3291 ne
686 3229 977 3293 victualia
1014 3230 1278 3314 quidem
1314 3232 1678 3315 exigantur,
1718 3229 1908 3313 gratis
1941 3230 2147 3291 omnia
2187 3224 2467 3293 iacienda
2502 3240 2678 3292 sunt.
2707 3263 2751 3276 -
2783 3232 2890 3294 44.
2929 3231 3066 3294 Non
3103 3232 3258 3297 licet

566 3334 905 3414 pecuniam
957 3344 1021 3396 et
1070 3332 1364 3396 victualia
1411 3332 1598 3396 simul
1648 3331 1968 3415 accipere,
2022 3350 2103 3395 ne
2138 3342 2290 3396 tunc
2324 3333 2617 3416 quidem,
2653 3333 2702 3396 si
2740 3351 2987 3418 pauper
3035 3352 3257 3401 mensa

569 3430 758 3497 t'oret.
796 3468 839 3481 -
873 3438 977 3500 45.
1020 3436 1276 3499 Etiamsi
1331 3435 1643 3519 pecuniae
1695 3436 1928 3498 taxatio
1973 3435 2242 3498 stabilita
2292 3434 2522 3509 luerit,
2581 3453 2844 3520 semper
2891 3446 3107 3501 tamen
3157 3450 3257 3504 est

566 3536 631 3599 in
667 3538 930 3620 optione
962 3557 1213 3614 eorum,
1253 3538 1359 3622 qni
1412 3537 1773 3612 visitantur,
1809 3537 2105 3602 victualia
2142 3537 2281 3601 loco
2318 3538 2629 3622 pecuniae
2677 3538 3255 3605 subministrare.-

567 3640 674 3707 46.
731 3637 828 3704 Ad
880 3639 1259 3706 visitationis
1307 3658 1617 3723 expensas
1676 3649 1981 3704 tenentur
2045 3638 2299 3725 parochi
2366 3661 2482 3727 pro
2534 3653 2659 3705 rata
2714 3643 3060 3726 temporis»,
3116 3664 3250 3728 quo

564 3742 902 3826 parochiae
954 3762 1173 3808 eornm
1229 3742 1585 3808 visitantur.
1624 3779 1666 3790 -
1703 3747 1808 3808 47.
1849 3746 2001 3807 Item
2055 3762 2443 3828 possessores
2493 3742 2952 3809 beneficiorum
3001 3747 3250 3832 simpli·

564 3845 734 3908 cium
785 3856 849 3910 et
897 3846 1432 3930 capellaniarum,
1486 3864 1648 3931 quae
1695 3846 2118 3912 conseruntur
2168 3848 2231 3911 in
2285 3847 2565 3911 titulum.
2603 3882 2646 3895 -
2697 3851 2802 3913 48.
2858 3851 3012 3913 Item
3060 3850 3254 3916 soda-

564 3944 772 4011 litates
818 3946 1066 4032 aliaque
1116 3948 1214 4034 pia
1265 3948 1440 4027 loca,
1497 3950 1799 4014 ecclesiae
1850 3959 1913 4013 et
1962 3952 2367 4013 monasteria.
2418 3987 2461 3998 -
2513 3953 2617 4016 49.
2675 3954 2830 4016 ltem
2900 3953 3251 4038 Regulares

559 4046 903 4115 visitationi
957 4051 1212 4115 obnoxii
1263 4050 1399 4115 sine
1449 4053 1703 4136 speciali
1759 4051 2106 4135 privilegio
2140 4062 2205 4116 et
2243 4052 2355 4138 ipsi
2399 4065 2723 4119 tenentur.
2759 4090 2802 4101 -
2836 4056 2941 4119 50.
2984 4056 3072 4119 De
3106 4074 3254 4120 mu-

558 4148 813 4234 nicipiis
863 4171 1034 4216 nunc
1082 4151 1483 4227 affirmative,
1524 4172 1691 4217 nunc
1729 4154 2029 4237 negative
2067 4155 2405 4237 respondit
2453 4157 2515 4222 S.
2559 4157 2629 4220 C.
2671 4158 2867 4220 Cone.
2898 4193 2942 4204 -
2977 4161 3084 4222 51.
3126 4159 3250 4224 Pro

561 4255 842 4317 vecturis
891 4264 956 4318 et
1014 4254 1340 4321 serraturis
1402 4274 1717 4340 equorum
1783 4255 2013 4320 visitati
2081 4275 2208 4320 non
2279 4270 2603 4322 tenentur.
2641 4295 2684 4306 -
2733 4263 2839 4325 52.
2893 4261 3028 4337 Quo
3077 4278 3251 4327 anno

559 4356 912 4440 Episcopus
961 4377 1088 4423 non
1139 4359 1386 4433 visitat,
1451 4363 1967 4443 procurationem
2019 4377 2147 4424 non
2196 4360 2390 4446 capit.
2450 4361 2576 4425 Etsi
2643 4361 2887 4445 pluries
2950 4363 3014 4426 in
3078 4380 3250 4429 anno

558 4458 802 4535 visitet,
859 4478 1042 4526 unam
1096 4462 1265 4548 capit
1316 4465 1861 4549 procurationem.
1897 4498 1940 4510 -
1974 4466 2082 4528 53.
2121 4465 2376 4527 Praeter
2423 4464 2940 4549 procurationem
2992 4465 3250 4531 nullum

558 4559 733 4626 aliud
786 4580 1015 4629 munus
1065 4566 1418 4650 Episcopus
1466 4578 1677 4652 potest
1723 4566 2038 4652 accipere.
2073 4601 2119 4615 -
2151 4569 2256 4630 54.
2295 4565 2559 4642 Quando
2610 4568 2961 4653 Episcopus
3010 4586 3130 4653 per
3175 4588 3248 4635 se

566 4682 695 4732 non
744 4665 990 4745 visitat,
1044 4671 1411 4754 procuratio
1458 4687 1589 4735 non
1636 4669 1937 4747 debetur,
1995 4667 2046 4735 si
2098 4668 2182 4734 ita
2228 4668 2628 4737 consuetudo
2677 4670 2823 4737 lert.
2858 4706 2903 4720 -
2950 4674 3059 4738 55.
3113 4673 3246 4739 Nec
