3497 5235
1357 332 1621 392 Praefatio
1661 335 1908 392 tuom-in.
2892 353 2956 397 x1

315 465 511 552 dium
572 450 975 554 afferrem.
1023 467 1106 553 Si
1149 468 1341 578 quid
1401 499 1727 580 perraro
1770 477 2161 573 occurrat,
2208 474 2419 581 quod
2485 471 2957 558 auctoritate

309 630 450 688 non
492 603 822 707 nitatur,
872 606 953 691 id
996 607 1381 692 eiusmodi
1421 607 1599 710 erit,
1647 615 1739 692 ut
1778 609 1976 693 nihil
2039 618 2357 719 praeter
2419 610 2959 697 testimonium

309 770 562 826 meum
628 772 952 853 possem
1015 745 1395 854 proferre,
1441 748 1571 831 cui
1635 746 1962 858 proinde
2026 775 2204 833 eam
2269 752 2658 859 praebeas
2723 750 2959 834 fidem

308 907 437 989 per
496 906 641 966 mo
695 882 906 984 licet,
953 911 1198 992 quam
1259 887 1798 994 praebendam
1860 913 2004 995 pro
2066 891 2207 971 tuo
2269 886 2558 971 iudicio
2623 915 2957 973 censue-

307 1016 426 1101 ris.
471 1019 688 1123 Quin
750 1020 934 1123 imo,
980 1020 1298 1106 tametsi
1362 1022 1444 1108 id
1506 1021 1876 1109 videatur
1916 1024 2120 1109 forte
2188 1026 2702 1134 superfluum,
2750 1025 2958 1109 nihi-

308 1154 639 1239 lominus
707 1158 1196 1242 admonitum
1257 1168 1339 1245 te
1413 1160 1631 1263 volo,
1693 1188 1822 1249 me
1902 1163 2025 1247 uti
2088 1163 2483 1273 privatum
2558 1163 2960 1248 hominem

304 1291 753 1379 huiusmodi
817 1296 1113 1405 scripta
1177 1297 1647 1402 condidisse,
1693 1301 2016 1388 minime
2081 1327 2293 1401 vero,
2343 1308 2426 1386 et
2469 1329 2615 1388 nec
2678 1328 2957 1411 ungue

303 1431 620 1539 quidem
684 1434 803 1517 uti
867 1434 1286 1520 officialem
1352 1436 1486 1523 SS.
1534 1438 1686 1523 OC.
1745 1439 1915 1524 sive
1979 1438 2335 1542 Concilii,
2399 1439 2564 1525 sive
2629 1439 2960 1548 Episco-

302 1596 578 1678 porum
641 1576 724 1655 et
785 1573 1340 1682 Regularium,
1387 1576 1678 1684 quibus
1739 1576 2242 1687 mancipatus
2322 1605 2523 1660 sum.

474 1711 919 1795 Praeterea
982 1740 1221 1821 parce
1291 1714 1721 1798 admodum
1785 1716 2197 1800 doctorum
2272 1714 2773 1825 opinionibus
2837 1712 2959 1796 in-

304 1847 528 1932 nixus
600 1877 804 1952 sum,
848 1848 930 1933 in
973 1850 1070 1935 iis
1133 1851 1631 1962 praesertim,
1677 1856 1776 1938 de
1822 1853 2116 1963 quibus
2159 1853 2241 1937 in
2286 1861 2713 1961 utramque
2777 1877 2960 1960 par-

306 1990 458 2070 tem
522 2016 573 2071 a
642 1988 1096 2072 doctoribus
1138 1989 1617 2100 disputatur,
1657 1991 1726 2074 si
1790 1994 2063 2077 demas
2108 1990 2457 2100 aliquam
2520 1988 2961 2074 theoricam

309 2125 747 2209 doctrinam
811 2127 1009 2211 nulli
1072 2128 1313 2213 dubio
1381 2129 1824 2229 obnoxiam,
1870 2156 1969 2214 ex
2031 2129 2364 2214 maioris·
2414 2127 2751 2212 nominis
2816 2127 2961 2209 do·-

306 2263 656 2348 ctoribus
717 2264 1075 2372 petitam,
1136 2272 1414 2376 utpote
1479 2273 1669 2350 sunt
1738 2268 2044 2352 Bened.
2124 2267 2337 2354 XIV.
2374 2329 2396 2367 ,
2468 2266 2904 2374 Fagnanus
2937 2326 2960 2365 ,

306 2402 571 2505 Petra,
618 2400 912 2511 aliique
974 2402 1056 2486 iu
1122 2405 1483 2488 Romana
1549 2404 1767 2488 curia
1853 2403 2471 2490 exercitatiores·
2538 2405 2645 2486 Et
2709 2426 2956 2485 sane:

307 2540 491 2649 quid
555 2539 781 2625 hisce
847 2568 1047 2651 opus
1115 2548 1311 2644 erat,
1359 2571 1542 2626 cum
1591 2547 1710 2628 tot
1775 2543 1857 2630 S,
1900 2540 2637 2652 Congregationum
2701 2537 2960 2623 almae

302 2680 538 2764 Urbis
607 2679 809 2763 scita
873 2709 966 2764 ac
1038 2679 1330 2790 placita
1394 2681 1590 2766 satis
1680 2709 2079 2791 superque
2142 2682 2225 2765 in
2306 2684 2677 2789 promptu
2753 2676 2959 2779 sint,

303 2819 766 2927 eademque,
811 2823 905 2901 ut
965 2816 1419 2926 plurimum,
1495 2820 1795 2929 ignota,
1872 2819 2060 2929 quia
2124 2826 2490 2905 recenter
2577 2817 2813 2918 edita,
2876 2821 2964 2902 et

306 2954 627 3064 quidem
681 2957 781 3038 ad
830 2983 1068 3040 usum
1110 2957 1737 3066 frequentiorem
1780 2955 2500 3068 opportunissima&
2574 2965 2613 3004 “
2654 2955 2735 3042 Si
2780 2954 2960 3064 quis

310 3157 346 3197 ,‚
395 3123 443 3178 a
474 3092 707 3178 nobis
744 3093 1199 3204 expostulet
1233 3094 1613 3208 (perbelle
1646 3096 1762 3178 ait
1795 3097 2097 3180 Bened.
2114 3096 2328 3183 XIV.
2346 3096 2958 3183 Instit.eccl.107.

314 3295 351 3333 „
398 3265 473 3318 n.
517 3232 715 3344 VJ.),
751 3259 894 3315 cur
929 3232 1218 3318 Sacrae
1254 3236 1546 3343 Oongr.
1579 3235 1901 3318 decreta
1943 3232 2417 3342 scriptorum
2464 3230 2963 3340 opinionibus

314 3433 349 3472 „
391 3371 965 3473 anteferamuS,
1002 3399 1244 3455 causa
1276 3376 1598 3481 praesto
1641 3380 1787 3455 est.
1823 3370 2092 3454 Primo
2128 3369 2549 3479 scriptores
2583 3371 2681 3455 de
2715 3394 2964 3478 quae-

313 3575 350 3613 „
397 3510 795 3595 stionibus
856 3514 1102 3596 verba
1153 3512 1480 3613 faciunt,
1526 3510 1704 3596 illas
1750 3516 2024 3597 autem
2088 3510 2165 3597 S.
2216 3508 2760 3619 Congregatio
2805 3505 2966 3589 dis·
3059 3569 3068 3578 ,

316 3713 352 3753 „
400 3649 663 3734 solvit.
711 3650 1105 3752 Secundo,
1172 3677 1352 3733 cum
1426 3649 2019 3759 interpretanda
2084 3648 2543 3734 Tridentina
2608 3647 2963 3754 Synodus

316 3850 353 3888 „
404 3787 879 3898 plerumque
946 3787 1073 3890 sit,
1127 3786 1430 3874 Summi
1496 3786 1918 3874 Pontifices
1988 3788 2309 3873 Sacram
2383 3776 2965 3894 Congregatio-

315 3990 352 4028 „
403 3952 593 4012 nem
687 3927 1076 4012 eiusmodi
1168 3925 1457 4034 Synodi
1551 3924 1803 4011 solam
1876 3925 2398 4035 interpretem
2480 3928 2961 4008 statuerunt.

316 4129 351 4167 „
403 4065 705 4169 Tertio,
751 4064 1481 4174 impudentissimus
1549 4071 1788 4165 esset,
1833 4063 1970 4173 qui
2036 4064 2586 4163 contenderet,
2646 4058 2965 4144 maioris

315 4266 352 4306 „
406 4203 778 4314 ponderis
843 4204 1301 4288 habendum
1370 4230 1545 4288 esse
1608 4201 2007 4322 privatum
2074 4198 2506 4301 hominem,
2566 4198 2703 4307 qui
2769 4224 2965 4282 suae

318 4406 357 4445 „
410 4349 726 4427 tantum
760 4343 1045 4427 mentis
1088 4340 1386 4426 lumine
1423 4339 1767 4439 ducitur,
1800 4368 2040 4450 quam
2086 4337 2567 4424 sententiam
2608 4335 2968 4448 praecla-

317 4542 353 4580 „
403 4480 697 4564 rissimi
739 4487 1037 4581 coetuS,
1073 4507 1313 4588 quem
1357 4477 1822 4588 amplissimi
1856 4476 2341 4578 CardinalcS,
2378 4474 2964 4562 ecclesiasticae

320 4678 359 4720 „
407 4617 867 4729 disciplinae
898 4624 981 4704 et
1008 4646 1414 4703 sacrorum
1450 4645 1843 4703 canonum
1870 4616 2353 4727 peritissimi,
2389 4617 2957 4716 constituunt„
