3497 5235
596 290 718 367 ⁰⁸1»-
742 290 812 349 11.
850 292 928 350 De
964 292 1228 368 Episcopo,
1266 292 1676 368 Archiopinoopm
1713 293 1945 352 Primt·
1984 295 2043 353 et
2079 295 2412 354 Patrium.
2455 298 2510 371 ἓ.
2536 297 2589 354 8.
2818 293 2933 355 169

270 425 516 510 causis,
572 442 663 495 ex
714 424 983 514 quibus
1031 424 1292 516 aliquis
1345 423 1697 517 Episcopo
1731 426 2102 499 subiectus
2136 433 2292 515 est;
2349 427 2439 500 de
2475 428 2929 501 ordinatione

264 532 775 626 Regularium3
832 536 1123 610 tandem
1175 538 1266 609 de
1319 537 1602 609 duobus
1652 538 1952 611 indultis
1987 544 2197 612 extra
2229 544 2578 632 tempora,
2612 546 2678 612 et
2712 540 2935 613 inter·

266 647 608 719 stitiorum
660 650 1129 739 nuncupatis,

525 886 670 940 Art.
705 886 756 941 1.
796 887 889 942 De
928 888 1320 954 obligatione
1354 887 1817 957 Episcoporum
1855 888 2186 942 ordinandi
2223 904 2337 956 per
2375 889 2653 957 seipsos.

379 1087 816 1152 Sunuaumu.
855 1086 963 1149 62.
1004 1081 1302 1171 Episcopi
1353 1101 1473 1168 per
1499 1102 1566 1149 se
1602 1082 1772 1168 ipsos
1804 1080 2069 1148 Ordines
2104 1082 2398 1149 conferre
2434 1094 2764 1162 tenentur,
2810 1084 2933 1151 nisi

267 1188 657 1274 aegritudine
706 1185 1161 1272 impediantur.
1198 1222 1242 1235 -
1273 1189 1382 1251 63.
1422 1188 1615 1251 Causa
1662 1185 2084 1271 aegritudiuis
2133 1187 2255 1252 late
2289 1187 2655 1271 accipienda
2691 1200 2810 1265 est,
2852 1188 2934 1255 ita

265 1300 321 1353 ut
358 1288 643 1374 quodvis
690 1287 866 1354 aliud
911 1289 1206 1354 similiter
1237 1307 1432 1374 grave
1478 1306 1548 1351 ac
1599 1288 1969 1354 rationabile
2004 1288 2543 1374 impedimentum
2581 1302 2929 1355 excuset.-

266 1395 352 1458 62.
377 1395 514 1457 lura
539 1411 782 1456 sacram
810 1390 1277 1457 ordinationem
1309 1389 1710 1475 respicientia
1740 1390 2122 1466 innuuntur,
2153 1409 2224 1457 ac
2249 1389 2624 1476 praesertim
2655 1394 2927 1457 Constit.

263 1496 459 1559 innoc.
501 1496 640 1559 XII.
687 1494 1142 1577 Speculatores.
1179 1529 1222 1541 -
1256 1495 1363 1559 55.
1403 1495 1687 1570 Quatuor
1733 1512 1813 1557 ex
1862 1494 2061 1557 causis
2093 1493 2320 1577 aliquis
2356 1493 2673 1579 Episcopo
2704 1493 2934 1560 subiici

261 1610 484 1683 potest,
538 1618 780 1685 nempe
828 1600 1071 1663 ratione
1116 1597 1422 1682 beneficii,
1460 1598 1755 1678 oriyinis,
1793 1595 2128 1668 domicilii,
2164 1595 2680 1680 familiaritatis,
2715 1596 2938 1681 Expli-

264 1712 453 1777 catur,
506 1721 678 1788 quae
724 1701 850 1766 sint
897 1701 1117 1766 literae
1166 1698 1586 1774 dimissoriae,
1640 1717 1805 1783 quae
1857 1697 2335 1763 testimoniales.
2368 1734 2412 1746 -
2443 1701 2551 1763 66.
2589 1700 2760 1775 Quae
2804 1699 2935 1765 sint

261 1805 515 1889 proprie
569 1803 1022 1869 testimoniales
1067 1800 1144 1867 ad
1195 1800 1520 1875 eflectum,
1572 1798 1656 1865 de
1705 1819 1834 1885 quo
1881 1800 2115 1886 agitur,
2155 1812 2224 1865 ut
2264 1799 2342 1865 ab
2374 1800 2506 1866 aliis
2539 1799 2933 1887 distinguan-

261 1916 376 1971 tur.
408 1943 459 1954 -
490 1909 605 1973 67.
647 1909 714 1971 ln
765 1903 1134 1972 dimissoriis
1182 1905 1455 1989 exprimi
1508 1903 1703 1970 debet
1752 1924 1957 1981 causa,
2009 1925 2126 1970 cur
2170 1904 2655 1991 promovendus
2702 1925 2733 1969 a
2782 1923 2933 1990 pro-

258 2008 388 2093 prio
443 2008 768 2094 Episcopo
815 2026 946 2073 nou
996 2006 1359 2073 ordinetur.
1411 2004 1814 2071 Dimissoriae
1864 2008 2023 2073 ultra
2076 2005 2407 2084 bimestre,
2458 2009 2559 2072 vel
2613 2007 2936 2072 trimestre

259 2130 373 2177 non
418 2123 579 2177 sunt
625 2110 1077 2187 attendendae,
1129 2109 1247 2176 nisi
1300 2110 1457 2176 iusta
1497 2129 1676 2175 causa
1722 2109 2097 2176 intercedat.
2138 2108 2539 2175 Dimissoriae
2573 2129 2692 2197 pro
2727 2110 2937 2175 mino-

257 2213 422 2279 ribus
473 2212 845 2290 Ordinibus,
899 2232 1026 2278 non
1073 2213 1287 2278 valent
1333 2231 1450 2298 pro
1496 2211 1839 2278 Ordinibus
1874 2211 2216 2277 maioribus
2246 2210 2695 2297 suscipiendis.
2737 2212 2934 2277 Multo

257 2317 460 2383 minus
494 2327 794 2402 patentes
841 2334 960 2401 pro
1008 2315 1209 2401 prima
1246 2326 1526 2381 tonsura.
1567 2317 1633 2380 ln
1667 2312 2042 2379 dimissoriis
2077 2326 2141 2381 et
2177 2314 2704 2379 testimonialibus
2737 2313 2935 2380 debet

256 2437 382 2484 esse
431 2417 776 2503 inscriptio
825 2420 1234 2483 Miseratione
1279 2418 1503 2484 divina
1534 2426 1595 2481 et
1633 2416 1807 2481 Sedis
1840 2416 2233 2500 Apostolicac
2276 2420 2516 2500 qratia.
2572 2419 2740 2494 Quae
2789 2438 2937 2483 cau-

255 2520 458 2587 tiones
507 2519 802 2586 adhiberi
851 2517 1153 2596 debeant,
1192 2532 1263 2585 ut
1295 2517 1687 2585 dimissoriae
1720 2519 2128 2585 authenticae
2162 2539 2193 2584 a
2231 2519 2392 2585 salsis
2426 2520 2931 2607 distinguantur,

254 2625 618 2689 remissive.
655 2659 699 2671 -
732 2626 840 2688 68.
881 2625 1168 2690 vicarius
1216 2622 1539 2690 Generalis
1570 2625 1705 2714 sine
1737 2624 1997 2709 speciali
2036 2625 2331 2690 mandato
2364 2623 2749 2691 dimissorias
2782 2645 2940 2691 con·

252 2724 488 2792 cedere
536 2745 668 2790 non
720 2736 961 2810 potest.
993 2761 1036 2773 -
1084 2729 1190 2791 69.
1238 2726 1589 2812 Episcopus
1639 2725 2022 2791 dimissorias
2070 2723 2427 2791 concedere
2491 2729 2719 2812 nequit
2778 2728 2935 2793 laico

249 2826 322 2894 ad
369 2827 766 2894 beneficium
817 2829 880 2894 in
925 2848 1034 2893 sua
1082 2828 1357 2894 dioecesi
1412 2840 1839 2916 praesentum,
1873 2828 1921 2892 si
1960 2829 2217 2914 quando
2250 2828 2599 2913 Episcopus
2635 2828 2937 2914 proprius

249 2942 579 2996 tonsuram
615 2932 673 2996 ei
711 2929 1074 3018 denegavit.
1103 2967 1147 2979 -
1176 2934 1280 2996 70.
1320 2930 1583 2996 Praelati
1638 2931 1973 2996 inferiores
2019 2933 2244 2997 tertiae
2275 2930 2507 3017 speciei
2548 2930 2937 2996 dimissorias

246 3033 613 3100 concedere
662 3045 996 3118 nequeunt
1042 3034 1180 3099 sine
1229 3033 1486 3118 speciali
1540 3032 1907 3120 privilegi0.
1958 3035 2183 3118 Neque
2246 3034 2483 3120 pariter
2540 3031 2769 3098 Vicarii
2822 3035 2934 3098 Ca-

243 3137 559 3222 pitulares
610 3133 774 3200 intra
823 3154 1103 3211 annum,
1157 3136 1274 3200 nisi
1325 3136 1577 3200 arctatis
1626 3134 1872 3201 ratione
1923 3135 2258 3211 beneficii,
2313 3147 2580 3221 excepta
2633 3146 2932 3215 tonsura,

242 3250 308 3303 ut
355 3257 430 3304 n.
468 3256 614 3323 seq.
670 3237 904 3302 Vicarii
957 3237 1351 3322 capitulares
1400 3236 1785 3303 dimissorias
1832 3239 2301 3314 concedentes,
2355 3257 2605 3304 necnon
2654 3239 2938 3325 promoti

245 3351 468 3406 contra
517 3338 893 3406 huiusmodi
945 3340 1210 3405 lormam
1261 3359 1416 3425 quas
1465 3357 1700 3424 poenas
1750 3341 2101 3406 incurrant.
2137 3377 2180 3389 -
2229 3345 2334 3406 7¹.
2392 3342 2754 3428 Capitulum
2806 3360 2938 3407 non

235 3452 458 3526 potest
503 3442 626 3506 sibi
680 3459 1008 3508 reservare
1059 3444 1247 3508 ullam
1298 3454 1546 3529 partem
1597 3443 2078 3519 iurisdictionis,
2114 3445 2228 3510 sed
2271 3443 2336 3509 in
2373 3444 2691 3510 Vicarium
2730 3457 2940 3510 totum

243 3545 603 3610 transferre
652 3543 871 3610 debet.
926 3547 1144 3629 ltaque
1196 3544 1370 3611 idem
1419 3546 1783 3631 Capitulum
1836 3545 1950 3611 nisi
2002 3564 2122 3631 per
2169 3565 2315 3612 eum
2366 3546 2755 3613 dimissorias
2788 3566 2942 3613 con-

237 3645 485 3711 cedere
533 3665 669 3712 non
720 3657 951 3733 potest.
1007 3648 1293 3713 vicarius
1328 3648 1705 3734 capitularis
1741 3647 1896 3712 infra
1932 3647 2115 3715 Sedis
2147 3649 2423 3715 vacantis
2456 3669 2690 3716 annum
2726 3660 2944 3734 potest

235 3747 615 3815 concedere
663 3747 1051 3816 dimissorias
1099 3748 1176 3815 ad
1226 3748 1495 3836 primam
1549 3763 1870 3816 tonsuram
1921 3769 2049 3816 non
2099 3763 2361 3818 arctato.
2416 3755 2554 3819 Non
2604 3755 2755 3818 item
2822 3771 2940 3838 pro

234 3852 653 3939 assequenda
685 3852 1024 3939 pensione.
1077 3855 1289 3918 Potest
1334 3864 1547 3917 autem
1596 3852 1751 3918 laico
1800 3854 1872 3920 ad
1928 3853 2309 3920 beneficium
2357 3868 2760 3941 praesentato
2793 3874 2942 3922 cum

232 3956 651 4043 obligatione
697 3957 1029 4023 clericatus
1071 3956 1233 4021 intra
1269 3955 1763 4040 quadrimestre,
1802 3976 2054 4023 necnon
2088 3958 2339 4024 habenti
2380 3958 2759 4025 beneficium
2796 3978 2944 4026 cum

232 4078 447 4125 onere
512 4058 882 4125 celebrandi
946 4078 1067 4147 per
1111 4080 1179 4125 se
1230 4059 1466 4145 ipsum.
1517 4095 1560 4107 -
1609 4062 1714 4124 72.
1772 4063 2055 4126 Vicat-ius
2121 4059 2498 4146 capitularis
2560 4060 2946 4127 dimissorias

230 4161 576 4249 expedire
624 4174 838 4249 potest
872 4164 956 4240 ei,
995 4162 1094 4228 cui
1128 4162 1206 4227 ab
1241 4162 1556 4248 Episcopo
1606 4162 1669 4227 in
1721 4165 1943 4228 mortis
1991 4163 2260 4229 articulo
2308 4163 2571 4229 eaedem
2606 4181 2944 4231 concessae

229 4266 546 4331 luerunt.
602 4264 889 4330 Vicarius
938 4265 1340 4352 capitularis,
1395 4266 1610 4350 elapso
1657 4283 1846 4342 anno,
1899 4277 2113 4351 potest
2161 4266 2529 4351 dispensare
2591 4284 2791 4352 super
2850 4266 2947 4333 in·

225 4366 578 4444 terstitiis,
635 4367 826 4432 etiam
878 4387 995 4454 pro
1041 4369 1292 4432 arctatis
1342 4366 1500 4433 infra
1534 4384 1797 4431 annum.
1839 4369 2163 4452 Necipse,
2204 4385 2320 4431 nec
2356 4362 2721 4450 Capitulum
2761 4368 2947 4435 iuris-

222 4469 608 4536 dictionem
663 4468 872 4535 forsan
939 4468 1175 4536 habens
1233 4488 1432 4552 super
1480 4469 1807 4534 territorio
1853 4482 2169 4556 separat0,
2223 4487 2345 4533 nec
2391 4468 2505 4532 alia
2556 4468 2832 4555 dignitas
2880 4472 2948 4539 in

223 4573 558 4661 Episcopi
611 4570 1125 4639 iurisdictionem
1171 4571 1525 4637 succedens
1570 4570 1932 4637 concedere
1979 4581 2193 4657 potest
2241 4570 2626 4637 dimissorias
2676 4593 2792 4661 pro
2842 4593 2946 4639 or-

222 4674 554 4744 dinandis
602 4673 796 4741 titulo
843 4675 1174 4762 pensionis
1221 4674 1323 4740 vel
1371 4673 1769 4760 patrimonii.
1805 4708 1849 4721 -
1899 4677 2009 4740 73.
2060 4674 2293 4740 vicarii
2343 4675 2719 4761 Apostolici,
2776 4675 2947 4744 Sede
