3497 5235
1092 272 1165 333 D·
1203 272 1506 333 adhucne
1545 274 1813 333 suetorum
1848 273 2107 333 Liuiam.
2835 268 2908 336 ¹3

422 407 542 480 29.
583 403 1083 479 Pontificatum
1117 405 1482 479 obtinente
1525 404 1916 478 Alexandro
1947 403 2064 478 lv,
2100 413 2529 499 compertum
2568 409 2701 494 est,
2734 423 2908 476 non-

296 519 514 592 nullos
580 514 1014 610 Episcopus,
1070 525 1148 590 ut
1198 517 1288 589 ab
1342 518 1782 590 incommodo
1831 514 2134 589 Romani
2207 518 2478 589 itineris
2550 534 2704 588 sese
2764 516 2911 588 exi-

300 637 585 716 merent,
642 628 919 700 indulta
987 628 1319 722 specialia
1374 635 1519 700 tum
1573 627 1664 700 ab
1716 624 2130 700 Innocentio
2183 624 2336 714 IV„
2393 635 2539 699 tum
2593 626 2684 698 ab
2760 628 2909 720 ipso

296 740 685 814 Alexandro
731 739 1019 830 petiisse
1053 745 1124 812 et
1159 740 1599 831 impetrasse,
1652 757 1741 812 ne
1792 740 1998 813 statis
2034 738 2468 829 temporibus
2502 746 2913 811 tenerentur

295 853 375 924 ad
429 852 831 943 Apostolica
885 848 1161 922 Limina
1212 869 1287 923 se
1336 851 1613 939 sistere,
1668 858 1738 922 et
1766 850 2174 923 relationem
2212 857 2441 922 status
2475 868 2763 920 suarum
2802 867 2915 922 ec-

296 965 659 1036 clesiarum
709 960 1073 1035 exhibere,
1129 959 1383 1034 Verum
1436 959 1757 1033 Pontifex
1802 962 1989 1033 edita
2028 958 2537 1033 Constitutione
2576 961 2909 1053 incipien.

296 1076 699 1165 Importuna
767 1073 978 1145 nimis
1034 1068 1233 1143 xlu.
1298 1068 1535 1143 Nonas
1602 1071 1898 1164 Augusti
1954 1072 2164 1142 1257.
2220 1071 2453 1143 omnia
2513 1071 2911 1143 huiusmodi

296 1184 565 1259 indulta
616 1191 915 1257 eatenus
965 1202 1296 1258 concessa
1346 1186 1725 1269 revocavit,
1785 1190 1862 1256 ut
1913 1184 2146 1254 videre
2198 1189 2306 1253 est
2365 1183 2553 1275 apud
2606 1179 2917 1273 Raynal-

295 1299 452 1371 dum
481 1297 579 1370 ad
613 1315 787 1368 ann,
828 1298 1036 1369 1257.
1079 1315 1152 1368 n.
1195 1297 1348 1383 50„
1390 1313 1665 1368 necnon
1702 1298 1774 1366 in
1811 1293 1998 1367 Bull.
2033 1291 2213 1386 Mag,
2257 1300 2424 1366 tom,
2467 1296 2910 1385 3,pag,383,

299 1432 333 1474 ‹
368 1409 556 1481 Sane
608 1408 932 1480 nonnulli
1000 1403 1131 1502 (ita
1201 1407 1332 1505 ibi)
1403 1407 1855 1481 ecclesiarum
1911 1404 2206 1479 Praelati
2270 1405 2732 1478 obtinuerunt
2780 1405 2917 1479 sibi

301 1546 334 1587 ι
371 1537 497 1609 per
549 1515 802 1590 Sedem
857 1516 1324 1609 Apostolicam
1377 1519 1773 1609 importune
1825 1517 2140 1604 concedi,
2196 1523 2275 1589 ut
2327 1534 2467 1588 non
2505 1525 2921 1590 tenerentur

301 1655 334 1696 ι
372 1628 627 1700 Sedem
682 1629 1001 1700 eamdem
1062 1648 1287 1719 usque
1322 1629 1413 1701 ad
1448 1636 1635 1700 certa
1677 1635 1991 1721 tempora
2031 1629 2311 1700 visitare
2347 1634 2586 1700 contra
2626 1626 2917 1699 formam

303 1766 336 1807 ι
372 1737 695 1829 praestiti
746 1740 1211 1812 iuramenti...
1242 1763 1280 1805 ›
1334 1736 1457 1810 Cui
1513 1739 1950 1811 incommodo
1983 1757 2344 1811 occurrere
2396 1739 2615 1829 cupit,
2675 1761 2711 1805 ‹
2752 1739 2917 1827 quia

301 1873 335 1915 ‹
375 1868 519 1923 non
571 1856 682 1922 est
718 1849 921 1922 facile
959 1851 1425 1922 recedendum
1463 1849 1552 1922 ab
1606 1868 1714 1937 en,
1757 1850 1946 1941 quod
1997 1871 2038 1921 a
2087 1850 2745 1940 praedecessoribus
2798 1869 2923 1921 no-

302 1963 540 2034 ›stris
589 1979 803 2052 super
870 1961 1002 2034 boc
1068 1962 1190 2034 diu
1258 1963 1725 2054 excogitatum
1779 1964 2011 2035 extitit
2073 1970 2143 2035 et
2193 1962 2608 2051 obtentum3
2679 1964 2919 2051 itaque

306 2099 339 2139 ι
380 2073 469 2145 de
524 2072 819 2145 fratrum
871 2079 1266 2145 nostrorum
1302 2074 1591 2145 consilio
1644 2073 2119 2164 indulgentias
2152 2080 2222 2146 et
2257 2074 2743 2147 concessiones
2794 2073 2924 2144 hu-

304 2208 340 2251 »
378 2183 685 2255 iusmodi
737 2181 1211 2271 PatriarchiS,
1268 2182 1850 2274 Archiepiscopis,
1906 2180 2302 2275 Episcopis,
2365 2182 2782 2272 abbatibus,
2851 2193 2921 2258 et

306 2319 342 2364 ›
381 2294 543 2365 aliis
592 2294 1044 2366 ecclesiarum
1119 2291 1457 2368 Praelatis
1508 2312 1904 2382 concessas,
1960 2295 2376 2368 auctoritate
2444 2298 2919 2386 praesentium

304 2430 340 2474 ›
378 2423 817 2478 revocamus,
863 2430 899 2473 ›
963 2403 1129 2478 Vide
1181 2403 1542 2477 Benedict.
1580 2401 1769 2476 xlv,
1825 2406 1876 2477 l,
1918 2407 2037 2477 cit,

446 2516 568 2590 30.
628 2513 1344 2588 Animadvertendum
1381 2515 1495 2588 bic
1544 2522 1675 2605 est,
1719 2534 1972 2588 munus
2025 2516 2432 2590 relationem
2469 2517 2556 2589 de
2592 2523 2780 2590 statu
2810 2534 2923 2590 ec·

300 2628 558 2701 clesiae
586 2628 995 2712 exhibendi,
1032 2633 1104 2699 et
1136 2646 1336 2699 sacra
1372 2625 1647 2700 Limina
1688 2629 2170 2720 Apostolorum
2209 2629 2515 2702 adeundi
2555 2648 2924 2703 commune

299 2739 419 2813 bic
466 2737 714 2810 baberi
767 2756 923 2809 cum
982 2737 1399 2827 AbbatibuS,
1455 2745 1526 2811 et
1576 2738 1733 2810 aliis
1783 2740 2234 2812 ecclesiarum
2287 2737 2650 2812 Praelatis,
2694 2738 2920 2814 Etiam

299 2849 679 2941 Gregorius
727 2845 890 2919 v11.
946 2848 1258 2920 eiusdem
1310 2849 1603 2922 huiusce
1639 2850 1738 2920 rei
1779 2851 2250 2921 testimonium
2313 2850 2633 2942 perbibet
2673 2853 2739 2921 iu
2779 2854 2925 2939 epi-

299 2963 483 3034 stola
538 2961 626 3033 ad
683 2957 1047 3052 Hugonem
1098 2956 1628 3033 Cluniacensem
1671 2959 2040 3049 Abbatem,
2081 2962 2168 3033 de
2205 2978 2344 3050 qua
2379 2978 2592 3051 supra
2645 2956 2757 3054 (n,
2789 2957 2922 3057 22)

303 3073 523 3148 verba
579 3072 896 3144 lecimus,

378 3257 385 3264 ,
448 3185 573 3257 31.
635 3184 1084 3257 Abstinemus
1134 3183 1225 3256 ab
1277 3184 1435 3256 aliis
1486 3184 1861 3257 afferendis
1897 3183 2397 3272 monumentiS,
2437 3199 2621 3273 quae
2673 3182 2764 3254 ad
2802 3201 2926 3273 po-

301 3296 670 3367 steriorem
738 3302 1040 3368 aetatem
1094 3293 1521 3383 referuntur3
1578 3313 1885 3385 namque
1938 3296 2191 3384 cuique
2258 3294 2540 3367 obvium
2594 3302 2700 3368 est
2754 3294 2924 3366 iuris

301 3405 624 3478 canonici
694 3422 947 3496 corpus
1015 3407 1385 3497 inspicere,
1440 3408 1514 3478 in
1568 3424 1707 3497 quo
1761 3413 1901 3478 tam
1957 3411 2304 3498 copiosam
2358 3415 2743 3498 aptamque
2795 3406 2928 3478 hu-

300 3516 606 3589 iusmodi
677 3518 775 3587 rei
835 3517 1338 3611 supellectilem
1389 3519 1708 3590 invenire
1761 3518 1994 3607 datur,
2053 3523 2128 3591 ut
2205 3520 2523 3592 inutilem
2578 3539 2662 3591 ac
2712 3519 2924 3609 plane

302 3643 820 3718 supervacuum
871 3627 1181 3700 laborem
1233 3646 1589 3701 assumere
1639 3628 2060 3718 videremur,
2100 3630 2158 3701 si
2208 3649 2435 3722 pauca
2472 3631 2684 3703 etiam
2735 3648 2926 3702 sum-

303 3740 442 3811 mis
491 3738 712 3810 veluti
763 3738 1063 3831 pedibus
1114 3757 1705 3832 percurreremus,
1751 3777 1760 3786 ·

451 3850 571 3922 32.
629 3848 719 3923 At
769 3849 995 3924 Iacere
1046 3868 1188 3923 non
1241 3869 1637 3945 possumne,
1678 3852 1853 3942 quin
1906 3851 2465 3946 chronologicam
2514 3869 2926 3926 monumen-

303 3968 533 4036 torum
586 3962 883 4048 seriem,
940 3981 1155 4052 quam
1204 3963 1438 4036 adbuc
1489 3966 2039 4054 praetexuimus,
2121 3965 2534 4039 claudamus
2606 3966 2924 4058 exemplo

305 4070 376 4144 S.
416 4069 644 4144 Caroli
698 4069 1119 4161 Borromaei,
1159 4072 1248 4145 de
1285 4091 1424 4163 quo
1460 4072 1849 4146 Giussanus
1885 4076 1954 4147 in
1993 4078 2143 4148 eius
2179 4078 2319 4148 vila
2357 4082 2681 4164 testatur,
2723 4096 2926 4148 num-

305 4201 518 4272 quam
569 4182 925 4255 destitisse
975 4183 1065 4253 ab
1123 4181 1603 4273 Apostolorum
1655 4182 2051 4258 Liminibus
2128 4188 2335 4260 tertio
2403 4204 2685 4276 quoque
2736 4206 2924 4260 anno

303 4292 702 4365 visitandis,
758 4288 940 4375 Quin
993 4294 1129 4365 imo
1183 4300 1253 4366 et
1304 4294 1452 4387 ipse
1503 4290 1573 4365 S,
1616 4292 1905 4368 Carolus
1957 4298 2028 4368 in
2078 4294 2379 4369 Concilio
2431 4316 2562 4370 suu
2596 4295 2928 4370 Mediola-

306 4405 507 4477 nensi
558 4399 680 4475 v1.
738 4405 1071 4477 constitui
1122 4407 1432 4494 curavit,
1490 4414 1610 4494 ut,
1668 4407 1957 4496 quando
2008 4409 2190 4480 inter
2239 4409 2703 4483 ordinationis
2753 4428 2923 4481 suae

305 4515 644 4588 solemnia
696 4515 1031 4590 iurabant
1082 4535 1157 4589 se
1191 4518 1489 4608 singulis
1541 4520 1750 4589 annis
1787 4527 2241 4592 monumenta
2297 4521 2778 4613 Apostolorum
2818 4521 2926 4591 in-

306 4629 570 4703 visuros
646 4647 734 4703 ne
813 4635 1057 4702 contra
1112 4629 1532 4701 residenti-m
1588 4629 1774 4720 leges
1827 4637 1966 4701 tam
2022 4630 2264 4703 crebro
2335 4650 2416 4705 ac
2482 4632 2603 4704 diu
2655 4631 2923 4704 subdu-
