3497 5235
681 339 801 401 212
1426 342 1796 400 lustrationis
1837 342 1890 398 Β.
1921 341 2104 416 Oongr.
2134 342 2280 400 Ocno.
2321 344 2589 418 expositio.

678 480 815 551 lico
867 476 1126 550 Montis
1185 477 1408 566 videi,
1451 478 1725 549 adiecta
1783 478 2192 549 conditione
2241 472 2495 570 (quam
2547 480 2618 550 S.
2667 477 2860 549 Sedis
2909 473 3283 563 disciplinae

678 611 1064 665 consonam
1099 608 1253 662 esse
1291 592 1495 664 docet
1547 589 1818 662 Bened.
1863 587 2052 660 XIV.
2096 592 2226 663 loc.
2270 593 2392 663 cit.
2435 610 2592 681 cap.
2631 589 2705 662 8.
2748 612 2817 661 η.
2854 586 2986 677 2.),
3024 594 3098 657 ut
3130 585 3286 655 chri-

676 723 826 777 sma
858 704 1230 776 adhiberet
1260 722 1301 773 a
1338 703 1685 774 catholico
1718 702 2051 775 Antistite
2090 703 2516 775 conlectum.
2552 701 2913 773 Praedicta
2947 717 3027 769 ex
3059 699 3279 787 quest.

674 816 995 887 eiusdem
1048 813 1119 885 S.
1161 812 1234 885 C.
1279 814 1450 885 anni
1511 817 1723 886 1838.
1771 833 1841 884 n.
1890 815 2003 885 10.
2046 824 2235 905 part.
2278 811 2338 884 1.

828 927 990 998 130.
1037 926 1368 997 Summus
1406 923 1757 1012 Pontifex,
1802 926 2191 997 accedente
2227 927 2414 997 iusta
2462 943 2707 1012 causa,
2748 919 3116 1013 aliquando
3144 913 3284 1006 Epi-

674 1040 904 1129 scopis
957 1036 1367 1108 facultatem
1421 1037 1590 1108 facit
1644 1039 2070 1128 designandi
2126 1037 2669 1127 deputandique
2723 1035 3136 1108 sacerdotem
3183 1028 3289 1098 ali-

673 1167 888 1238 quem
943 1150 1381 1220 saecularem
1433 1158 1571 1219 seu·
1611 1152 2050 1240 regularem,
2111 1149 2233 1237 qui
2288 1148 2438 1219 oleo
2492 1149 2582 1220 ab
2638 1151 2936 1241 ipsomet
2984 1142 3285 1233 Episcopo

669 1260 1044 1332 benedicto
1081 1260 1330 1331 fideles
1379 1261 1775 1346 confirmet,
1841 1281 1973 1331 ceu
2033 1277 2188 1331 sese
2241 1259 2492 1332 secisse
2562 1261 2768 1332 docet
2821 1255 3075 1330 Bened.
3126 1247 3282 1323 xlv.

672 1373 800 1444 loc.
845 1375 964 1444 cit.
1009 1374 1128 1443 lib.
1176 1374 1377 1444 XIII.
1420 1392 1578 1462 cap.
1625 1372 1741 1444 15.
1788 1392 1861 1443 η.
1909 1372 1979 1444 1.

821 1486 985 1555 131.
1024 1480 1214 1554 Nulli
1253 1481 1603 1574 Episcopo
1634 1485 1793 1554 licet
1823 1503 1909 1555 ex
1936 1481 2145 1555 Conc.
2183 1480 2374 1554 Trid.
2414 1486 2592 1557 Sass,
2621 1483 2690 1555 6.
2726 1503 2788 1555 c.
2813 1486 2886 1555 5.
2922 1478 3283 1566 deResorm.

668 1593 1106 1668 Pontificalia
1163 1613 1489 1666 exercere
1543 1596 1614 1665 in
1660 1596 1895 1667 aliena
1949 1596 2278 1681 dioecesi,
2325 1596 2460 1665 nisi
2515 1594 2603 1667 de
2641 1614 2976 1685 expressa
3025 1588 3287 1661 Ordina-

663 1709 749 1778 rii
804 1707 936 1778 loci
990 1708 1303 1778 licentia.
1345 1705 1514 1778 Cum
1557 1707 1800 1795 itaque
1855 1708 2293 1778 consecratio
2330 1707 2779 1779 charismatis
2832 1715 2904 1779 et
2955 1703 3290 1776 Confirma-

662 1820 878 1890 tionis
915 1819 1439 1890 administratio
1475 1819 1662 1890 inter
1692 1817 2134 1889 Pontificalia
2172 1825 2675 1890 recenseantur
2705 1814 2845 1907 (1),
2878 1817 3204 1905 sequitur,
3230 1816 3292 1881 ut

660 1927 1056 2024 Episcopus
1109 1939 1439 2001 neutrum
1495 1949 1703 2021 agere
1756 1931 2014 2002 debeat
2069 1931 2141 2001 in
2196 1930 2498 2000 dioecesi
2556 1950 2697 2000 non
2751 1951 2912 2011 sua,
2974 1928 3101 1999 nisi
3146 1924 3293 1993 haec

664 2044 756 2113 ab
810 2038 1185 2112 Ordinario
1239 2043 1370 2113 loci
1425 2042 1562 2112 sibi
1619 2044 1819 2133 copia
1878 2042 2063 2115 lacta
2127 2042 2386 2131 fuerit;
2448 2038 2750 2128 (Bened.
2795 2038 2986 2111 xlv.
3036 2040 3154 2108 loc.
3191 2035 3290 2103 cit.

663 2155 783 2225 lib.
829 2155 1028 2226 XIII.
1073 2173 1230 2243 cap.
1277 2151 1391 2225 19.
1437 2175 1510 2224 η.
1554 2150 1666 2246 5.)
1723 2171 1957 2242 neque
2011 2155 2228 2224 etiam
2283 2156 2354 2224 in
2410 2153 2730 2239 abbatia,
2775 2154 2882 2224 vel
2935 2150 3294 2244 praelatura

662 2267 984 2347 Nimim,
1022 2273 1100 2336 ut
1135 2265 1524 2337 declaravit
1562 2264 1632 2337 S.
1668 2264 1739 2339 C.
1777 2264 1985 2338 Conc.
2021 2267 2094 2336 in
2123 2266 2409 2337 Nullius
2448 2268 2521 2337 2.
2562 2266 2737 2357 Aug.
2780 2267 2998 2336 1595.
3033 2261 3206 2357 (Lib.
3233 2257 3290 2329 8.

663 2379 917 2451 decret.
952 2399 1121 2470 paq.
1168 2374 1405 2475 183).

815 2491 978 2559 132.
1026 2489 1240 2560 Aliter
1285 2510 1446 2562 vero
1498 2510 1573 2563 se
1627 2491 1847 2564 habet
1886 2492 1975 2563 de
2012 2493 2352 2573 ecclesiis,
2398 2492 2663 2581 quibus
2700 2492 3045 2581 competit
3093 2503 3301 2560 exem-

658 2601 808 2690 ptio
861 2602 1130 2691 primae
1181 2608 1251 2674 et
1305 2603 1661 2675 secundae
1715 2604 2002 2693 speciei.
2048 2599 2205 2674 Vid.
2246 2623 2310 2677 c.
2355 2599 2412 2673 1.
2466 2602 2541 2698 ἓ.
2585 2605 2656 2675 3.
2717 2625 2789 2675 n.
2834 2605 2960 2675 26.
3007 2622 3161 2694 pag.
3200 2596 3297 2670 60.

655 2712 870 2785 buius
914 2715 1320 2787 voluminis.
1378 2712 1464 2786 In
1518 2717 1603 2788 iis
1655 2718 1844 2787 enim
1901 2713 2319 2807 Episcopus,
2363 2718 2566 2788 cuius
2606 2719 2675 2787 in
2714 2717 3023 2789 dioecesi
3064 2714 3298 2806 positae

650 2834 821 2897 sunt
877 2827 1271 2897 istiusmodi
1310 2827 1677 2913 ecclesiae,
1735 2834 1969 2921 potest
2024 2825 2468 2900 pontificalia
2521 2808 2849 2899 exercere
2902 2847 2993 2899 ex
3049 2830 3299 2898 dezreto

651 2936 724 3008 S.
752 2936 823 3011 C.
858 2935 1094 3028 Episc.
1137 2943 1206 3008 et
1245 2935 1500 3028 Regni.
1543 2938 1682 3008 diei
1728 2940 1844 3010 10.
1883 2935 2037 3010 lan.
2079 2941 2324 3025 1603„
2360 2940 2552 3028 quod
2588 2940 2910 3010 referunt
2946 2938 3304 3028 Fagnanus

649 3058 720 3121 et
756 3049 1114 3122 Giraldius
1143 3051 1271 3121 loc.
1299 3051 1419 3122 cit.
1464 3045 1894 3123 Nominatim
1934 3070 2099 3122 vcro
2130 3051 2218 3122 de
2248 3049 2795 3123 Confirmatione
2834 3045 3108 3123 Bened.
3137 3040 3296 3119 xlv.

647 3163 723 3232 in
759 3161 1055 3233 Constit.
1099 3162 1509 3233 Firmandis
1548 3164 1617 3233 6.
1651 3159 1829 3233 Nov.
1864 3163 2076 3233 1744.
2109 3161 2183 3257 ξ.
2212 3164 2280 3233 7.
2324 3164 2462 3234 ita:
2509 3185 2545 3228 ‹
2573 3163 2711 3233 Sed
2749 3169 2820 3233 et
2859 3162 2932 3231 in
2971 3163 3129 3252 ipso
3162 3156 3305 3227 visi-

654 3298 692 3340 »
734 3274 1020 3343 tationis
1074 3292 1313 3360 cursu,
1357 3282 1572 3363 atque
1610 3277 1825 3345 etiam
1865 3282 2063 3346 extra
2104 3275 2297 3345 illam
2350 3275 2570 3363 aliqui
2611 3271 3008 3364 Regulares
3044 3274 3131 3344 de
3165 3286 3303 3340 suo·

655 3410 693 3452 2>
733 3404 886 3455 rum
928 3386 1451 3475 privilegiorum
1504 3393 1573 3458 et
1624 3389 2161 3476 exemptionum
2214 3387 2684 3458 indemnitate
2730 3387 2891 3477 plus
2929 3386 3153 3456 nimio
3185 3379 3310 3453 sol·-

651 3519 688 3564 »
733 3496 901 3567 liciti
940 3494 1129 3567 banc
1165 3493 1534 3588 Episcopis
1587 3500 2136 3569 controversiam
2193 3506 2590 3583 moverunt,
2652 3502 2889 3567 utum
2949 3498 3035 3568 iis
3089 3497 3303 3566 liceret

648 3631 685 3673 »
729 3608 802 3677 in
842 3608 1154 3696 ipsorum
1193 3605 1656 3698 Regularium
1691 3609 2003 3679 ecclesiis
2045 3611 2191 3679 sive
2231 3609 2786 3700 parochialibus,
2828 3609 2975 3679 sire
3018 3628 3159 3680 non
3197 3624 3308 3696 pa-

646 3742 683 3784 »
725 3719 1198 3807 rochialibuS,
1267 3718 1804 3791 Sacramentum
1869 3719 2439 3791 Confirmationis
2501 3721 3049 3807 administrare;
3134 3730 3301 3806 quae

640 3853 677 3895 »
721 3832 1013 3919 quidem
1050 3834 1523 3902 controversia
1554 3834 1622 3902 in
1655 3831 2215 3922 Congrcgatione
2252 3829 2497 3918 Conc.,
2538 3831 2867 3923 partibus
2904 3831 3303 3923 plenissime

637 3966 676 4010 ›
717 3945 1009 4032 auditiS,
1052 3962 1176 4034 pro
1231 3942 1598 4034 Episcopis
1653 3945 1891 4014 decisa
1947 3943 2105 4027 suit,
2150 3943 2753 4032 quemadmodum
2808 3953 2878 4015 et
2934 3962 3064 4015 nos
3108 3957 3309 4034 gene-

640 4079 678 4121 »
719 4056 960 4128 raliter
1012 4063 1082 4128 et
1133 4056 1288 4126 sine
1342 4057 1758 4147 exceptione
1813 4055 2141 4126 eamdem
2195 4055 2606 4125 delinimus.
2654 4079 2689 4121 »

776 4311 856 4384 (1)
898 4316 1010 4367 Sub
1048 4315 1466 4365 Pontificalium
1508 4314 1722 4362 nomine
1766 4315 1986 4376 praeter
2010 4311 2275 4362 Ordinnm
2315 4311 2668 4361 collationem
2710 4308 2903 4359 venire
2934 4310 3164 4371 primam
3194 4311 3311 4355 tun-

636 4415 842 4462 suram,
885 4401 1327 4451 consecrationes
1368 4414 1646 4460 vasorum,
1692 4398 2072 4461 ecclesiarum,
2117 4399 2435 4460 Virginum,
2480 4397 2811 4446 chrismatis
2840 4407 2893 4444 et
2923 4395 3314 4450 Confirmatio·

636 4499 777 4547 nem,
823 4499 1027 4534 necnon
1068 4484 1504 4534 benedictionem
1545 4482 1789 4532 vestium
1815 4485 1869 4531 et
1896 4483 2299 4544 corporaliu1u3
2344 4483 2478 4530 itvm
2519 4496 2705 4530 omnes
2745 4487 2905 4530 artus
2936 4478 3306 4531 sacerdotales

631 4569 956 4619 exercendos
994 4583 1113 4620 cnm
1152 4577 1427 4634 apparatu
1467 4568 1810 4631 Pontificum,
1859 4569 2026 4616 mitra
2067 4566 2332 4617 videlicet
2360 4570 2415 4615 ot
2447 4566 2642 4616 bac-ulo
2668 4568 2965 4629 pastorali,
3016 4578 3137 4630 puta
3171 4563 3307 4614 Mis-

632 4671 749 4708 sam
790 4657 1011 4720 aliaque
1050 4658 1247 4707 divina
1288 4657 1480 4716 officia,
1528 4656 1790 4705 Doctores
1830 4654 2191 4704 cummuniter
2230 4652 2423 4703 docent
2476 4649 2786 4721 (Gir-aldi,
2833 4654 3123 4717 ExpOsitio
3161 4648 3309 4700 iuris

627 4742 934 4806 Pontificii,
979 4747 1127 4807 part.
1159 4741 1237 4792 11.
1283 4745 1420 4791 sect.
1450 4734 1588 4810 21.).
