3497 5235
654 314 774 378 454
1411 318 1782 377 Iusti-notioni·
1823 318 1875 376 8.
1905 318 2088 392 Gom.
2116 316 2262 376 Οοιιο.
2302 317 2572 392 exp-nitio.

814 478 851 519 »
898 450 1000 523 Ad
1053 455 1124 525 2.
1184 451 1644 525 Affirmative.

809 588 847 631 a>
890 562 995 635 Ad
1048 566 1118 635 3.
1175 562 1547 657 Negative.

805 698 845 742 ›
892 673 993 748 Ad
1048 675 1120 746 4.
1177 673 1542 748 Provisum
1596 677 1670 747 in
1723 678 1960 765 terti0,
2018 686 2090 750 et
2147 678 2240 749 ad
2294 682 2632 749 mentem.
2689 672 2889 748 Mens
2923 681 3063 762 est,
3106 672 3336 763 quod,

659 810 696 854 ›
737 785 909 858 data
962 789 1524 878 opportunitate,
1581 789 2080 861 manifestetur
2130 785 2501 879 Episcopis
2546 785 2908 860 Ecclesiae
2959 785 3342 858 orientalis

662 922 698 964 »
740 896 1122 989 obligatio,
1199 918 1387 988 quae
1448 901 1663 971 etiam
1717 901 1792 972 in
1845 901 2094 972 eadem
2146 897 2468 971 Ecclesia
2520 897 2870 970 incumbit
2923 898 3334 968 animarum

658 1034 694 1078 »
739 1009 1174 1101 pastoribus,
1233 1010 1644 1102 applicandi
1699 1012 2080 1101 aliquoties
2130 1008 2419 1083 Missam
2472 1029 2597 1101 pro
2649 1010 2940 1101 popu10,
2998 1009 3330 1097 adeoque

655 1144 693 1187 a>
734 1121 927 1210 quod
979 1122 1292 1213 pertinet
1344 1121 1437 1193 ad
1481 1122 1758 1194 dierum
1795 1122 2463 1195 determinationem
2517 1124 2917 1212 exponatur
2967 1119 3147 1208 ipsis
3196 1116 3332 1191 Ec-

653 1255 692 1302 »
735 1231 993 1303 clesiae
1047 1233 1509 1306 occidentalis
1561 1234 1988 1325 disciplina,
2047 1242 2125 1305 ut
2180 1233 2424 1309 lumen
2479 1233 2739 1304 exinde
2790 1238 3127 1319 sumant,
3186 1249 3330 1320 quo

655 1367 692 1409 »
735 1340 1126 1414 diiudicare
1164 1345 1478 1434 valeant,
1522 1364 1748 1435 usque
1789 1347 1961 1419 dum
1991 1346 2239 1418 eadem
2280 1346 2658 1436 disciplina
2692 1345 2843 1416 suis
2877 1344 3328 1416 dioecesibus

654 1478 693 1525 ›
733 1457 1114 1528 convenire
1152 1458 1401 1547 possit,
1445 1459 1760 1547 itemque
1798 1466 1873 1532 ut
1909 1465 2318 1551 proponant
2354 1475 2805 1547 quocumque
2841 1475 3012 1530 casu
3050 1454 3127 1527 S.
3163 1455 3325 1529 Sedi

655 1590 693 1634 ›
737 1573 1328 1657 temperamenta,
1390 1587 1575 1657 quae
1629 1571 1856 1661 magis
1910 1571 2312 1642 necessaria
2365 1576 2820 1641 censeantur.
2857 1594 2893 1636 »

796 1675 886 1749 Et
937 1677 1125 1761 iacta
1178 1679 1520 1752 relatione
1583 1678 1797 1752 SSrito
1850 1678 1933 1751 D.
1976 1678 2063 1752 N.
2095 1734 2114 1770 ,
2174 1679 2532 1753 Sanctitas
2585 1678 2727 1751 Sua
2791 1679 2907 1751 die
2956 1679 3082 1750 29.
3144 1675 3325 1749 Mar-

646 1789 730 1859 tii
790 1790 1002 1860 1863.
1060 1792 1531 1863 resolutiones
1583 1788 1655 1863 S.
1698 1791 1916 1884 Cong.
1974 1796 2048 1867 in
2101 1793 2432 1864 omnibus
2484 1791 2931 1883 approbavit.

798 1900 965 1972 366.
1006 1898 1375 1974 Decretum
1413 1900 1484 1972 S.
1527 1903 1600 1974 C.
1644 1904 1732 1977 de
1771 1901 1979 1995 Prop.
2012 1903 2168 1977 Fid.
2202 1905 2344 1977 diei
2379 1907 2500 1976 28.
2544 1901 2702 1975 Ian.
2752 1905 2964 1975 1782.
3011 1901 3138 1996 (de
3177 1921 3314 1993 quo

650 2029 867 2101 supra
921 2032 995 2084 η.
1039 2012 1209 2087 364.
1268 2015 1343 2085 in
1394 2018 1857 2107 responsione
1894 2018 1987 2090 ad
2023 2014 2134 2110 5.)
2186 2019 2283 2090 ita
2338 2037 2413 2090 se
2465 2016 2726 2090 habet:
2805 2041 2841 2083 «ι
2883 2015 2955 2088 S.
2991 2015 3308 2107 Congr...

652 2147 692 2191 ›
732 2127 1011 2197 censuit
1062 2146 1145 2199 ac
1197 2125 1610 2216 declaravit,
1659 2130 1999 2201 ecclesias
2035 2148 2308 2218 omneS,
2350 2131 2686 2218 oratoria,
2728 2128 3046 2220 capellas
3083 2128 3313 2201 distri-

650 2258 690 2303 »
730 2243 926 2324 ctuS,
985 2239 1107 2325 qui
1161 2258 1202 2308 a
1255 2239 1746 2312 sacerdotibus
1807 2241 2333 2329 saecularibuS,
2389 2243 2539 2314 sive
2592 2242 2808 2314 etiam
2860 2240 3312 2333 regularibus

652 2371 692 2416 ›
731 2346 1169 2421 diversarum
1243 2352 1658 2441 nationum,
1715 2358 1862 2424 tam
1928 2353 1999 2424 in
2062 2355 2349 2426 civitate
2400 2352 2687 2440 Pekini,
2746 2371 2964 2441 quam
3038 2354 3116 2423 in
3173 2353 3309 2423 eius

654 2482 694 2526 »
732 2457 1036 2531 dioecesi
1091 2459 1720 2553 administrantur,
1779 2483 1912 2538 nec
1980 2484 2140 2537 vere
2203 2483 2335 2537 nec
2401 2466 2683 2556 proprie
2735 2462 3119 2555 parochias
3172 2481 3311 2535 esse

655 2588 895 2642 »cum
947 2579 1298 2645 certarum
1354 2576 1756 2649 animarum
1807 2595 1979 2649 cura
2017 2578 2411 2650 necessario
2447 2577 2908 2649 coniunctas:
2953 2571 3313 2647 Missiona·

654 2706 694 2750 »
732 2683 874 2754 rios
928 2702 1134 2773 ver0,
1194 2704 1494 2776 quorum
1549 2689 1714 2761 fidei
1771 2691 2144 2762 commissa
2211 2696 2318 2761 est
2371 2688 2782 2761 earumdem
2853 2688 3313 2759 ecclesiarum

653 2818 693 2862 ›
734 2795 1303 2887 administratio,
1360 2801 1556 2872 nullo
1612 2801 1818 2872 modo
1870 2800 2217 2894 parochos
2270 2819 2472 2888 esse,
2529 2799 2654 2871 sed
2706 2798 3069 2888 simplices
3123 2795 3309 2869 verbi

653 2930 693 2974 ›
732 2904 859 2979 Dei
912 2928 1344 3000 praeconeS,
1403 2913 1600 2983 nulla
1650 2920 1845 2986 certa
1915 2914 2084 2985 sede
2157 2918 2281 2983 aut
2335 2911 2721 2983 residentia
2782 2910 3305 2981 incardinatos:

654 3041 691 3085 ›
732 3019 1179 3111 proindeque
1232 3023 1323 3094 ad
1373 3030 1629 3094 nutum
1666 3042 1794 3115 pro
1838 3030 2151 3117 tempore
2188 3023 2562 3096 existentis
2596 3017 2930 3112 Episcopi
2969 3018 3313 3092 Pekinen-

651 3155 691 3200 ›
731 3133 829 3204 sis
879 3151 1036 3206 esse
1091 3134 1535 3209 amovibiles.
1567 3163 1604 3204 »

796 3245 966 3315 367.
1024 3243 1399 3319 Decretum
1454 3248 1525 3318 5.
1568 3246 1777 3319 Febr.
1826 3249 2039 3321 1803.
2100 3246 2221 3344 (de
2274 3267 2417 3338 quo
2469 3244 2795 3318 similiter
2844 3244 2922 3315 in
2975 3243 3164 3317 dicta
3208 3259 3312 3313 re·

647 3356 1029 3446 sponsione
1064 3359 1156 3429 ad
1193 3354 1302 3453 5.)
1357 3359 1700 3431 insertum
1740 3359 1872 3431 fuit
1924 3361 2000 3432 in
2049 3362 2349 3452 epistola
2386 3356 2539 3430 Vic.
2582 3357 2984 3449 Apostolico
3022 3352 3310 3426 Tonkini

648 3466 846 3539 data.
889 3465 1099 3540 Porro
1136 3470 1434 3543 dubium
1473 3472 1912 3563 propositum
1953 3471 2228 3544 fuerat:
2290 3493 2327 3538 σι
2367 3472 2474 3542 An
2512 3469 2938 3541 missionarii
2977 3470 3055 3539 in
3088 3468 3309 3558 regnis

652 3603 692 3646 ›
732 3576 1092 3670 Sinarum,
1134 3578 1465 3672 Tonkini,
1507 3583 1925 3657 Cocincinae
1976 3603 2058 3656 ac
2114 3583 2359 3670 Siami‚
2417 3584 2600 3656 sicut
2646 3584 2861 3653 etiam
2912 3579 3307 3652 sacerdotes

652 3714 691 3758 ›
733 3689 1141 3781 indigenae,
1200 3695 1323 3783 qui
1377 3697 1742 3785 proprium
1795 3714 1939 3767 non
1986 3694 2261 3767 habent
2297 3695 2726 3781 districtum,
2769 3692 2884 3763 cui
2923 3691 3305 3764 inserviunt

651 3826 691 3869 >
728 3808 808 3873 ut
862 3803 1194 3893 parochi,
1251 3802 1536 3877 Missam
1593 3806 1956 3898 applicare
2008 3826 2152 3878 non
2204 3808 2435 3878 solum
2486 3804 2743 3877 diebus
2793 3801 3175 3875 Dominicis
3230 3807 3304 3870 et

651 3936 691 3980 ›
731 3916 1009 4004 magnis
1061 3916 1664 4005 solemnitatibus,
1723 3919 1850 3991 sed
1905 3920 2118 3990 etiam
2173 3918 2331 3989 aliis
2384 3915 2639 3988 diebus
2692 3915 3005 4000 festivis,
3058 3914 3304 4005 quibus

651 4049 690 4093 »
730 4025 1100 4100 christiani
1136 4028 1409 4101 incolae
1450 4030 1971 4121 praedictorum
2009 4049 2390 4122 regnorum
2422 4026 2708 4100 Missam
2745 4026 3046 4117 quidem
3076 4024 3307 4097 audire

653 4159 690 4203 ›
728 4141 1093 4226 tenentur,
1151 4140 1278 4212 sed
1330 4141 1711 4213 servilibus
1765 4141 2101 4235 operibus
2151 4158 2407 4213 vacare
2460 4134 2811 4231 possunt?
2844 4165 2884 4205 ι»

793 4245 980 4321 Huic
1016 4251 1235 4323 dubio
1271 4253 1358 4324 de
1397 4250 1770 4324 Missarum
1810 4253 2290 4344 applicatione
2328 4253 2686 4343 proposito
2724 4249 2797 4321 S.
2830 4248 2908 4320 C.
2949 4244 3310 4340 respondit

648 4358 847 4432 iuxta
886 4379 997 4448 ea,
1054 4381 1239 4453 quae
1293 4365 1436 4434 iam
1489 4364 1670 4436 alias
1705 4365 1991 4435 decreta
2030 4363 2366 4435 fuerunt:
2428 4383 2464 4428 ‹
2506 4360 2752 4453 Neque
2790 4358 3139 4433 vicarium
3172 4352 3317 4427 Ge-

652 4496 690 4536 »
732 4472 1076 4562 neralem,
1134 4492 1371 4564 neque
1424 4472 1917 4547 Coadiutorem
1972 4471 2230 4546 Vicarii
2287 4473 2696 4565 Apostolici,
2751 4473 2859 4544 uti
2917 4490 3048 4544 nec
3081 4471 3312 4560 ipsum

652 4605 690 4648 ³>
735 4580 881 4655 Vic.
927 4584 1403 4676 Apostolicum
1459 4588 1605 4659 ulla
1659 4587 1889 4659 teneri
1951 4584 2385 4678 obligatione
2440 4604 2528 4657 ex
2581 4585 2851 4656 iustitia
2905 4578 3310 4674 applicandi

652 4719 690 4762 ³>
729 4691 1017 4765 Missam
1071 4697 1329 4769 diebus
1383 4698 1583 4771 iestis
1636 4717 1764 4790 pro
1817 4698 2108 4789 popu10,
2150 4699 2359 4770 sicui
2411 4697 2796 4792 praedictis
2852 4696 3068 4768 titulis
3102 4709 3315 4785 prae-
