3497 5235
602 302 728 375 Gap.
751 304 820 361 11.
860 303 931 359 De
971 302 1236 376 Epireopm
1275 298 1683 371 archiepiscopo,
1721 298 1950 358 Primi·
1991 301 2047 357 et
2084 300 2410 359 Patria-ohe.
2452 302 2506 376 ἓ.
2534 301 2585 358 3.
2812 298 2929 361 207

289 436 421 527 psit,
461 435 583 524 qui
623 453 861 507 annus
899 453 1042 506 non
1080 437 1334 525 utique
1371 433 1750 519 naturalis,
1791 435 1918 506 sed
1957 435 2480 508 ecclesiasticus
2525 452 2681 507 esse
2718 433 2936 506 debet

291 565 357 619 ex
398 546 877 618 declaratione
928 543 1001 618 S.
1044 544 1118 617 C.
1159 545 1369 618 Cone.
1431 547 1505 618 in
1555 546 1948 618 Palenttna
2000 547 2070 617 5.
2112 544 2324 618 Febr.
2372 547 2586 618 1593.
2629 542 2823 639 (Lib.
2860 545 2931 617 7.

290 658 510 731 decret.
548 678 625 749 p.
666 659 789 731 50.
831 666 898 732 et
931 659 1048 733 92.
1061 656 1124 754 ).
1181 656 1380 740 Quod
1417 659 1730 751 pertinet
1765 658 1857 729 ad
1895 659 2214 750 singulos
2253 660 2558 730 minores
2603 654 2935 746 OrdineS‚

291 772 644 843 interstitia
695 771 1053 844 servanda
1105 777 1277 843 sunt
1329 770 1649 860 quidem,
1706 771 1833 843 sed
1887 772 2084 843 iuxta
2136 788 2426 843 sensum
2479 767 2552 841 S.
2595 767 2670 842 C.
2720 766 2933 841 Conc.

287 884 345 954 in
374 884 628 956 Lucen.
663 885 783 954 31.
820 881 987 955 Maii
1031 884 1244 955 1597.
1287 902 1328 952 a
1365 879 1636 954 Girald.
1681 883 1811 955 loc.
1846 882 1969 954 cit.
2010 882 2263 968 relata,
2306 899 2492 971 quae
2527 882 2940 955 huiusmodi

289 1003 408 1067 est:
462 995 540 1068 S.
582 994 1049 1088 congregatio
1105 1018 1144 1059 ι
1176 994 1484 1083 censuit,
1539 992 1975 1085 Episcopum
2041 994 2142 1065 ita
2210 993 2498 1066 demum
2553 995 2938 1067 interstitia

289 1133 319 1175 ›
353 1110 698 1181 minorum
753 1105 1103 1180 Ordinum
1156 1125 1363 1199 posse
1418 1109 1807 1197 remittere,
1847 1108 1908 1179 si
1945 1107 2010 1178 ei
2049 1107 2274 1195 magis
2326 1106 2661 1198 expedire
2706 1108 2938 1180 visum

290 1246 319 1286 ι
350 1219 601 1307 fuerit3
659 1225 976 1291 ceterum
1028 1219 1466 1309 ubicumque
1520 1220 1747 1291 satius
1800 1237 1953 1291 esse
1992 1219 2350 1310 putaverit
2386 1219 2507 1291 illa
2544 1220 2935 1309 remittere,

289 1356 320 1397 »
350 1337 652 1420 quatuor
702 1332 1012 1403 minores
1064 1327 1371 1402 Ordines
1420 1349 1567 1403 non
1620 1332 1828 1402 aliter
1878 1348 2086 1423 posse
2139 1331 2389 1403 eodem
2442 1331 2556 1402 die
2592 1332 2720 1403 uni
2771 1349 2943 1402 con-

287 1467 318 1508 »
349 1441 553 1529 ferre,
610 1461 828 1532 quam
881 1444 943 1515 si
998 1444 1096 1515 ita
1149 1444 1223 1515 in
1275 1443 1427 1514 loco
1479 1443 1690 1514 hodie
1727 1444 2200 1516 consueverit.
2238 1468 2277 1510 ν
2334 1442 2685 1514 Minorum
2734 1440 2940 1515 Ordi-

285 1570 424 1624 nnm
479 1554 730 1625 iuncta
769 1572 931 1626 cum
969 1553 1493 1626 subdiaconatu
1546 1554 1857 1642 collatio,
1915 1555 2194 1626 etiamsi
2246 1555 2688 1627 consuetudo
2733 1560 2942 1627 vetus

284 1666 581 1754 accedat,
637 1684 783 1737 non
837 1672 945 1738 est
999 1666 1214 1756 plane
1251 1665 1643 1758 permissa3
1700 1685 1845 1756 qua
1898 1664 1988 1737 de
2040 1685 2114 1738 re
2169 1666 2317 1758 agit
2370 1663 2442 1737 S.
2479 1663 2943 1758 Congregatio

283 1773 543 1849 Concilii
598 1778 677 1848 in
737 1778 1139 1853 Calaritan.
1193 1778 1389 1850 Thea.
1433 1778 1660 1850 Resol.
1704 1785 1872 1850 tom.
1912 1779 1986 1849 4.
2030 1797 2200 1870 paq.
2246 1778 2411 1851 163.
2463 1783 2528 1850 ec
2580 1797 2720 1869 seq.
2778 1795 2945 1849 nec-

284 1906 402 1960 non
434 1887 714 1960 Bened.
749 1886 943 1960 XIV.
977 1890 1156 1962 Inst.
1194 1889 1362 1962 106.
1397 1910 1470 1961 n.
1502 1889 1574 1963 9.
1607 1895 1672 1962 et
1699 1910 1880 1981 seq„
1907 1889 2035 1961 ubi
2070 1892 2142 1960 in
2170 1890 2780 1962 confirmationem
2817 1888 2946 1960 ad-

283 1998 451 2072 ducit
481 2000 996 2072 resolutionem
1032 2001 1104 2072 S.
1130 1998 1712 2093 Congregationis
1752 2003 1825 2073 in
1851 2002 2113 2074 Boven.
2142 2001 2395 2074 ordin.
2425 2002 2493 2072 7.
2521 1998 2686 2071 Maii
2721 2001 2934 2073 1707.

283 2106 448 2205 (tib.
493 2112 623 2184 57.
666 2113 924 2185 decret.
959 2132 1129 2205 paq.
1163 2112 1283 2187 32.
1326 2133 1372 2184 a
1408 2119 1598 2205 terqo
1632 2120 1696 2185 et
1721 2132 1894 2204 paq.
1933 2108 2145 2208 157.)
2195 2120 2266 2185 et
2311 2114 2536 2204 ipsam
2583 2111 2940 2187 Calarita-

283 2240 429 2293 nam
463 2224 596 2294 21.
637 2220 814 2295 Feb.
855 2224 1102 2313 1728„
1145 2225 1219 2296 in
1255 2243 1399 2314 qua
1436 2224 1507 2295 S.
1543 2222 1652 2313 C.,
1693 2225 1859 2295 licet
1895 2225 2338 2297 consuetudo
2392 2227 2468 2297 in
2511 2243 2595 2297 ea
2633 2224 2943 2297 dioecesi

279 2334 497 2407 multis
555 2334 648 2406 ab
703 2338 912 2408 annis
964 2335 1435 2425 obtinuisset,
1491 2342 1572 2408 ut
1624 2337 1935 2408 minores
1988 2333 2295 2409 Ordines
2346 2355 2506 2409 cum
2559 2336 2944 2410 subdiaco-

277 2454 433 2519 natu
483 2445 1028 2537 conferrentur,
1104 2454 1177 2520 et
1223 2445 1664 2540 EpiscopuS,
1739 2447 1810 2518 id
1865 2447 2004 2519 sibi
2059 2449 2374 2539 permitti
2445 2449 2539 2521 ad
2592 2449 2941 2538 quosdam

276 2557 526 2633 abusus
581 2559 1018 2650 evellendoS,
1076 2560 1498 2652 postularet,
1559 2560 2025 2635 nihilominus
2067 2561 2531 2654 postulationi
2568 2561 2940 2654 indulgere

277 2672 683 2743 nullatenus
735 2672 988 2760 voluit,
1031 2679 1103 2744 et
1137 2673 1237 2744 ita
1275 2672 1870 2745 consuetudinem
1905 2673 2120 2765 plane
2162 2672 2575 2764 posthabuit
2626 2668 2763 2768 (1).

406 2784 575 2856 120.
633 2780 830 2855 Circa
884 2785 1428 2857 interstitiorum
1481 2784 2092 2876 dispensationem
2132 2803 2303 2875 prae
2341 2786 2566 2856 oculis
2599 2782 2941 2855 habenda

274 2902 452 2983 sunt,
493 2913 687 2985 quae
725 2894 932 2967 docet
970 2894 1242 2982 Bened.
1279 2892 1467 2966 XIV.
1507 2896 1591 2968 de
1631 2900 1806 2987 Syn.
1837 2897 2055 2970 dioec.
2090 2896 2212 2969 lib.
2241 2898 2368 2970 XI.
2399 2915 2558 2986 cap.
2589 2895 2664 2967 2.
2707 2915 2782 2967 n.
2819 2894 2939 2968 16.

269 3004 592 3077 videlicet
647 3029 686 3070 ι
729 3009 1063 3096 quamvis
1117 3008 1191 3079 in
1243 3008 1476 3078 citatis
1514 3005 1804 3080 Concilii
1841 3008 2201 3099 capitibus
2253 3005 2474 3101 (idest
2509 3007 2592 3079 de
2627 3007 2938 3098 Reform.

276 3137 309 3180 ι
344 3116 429 3190 11
441 3173 457 3189 .
490 3116 613 3191 13.
638 3124 707 3191 et
728 3115 846 3190 14.
874 3120 1067 3191 Sess.
1088 3117 1249 3215 23.)
1277 3118 1624 3213 Episcopo
1660 3119 2021 3192 tribuatur
2057 3120 2445 3192 auctoritas
2472 3117 2947 3208 dispensandi

274 3252 307 3294 ›
339 3248 557 3321 supra
595 3230 1015 3302 eorumdem
1051 3232 1597 3305 interstitiorum
1636 3230 2132 3320 observantia3
2172 3231 2386 3303 buius
2420 3236 2664 3302 tamen
2702 3237 2949 3302 aucto-

274 3362 308 3405 >
340 3342 577 3414 ritatis
628 3361 806 3415 usus
860 3360 1006 3414 non
1060 3342 1352 3432 quidem
1403 3361 1494 3415 ex
1547 3361 1739 3416 mero
1793 3341 2089 3414 arbitrio
2140 3342 2556 3434 dirigendus
2608 3348 2761 3431 est,
2816 3340 2946 3412 sed

272 3473 307 3514 ν
341 3451 595 3525 habita
666 3452 1044 3527 dumtaxat
1113 3455 1388 3526 ratione
1457 3455 1908 3527 necessitatis
1976 3461 2101 3527 aut
2162 3454 2500 3526 utilitatis
2570 3452 2941 3540 ecclesiae,

273 3586 307 3628 »
343 3565 957 3654 quemadmodum
1010 3565 1102 3638 ab
1158 3567 1407 3640 eodem
1459 3564 1768 3639 Concilio
1814 3584 2146 3657 expresse
2185 3566 2546 3638 indicatur
2578 3564 2950 3655 sequenti-

270 3696 306 3739 »
340 3674 479 3749 bus
532 3676 825 3749 verbis:
893 3678 1036 3749 nisi
1098 3681 1524 3761 necessitas,
1577 3684 1703 3751 aut
1754 3679 2082 3751 ecclesiae
2132 3679 2410 3752 utilitas
2464 3678 2726 3750 iudicio
2777 3676 2949 3767 Epi-

270 3811 306 3852 »
342 3790 536 3880 scopi
599 3789 804 3861 aliud
853 3797 1222 3881 exposcat,
1275 3809 1419 3881 qua
1472 3790 1560 3863 de
1613 3807 1691 3863 re
1747 3809 1791 3861 a
1853 3789 2060 3863 nobis
2113 3796 2350 3861 actum
2403 3794 2511 3862 est
2563 3789 2641 3860 in
2692 3794 2942 3861 nostra

275 3919 311 3964 ›
349 3900 534 3973 Inst.
573 3900 746 3973 eccl.
789 3900 911 3973 58.
946 3925 985 3969 »

411 4011 583 4081 121.
639 4007 1043 4084 Necessitas
1094 4018 1339 4085 tamen
1391 4018 1462 4085 et
1512 4012 1789 4085 utilitas
1841 4012 1914 4084 in
1967 4013 2158 4087 dicta
2210 4009 2674 4085 Institutione
2743 4011 2945 4085 hisce

268 4122 618 4213 exemplis
655 4123 1007 4195 innuitur.
1052 4145 1092 4190 ι
1116 4119 1294 4195 Tum
1329 4122 1623 4215 quidem
1658 4125 2048 4197 necessitas
2083 4125 2496 4213 intervenit,
2529 4141 2692 4197 cum
2728 4141 2947 4216 pecu-

398 4349 492 4427 (1)
528 4355 866 4408 Benedictus
893 4358 1063 4410 XIII.
1094 4356 1156 4410 in
1182 4358 1549 4412 Ordinatione
1580 4360 1835 4423 generali
1861 4359 1932 4411 ab
1960 4359 2082 4424 ipso
2109 4358 2309 4411 habita
2333 4358 2421 4411 die
2442 4360 2531 4411 26.
2557 4360 2760 4413 Martii
2781 4359 2944 4418 1725.

261 4436 320 4489 in
357 4447 725 4493 acrosancta
762 4442 1139 4495 Lateranensi
1177 4444 1446 4508 Basilica,
1492 4443 1810 4495 immediate
1849 4448 1982 4494 ante
2020 4442 2231 4495 dictam
2269 4442 2694 4497 Ordinationem
2721 4444 2947 4498 manda-

258 4522 367 4590 vit,
412 4528 485 4575 ut
525 4526 585 4577 in
620 4532 902 4592 posterum
941 4527 1002 4578 in
1039 4528 1293 4593 qualibet
1331 4528 1697 4582 ordinatione
1750 4528 1871 4580 sive
1910 4528 2161 4591 generali
2215 4529 2336 4581 eive
2376 4530 2714 4594 particulari
2764 4531 2949 4596 prima

257 4611 509 4662 tonsura.
541 4611 838 4665 dumtaxat
874 4614 1082 4680 absque
1121 4615 1240 4666 ullo
1276 4615 1391 4668 alio
1427 4614 1632 4668 Ordine
1670 4617 1789 4666 tam
1828 4613 2211 4667 saecularibus
2249 4630 2414 4682 quam
2453 4617 2837 4681 Regularibus
2861 4630 2948 4668 eo-

262 4693 385 4749 dem
406 4695 510 4749 die
529 4699 772 4753 conferri
795 4698 1039 4754 deberet.
1064 4699 1503 4765 (Honor-antes,
1522 4698 1723 4754 Praxis
1744 4700 1959 4755 Secret.
1974 4700 2101 4755 Vic.
2123 4701 2297 4755 Urbis
2316 4715 2439 4770 cap.
2456 4702 2508 4757 l.
2526 4705 2578 4770 θ.
2600 4702 2757 4753 Nota
2786 4701 2942 4770 VI.).
