3497 5235
492 289 611 354 284
1245 286 1615 345 Ima-notioni·
1654 285 1707 345 Β.
1737 286 1920 359 Οοιετ.
1946 286 2095 345 Oeno.
2133 285 2407 360 exponitio.

498 448 538 494 ›
577 445 617 496 a
671 423 1024 496 territorio
1077 422 1384 495 civitatis
1430 420 1795 510 absenteS,
1836 422 1964 494 sed
1999 422 2186 495 intra
2223 421 2603 494 dioecesim
2641 425 3184 495 commorantes⁴

498 561 537 604 »
580 535 943 627 gaudeant
977 533 1508 606 substitutionis
1543 532 1893 605 beneficio
1930 534 2005 604 in
2035 528 2250 604 casu?
2283 535 2354 605 4.
2386 534 2487 604 An
2519 553 2606 606 ex
2636 535 2861 625 gratia
2900 534 2996 604 sit
3032 533 3177 604 eis-

503 671 541 713 »
582 647 744 718 dem
782 645 1318 718 concedendum
1347 643 1882 716 substitutionis
1916 644 2349 717 beneficium
2386 646 2461 716 in
2490 641 2700 718 casu?
2741 648 2811 717 5.
2847 644 2949 715 An
2977 644 3174 716 idem

501 784 542 826 ι»
578 756 1006 829 beneficium
1043 756 1137 826 sit
1171 754 1638 826 tribuendum
1675 755 2105 829 absentibus
2140 777 2180 828 a
2219 757 2523 829 dioecesi
2565 759 2638 829 in
2676 752 2896 831 casu?
2946 759 3020 828 6.
3066 754 3176 827 An

500 893 539 938 ν
578 870 1020 941 sustineatur
1054 866 1524 956 consuetude,
1557 874 1635 937 ut
1662 868 1986 939 canonici
2013 868 2461 942 coadiutores
2498 869 2867 957 substitui,
2901 876 2975 940 et
3002 866 3183 940 sub-

506 1005 545 1047 »
584 981 881 1051 stituere
914 978 1193 1069 possint
1227 978 1301 1047 in
1339 972 1550 1048 casu?
1595 976 1686 1049 Et
1723 984 2086 1067 quatenus
2119 975 2492 1071 Negative,
2536 982 2607 1052 7.
2651 980 2750 1052 An
2787 979 3046 1053 iisdem
3084 979 3184 1052 sit

504 1115 541 1160 ι
584 1089 1119 1163 concedendum
1158 1087 1639 1181 Apostolicum
1694 1090 2052 1162 indultum
2091 1093 2166 1162 in
2202 1086 2421 1163 casu?
2453 1117 2491 1159 »
2547 1090 2638 1165 Et
2689 1090 2762 1164 S.
2804 1090 2879 1164 C.
2921 1091 3184 1163 rescri-

501 1203 670 1298 psit:
715 1222 754 1269 ‹
789 1199 890 1273 Ad
916 1202 988 1272 2.
1019 1199 1476 1289 Affirmative,
1507 1201 1893 1275 dummodo
1921 1202 2473 1275 substitutiones
2509 1205 2809 1276 nimium
2838 1203 3188 1293 frequen-

505 1337 544 1382 »
583 1320 692 1402 tes
726 1333 874 1385 non
908 1314 1080 1401 sint,
1114 1329 1351 1400 neque
1387 1313 1539 1403 ipse
1573 1313 2011 1385 substitutus
2048 1314 2297 1386 eodem
2335 1315 2451 1387 die
2490 1316 2562 1386 in
2599 1315 2890 1387 chorum
2927 1314 3186 1386 venire

507 1451 547 1497 ›
588 1424 875 1498 debeat.
921 1423 1026 1496 Ad
1062 1426 1133 1497 3.
1169 1424 1240 1493 4.
1276 1425 1346 1495 5.
1390 1431 1462 1496 et
1497 1426 1568 1496 6.
1601 1420 1974 1515 Negative.
2020 1422 2119 1497 Ad
2162 1429 2231 1497 7.
2268 1425 2732 1498 Affirmative.
2761 1451 2800 1494 ι»
2838 1422 3191 1499 Consula-

503 1545 619 1610 tur
673 1538 1053 1629 spoletana
1110 1535 1390 1609 Servii.²
1422 1537 1611 1609 chor.
1669 1538 1791 1609 ΞΒ.
1846 1534 2055 1609 Febr.
2105 1539 2355 1627 1795„
2413 1545 2485 1611 et
2538 1541 2861 1610 Romana
2917 1537 3186 1609 Servit.

507 1650 695 1722 chor.
739 1652 812 1721 2.
853 1645 1018 1722 Iun.
1066 1650 1313 1736 1838„
1356 1649 1478 1721 ubi
1534 1648 1608 1721 id
1659 1648 1817 1721 fuse
1868 1649 2267 1740 explicatur
2316 1647 2390 1744 ἓ.
2434 1650 2546 1721 Ex
2598 1650 2812 1732 iuris,
2847 1654 2918 1721 et
2970 1666 3137 1738 seq.

656 1763 778 1833 25.
836 1757 941 1831 Ex
992 1760 1189 1833 hisce
1238 1760 1799 1833 resolutionibus
1849 1760 2144 1852 planum
2201 1767 2335 1849 est,
2394 1762 2587 1851 quod
2641 1762 2701 1832 si
2738 1761 3016 1847 civitaS,
3058 1757 3194 1830 ubi

510 1875 648 1946 sita
703 1878 813 1945 est
866 1871 1299 1944 cathedralis
1351 1878 1478 1943 aut
1529 1871 1929 1964 collegiata,
1987 1870 2413 1945 suburbium
2468 1891 2613 1944 non
2675 1871 2971 1957 habeat,
3012 1876 3196 1944 tunc

371 2063 379 2072 ,
509 1984 839 2058 suburbii
892 1985 1124 2056 locum
1180 1988 1425 2056 teneat
1478 1984 1798 2056 eiusdem
1851 1985 2163 2056 civitatis
2216 1985 2677 2073 territorium,
2736 1985 2834 2055 ita
2888 1988 2999 2069 ut,
3059 1982 3194 2071 qui

514 2097 700 2168 intra
732 2095 1167 2169 territorium
1196 2099 1545 2183 versatur,
1577 2094 2066 2168 substituendi
2093 2094 2448 2168 beneficio
2484 2094 2791 2183 fruatur,
2823 2111 3034 2166 secus
3063 2092 3199 2182 qui

512 2215 753 2295 extra,
810 2207 975 2279 licet
1027 2208 1101 2277 in
1155 2207 1455 2280 diversis
1506 2207 1789 2298 oppidis
1839 2214 2349 2297 commoretur;
2406 2206 2594 2278 idem
2647 2206 3027 2278 definitum
3085 2211 3200 2276 est

513 2319 590 2389 in
645 2319 1027 2410 spoletana
1078 2319 1174 2390 ad
1220 2318 1337 2402 2„
1388 2319 1515 2391 ubi
1570 2319 2111 2410 comprobatum
2160 2320 2297 2392 fuit
2346 2325 2591 2391 votum
2641 2317 2975 2409 Episcopi
3026 2335 3204 2389 sen·

517 2431 797 2519 tientiS,
855 2430 1047 2521 quod
1100 2431 1173 2502 in
1227 2431 1636 2504 civitatibus
1688 2430 2034 2504 suburbio
2088 2430 2501 2504 carentibus
2536 2432 2613 2519 ii,
2656 2432 2779 2521 qui
2826 2430 3015 2500 intra
3048 2435 3205 2501 ter-

517 2542 838 2614 ritorium
894 2549 1092 2631 sunt,
1149 2543 1442 2614 minime
1493 2560 1658 2615 vero
1710 2545 1835 2635 qui
1886 2545 1960 2615 in
2013 2545 2297 2637 oppidis
2338 2543 2744 2617 dioeceseos
2780 2548 3195 2629 versantur,

517 2654 1007 2727 substituendi
1060 2654 1474 2729 facultatem
1529 2655 1935 2730 obtineant.
2442 2729 2453 2741 ,

667 2762 838 2838 Cum
892 2784 1056 2838 vero
1108 2766 1524 2839 substitutio
1576 2786 1664 2840 ex
1701 2769 1814 2857 iis,
1855 2788 2042 2859 quae
2086 2769 2421 2858 diximus,
2464 2767 2876 2858 frequenter
2912 2766 3204 2838 contin-

523 2898 686 2971 gere
739 2898 883 2952 non
935 2879 1223 2963 debeat,
1264 2879 1433 2951 hinc
1484 2899 1629 2952 non
1674 2881 1921 2953 liceret
1957 2882 2300 2954 canonico
2334 2883 2718 2954 continuae
2753 2897 2881 2972 per
2917 2897 3200 2951 annum

522 2992 1057 3064 substitutionis
1106 2991 1458 3063 beneficio
1513 2991 1678 3080 frui,
1737 3000 1817 3065 ut
1867 2992 2062 3064 aliud
2116 3010 2380 3065 munus
2415 2998 2745 3064 exerceat
2778 3008 2893 3062 ex.
2938 3009 3042 3080 gr.
3087 2990 3203 3061 lu-

522 3103 948 3194 dimagistri.
1005 3101 1176 3175 Cum
1233 3103 1421 3175 enim
1475 3102 1883 3176 huiusmodi
1936 3121 2145 3175 casus
2196 3103 2583 3177 ventilatus
2644 3102 2897 3175 luisset
2946 3103 3023 3173 in
3082 3101 3201 3175 Se-

522 3215 906 3307 noqallien.
954 3216 1019 3283 1.
1062 3210 1355 3286 Ianuar.
1395 3215 1642 3303 1795„
1681 3217 2042 3307 proposito
2080 3216 2342 3288 dubio:
2405 3239 2443 3281 ι
2479 3212 2583 3287 An
2620 3213 3206 3308 archipresbyter

522 3351 563 3395 >
603 3325 740 3399 Mei
796 3328 889 3401 ad
923 3328 1378 3401 retinendum
1432 3348 1695 3402 munus
1731 3330 2208 3423 ludimagistri
2245 3332 2578 3404 omnibus
2614 3331 2899 3402 scholae
2936 3328 3209 3402 diebus

527 3462 566 3506 2»
608 3439 825 3509 alium
881 3439 1316 3512 substituere
1368 3441 1592 3530 possit
1645 3442 1716 3512 in
1772 3441 2039 3516 chorali
2092 3444 2379 3516 servitio
2433 3445 2506 3514 in
2544 3436 2821 3516 casm»
2863 3441 2935 3515 S.
2969 3441 3202 3534 Cong.

522 3550 928 3641 rescripsit:
991 3572 1029 3614 αι
1063 3550 1370 3623 Attentis
1418 3552 1907 3644 peculiaribus
1943 3552 2112 3626 lacti
2148 3555 2729 3643 circumstantiiS,
2771 3554 3209 3626 affirmative

531 3683 570 3727 2»
611 3660 704 3731 ad
756 3662 1267 3733 sexennium.»
1326 3660 1532 3737 Unde
1585 3683 1627 3734 a
1680 3665 2054 3736 contrariis
2106 3666 2487 3759 colligitur,
2530 3667 2721 3756 quod
2774 3665 3212 3757 regulariter

527 3776 937 3851 huiusmodi
990 3779 1064 3849 in
1118 3777 1406 3851 casibus
1467 3776 1887 3848 substitutio
1940 3777 2092 3849 fieri
2148 3786 2502 3868 nequeat:
2561 3796 2721 3849 cum
2775 3777 3211 3869 praesertim

529 3888 747 3960 allato
800 3890 874 3961 in
927 3907 1097 3961 casu
1152 3889 1224 3959 id
1276 3906 1362 3960 ex
1419 3888 1646 3979 gratia
1693 3887 1785 3958 ad
1822 3890 2245 3960 sexennium
2281 3890 2490 3962 unice
2526 3905 2943 3961 concessum
2980 3886 3210 3959 fuisse

530 4002 906 4092 perspicue
959 4006 1231 4092 pateat.

672 4116 793 4186 26.
827 4112 1175 4196 Quoniam
1198 4132 1364 4186 vero
1389 4112 1713 4187 canonici
1739 4112 2101 4184 honorarii
2129 4115 2218 4187 de
2250 4114 2512 4204 gremio
2534 4111 2843 4204 Capituli
2873 4130 3015 4184 non
3043 4128 3217 4184 esse

532 4227 897 4314 dicuntur,
936 4225 1108 4297 hinc
1156 4225 1233 4295 hi
1270 4226 1455 4297 veris
1494 4225 1885 4313 canonicis,
1917 4225 2088 4296 dum
2127 4225 2422 4313 absunt,
2461 4224 2799 4297 substitui
2841 4242 2988 4295 non
3037 4240 3223 4313 pos-

531 4343 726 4410 sunt.
757 4333 935 4408 Nam
965 4337 1038 4408 S.
1066 4334 1140 4409 C.
1165 4334 1374 4408 Conc.
1404 4338 1482 4408 in
1503 4335 1763 4411 Montis
1794 4336 2148 4410 Politiani
2181 4338 2375 4409 Serv.
2404 4336 2593 4408 chor.
2630 4336 2699 4407 4.
2734 4332 2946 4407 Febr.
2983 4333 3215 4405 1804.

530 4449 626 4520 ad
678 4447 1023 4521 dubium:
1086 4472 1124 4514 αι
1160 4447 1264 4519 An
1318 4455 1390 4521 et
1426 4448 1784 4539 quomodo
1819 4448 2142 4520 canonici
2179 4448 2537 4520 honorarii
2575 4444 2836 4519 Montis
2872 4445 3223 4518 Politiani

540 4585 579 4629 2»
621 4559 964 4633 substitui
1015 4562 1289 4651 possint
1342 4562 1417 4632 in
1470 4561 1759 4633 servitio
1813 4559 2080 4631 chorali
2128 4559 2218 4631 ab
2257 4560 2416 4632 aliis
2454 4560 2814 4632 canonicis
2852 4556 3233 4650 praeben-

537 4697 577 4742 »
617 4673 806 4745 datis
858 4674 931 4744 in
983 4667 1197 4744 casu}
1230 4697 1269 4740 »
1324 4671 1773 4764 Respondit:
1835 4670 2271 4765 ‹Negative.
2310 4698 2347 4740 »
