3497 5235
963 183 1082 259 οι».
1109 184 1155 242 1.
1194 148 1462 243 no‘mtu
1497 179 1760 240 tutona·
1799 178 2077 240 maturini.
2119 181 2175 256 g.
2201 179 2326 237 4-7.
2902 174 2984 239 69

296 313 631 380 etesiarum
665 313 947 380 tuitione
980 315 1170 382 solet.
1198 352 1242 365 -
1276 318 1388 381 59.
1426 314 1744 380 Ecclesiae
1777 313 2155 399 praesertim
2189 310 2580 379 cathedrales
2613 310 2711 377 ius
2742 311 2982 380 habent

294 414 377 481 ad
420 435 589 481 sacra
637 416 938 481 utensilia
986 436 1019 482 a
1066 416 1482 493 beneficiatis,
1536 426 1599 482 et
1646 415 2023 482 nominatim
2055 415 2132 481 ab
2165 415 2495 502 Episcopis
2528 414 2747 480 relicta
2779 417 2979 505 vulgo

294 518 652 603 spolium.-
680 521 789 584 60.
820 518 1003 595 Quod
1041 518 1186 585 ideo
1218 519 1622 605 potissimum
1658 516 1992 583 inductum
2041 530 2158 594 est,
2209 528 2280 583 ut
2328 517 2551 583 eadem
2587 517 2652 583 in
2686 517 2980 603 profanas

300 621 601 687 laicorum
651 639 875 686 manus
908 640 989 686 ne
1022 620 1268 687 cadant.
1308 658 1350 669 -
1382 624 1491 686 61.
1531 621 1695 696 Quae
1726 621 2061 706 speciatim
2108 620 2383 686 veniunt
2430 621 2691 686 nomine
2737 622 2922 704 spolii
2948 626 2976 684 ἲ

300 762 344 773 -
372 728 483 790 62.
524 723 730 790 Aliter
774 723 1120 810 disponens
1154 723 1234 790 de
1270 724 1366 799 iis,
1414 722 1566 789 nihil
1600 723 1750 808 agit.
1792 727 2164 789 Detentores
2212 723 2437 808 poenis
2472 731 2534 787 et
2565 721 2977 790 satisfactioni

298 827 755 894 subiiciuntur.
792 864 835 873 -
869 826 1255 892 collectores
1303 845 1588 891 camerae
1621 826 2023 912 Apostolicae
2073 824 2132 889 in
2183 824 2257 889 iis
2303 846 2372 890 se
2421 823 2783 891 immiscere
2824 844 2979 911 pro-

298 930 630 997 hibentur.
652 968 697 979 -
721 934 830 997 63.
864 930 1237 997 Sanctiones
1269 928 1635 996 huiusmodi
1669 928 2106 1013 compluribus
2142 927 2619 1014 quaestionibus
2655 929 2974 1015 originem

296 1032 712 1121 praebebant.
750 1071 795 1082 -
826 1036 933 1099 64.
977 1032 1152 1098 Plura
1200 1032 1393 1099 dubia
1441 1031 1521 1097 de
1567 1029 1761 1115 spolio
1808 1030 2272 1118 Episcoporum
2315 1050 2383 1096 ac
2415 1033 2788 1118 praesertim
2827 1033 2977 1097 Car-

297 1134 610 1202 dinalium
656 1136 1002 1201 novissime
1051 1135 1117 1200 in
1153 1136 1383 1199 Aesina
1433 1133 1704 1199 resoluta
1737 1144 1889 1197 sunt
1937 1155 1967 1197 a
2017 1139 2079 1201 S.
2123 1136 2190 1198 C.
2230 1130 2445 1218 Episc.
2480 1146 2545 1199 et
2578 1134 2805 1220 Regul.
2843 1134 2974 1210 Qua

288 1236 372 1304 de
402 1256 477 1303 re
512 1239 913 1323 Apostolicae
956 1238 1130 1306 ssmi
1166 1240 1238 1301 D.
1271 1240 1345 1301 N.
1381 1235 1628 1301 Literae
1664 1235 1726 1302 in
1765 1235 1901 1299 eius
1933 1233 2480 1301 confirmationem
2512 1237 2971 1321 prodierunt.-

292 1344 397 1407 65.
438 1342 507 1405 ln
557 1342 912 1406 Feretrana
964 1342 1111 1406 licet
1160 1340 1510 1426 Episcopus
1559 1337 1900 1403 defunctus
1937 1337 2365 1403 inventarium
2400 1357 2530 1403 non
2564 1338 2964 1415 confecisset,

290 1450 354 1513 S.
395 1448 470 1510 G.
523 1443 870 1508 cathedrali
924 1462 1049 1509 non
1097 1442 1327 1508 cedere
1363 1440 1608 1507 censuit
1642 1439 1964 1516 utensilia,
2001 1458 2164 1524 quae
2199 1440 2508 1507 haeredes
2550 1438 2669 1506 rite
2704 1439 2975 1505 demon-

287 1546 568 1612 strabant
601 1565 686 1611 ex
718 1546 901 1611 bonis
947 1545 1494 1631 patrimonialibus
1528 1554 1887 1628 comparata
1920 1542 2135 1608 fuisse.
2167 1580 2211 1591 -
2244 1547 2351 1609 66.
2393 1545 2530 1610 Non
2563 1553 2780 1629 potest
2812 1542 2967 1630 Epi-

286 1668 519 1735 scopus
569 1649 664 1715 uti
712 1650 1097 1735 paramentis
1143 1647 1405 1713 alicuius
1455 1646 1755 1712 ecclesiae
1804 1656 1983 1712 extra
2031 1646 2221 1711 illam.
2274 1648 2363 1711 De
2412 1645 2794 1712 utensilibus
2845 1656 2969 1711 tra-

296 1763 537 1819 ctatum
590 1750 797 1817 edidit
842 1750 923 1817 de
971 1749 1275 1816 Albertis.

435 1990 562 2061 39.
609 1986 718 2059 Ad
768 1988 1074 2078 primum
1130 1987 1320 2076 quod
1375 1987 1659 2074 attinet,
1733 2004 1980 2059 sacrae
2049 1986 2265 2059 aedes
2335 1987 2447 2059 vel
2518 1985 2967 2058 cathedrales

288 2108 464 2173 sunt
530 2094 714 2191 (quo
782 2101 1070 2171 nomine
1120 2099 1338 2170 etiam
1389 2099 1727 2172 ecclesias
1779 2098 2295 2189 patriarchales
2365 2104 2436 2171 et
2498 2098 2973 2188 archiepisco-

287 2212 492 2302 pales
546 2206 1251 2307 comprehendimus)
1304 2215 1374 2283 et
1428 2210 1872 2302 collegiatae,
1930 2210 2041 2283 vel
2093 2211 2567 2301 parochialeS‚
2625 2217 2750 2283 aut
2800 2213 2972 2283 sim-

288 2324 516 2414 plices
576 2322 950 2396 ecclesiae.
1030 2321 1129 2395 De
1209 2324 1459 2415 primis
1537 2324 1806 2413 optime
1884 2321 2192 2413 quadrat
2268 2323 2593 2397 doctrina
2671 2322 2970 2413 Sperelli

290 2435 522 2507 Decis.
554 2434 676 2507 68.
712 2455 788 2505 n.
819 2434 982 2516 20„
1020 2452 1236 2524 quam
1274 2435 1601 2524 sequitur
1635 2432 1859 2525 Crisp.
1904 2433 1986 2505 de
2021 2434 2217 2507 visit.
2243 2441 2436 2527 past.
2473 2435 2559 2506 P.
2594 2434 2689 2507 11.
2733 2432 2806 2529 ἓ.
2844 2433 2962 2507 13.

289 2564 363 2615 η.
394 2546 470 2617 4.
512 2542 835 2619 Bal-hosa
876 2546 1078 2621 Cous.
1119 2546 1282 2628 25„
1321 2546 1614 2637 aliique,
1674 2552 1774 2635 et,
1831 2545 2024 2637 quod
2076 2546 2307 2619 maius
2342 2551 2476 2636 est,
2519 2543 2592 2619 S.
2626 2543 2702 2617 C.
2744 2545 2958 2620 Conc.

288 2660 367 2729 in
410 2660 698 2730 Terrae.
739 2664 806 2730 et
836 2659 1055 2731 Setin.
1104 2657 1220 2729 17.
1254 2653 1488 2730 Martii
1530 2657 1746 2730 1781.
1787 2654 1862 2753 §-
1901 2658 1970 2728 7.
2017 2678 2055 2724 ‹
2095 2659 2166 2730 Si
2207 2664 2458 2750 agatur
2519 2653 2654 2754 (ita
2692 2658 2972 2750 Sperel-

298 2795 339 2838 ι
376 2767 546 2865 lius)
598 2770 691 2843 de
740 2770 1211 2842 instauranda
1263 2771 1560 2842 ecclesia
1613 2769 2058 2858 cathedrali,
2116 2769 2327 2844 latior
2378 2771 2782 2860 distinctio,
2840 2788 2970 2844 seu

300 2905 339 2949 ι
378 2882 751 2972 graduatio
803 2881 1131 2954 facienda
1167 2888 1312 2970 est;
1370 2901 1538 2954 nam
1589 2888 1661 2954 et
1714 2882 1850 2954 hoc
1883 2882 1959 2953 in
1993 2901 2165 2955 casu
2205 2885 2401 2972 prius
2437 2883 2532 2955 ad
2565 2884 2964 2975 portionem

304 3016 345 3059 ι
380 3010 501 3082 pro
552 2991 827 3066 fabrica
880 2993 1353 3082 destinatam;
1413 2992 1675 3065 deinde
1729 2993 2237 3066 recurrendum
2290 3000 2398 3066 est
2451 2994 2543 3066 ad
2589 2999 2972 3066 consuetu-

304 3126 345 3169 >
380 3104 654 3191 dinem3
712 3103 978 3193 quihus
1029 3103 1506 3194 cessantibuS,
1563 3101 1961 3196 Episcopus
1996 3111 2283 3177 tenetur
2318 3111 2649 3194 quartam
2689 3112 2965 3196 partem

282 3211 349 3282 ἰ»
383 3214 737 3289 fructuum
787 3235 960 3289 suae
1012 3235 1302 3289 mensae
1355 3224 1501 3290 tam
1556 3218 2075 3307 praesentium,
2151 3236 2368 3308 quam
2421 3218 2964 3309 praeteritorum

311 3348 352 3391 >
382 3326 834 3417 impendere3
893 3346 1035 3419 qua
1088 3347 1233 3400 non
1286 3328 1725 3418 sufficiente,
1783 3325 1943 3422 (pro
1997 3328 2268 3401 fabrica
2323 3330 2763 3418 necessaria,
2820 3347 2965 3402 non

313 3442 611 3511 »tamen
650 3439 746 3511 ad
780 3436 1145 3536 ornatum)
1184 3449 1522 3515 tenentur
1556 3443 1879 3515 canonici
1917 3441 2007 3513 de
2042 3440 2473 3532 praebendis
2507 3436 2846 3537 (deducto
2874 3460 2966 3516 ne

314 3571 355 3614 >
386 3547 667 3646 egeant)
719 3552 1197 3642 contribuere;
1256 3561 1328 3626 et
1382 3554 1522 3625 illis
1558 3572 1846 3644 quoque
1887 3571 2030 3624 non
2067 3552 2619 3642 sufficientibuS,
2661 3557 2965 3644 possunt

318 3681 357 3719 ι
390 3663 591 3733 ceteri
642 3663 719 3734 in
771 3662 961 3736 dicta
1013 3665 1310 3738 ecclesia
1363 3665 1772 3739 beneficiati
1826 3667 2024 3737 iuxta
2078 3665 2289 3754 vireS,
2344 3671 2417 3737 et
2450 3665 2712 3737 deinde
2747 3664 2963 3737 etiam

318 3791 355 3838 ›
392 3776 569 3844 totus
619 3773 852 3845 clerus
905 3774 996 3847 ab
1047 3771 1399 3869 Episcopo
1453 3795 1615 3849 cnm
1666 3794 2022 3849 consensu
2076 3777 2360 3848 maioris
2406 3778 2630 3870 partis
2667 3774 2965 3864 capituli

320 3902 357 3949 ›
386 3882 471 3954 ad
518 3885 1121 3960 contribuendum
1157 3889 1348 3981 cogi3
1405 3895 1478 3962 et
1529 3889 1842 3979 denique
1896 3889 1970 3960 in
2023 3887 2424 3961 subsidium
2478 3895 2764 3961 tenetur
2799 3905 2967 3960 con-

319 3996 689 4070 »tribuere
742 4000 1096 4089 populus;
1151 4001 1252 4073 ita
1306 4001 1649 4073 latissime
1703 4001 1940 4071 varias
1993 4000 2453 4090 antiquorum
2506 4016 2963 4071 reassumens

319 4125 356 4172 >
387 4109 745 4199 opiniones
798 4113 1156 4185 consuluit
1208 4109 1507 4202 Berojus
1545 4111 1748 4185 Con‘s.
1782 4110 1857 4183 3.
1882 4131 2012 4204 per
2041 4116 2204 4193 tot„
2234 4107 2548 4183 Barbosa
2589 4110 2793 4184 Cous.
2834 4109 2959 4182 25.

315 4240 354 4284 ι
385 4221 508 4292 vol.
546 4221 621 4294 3.
684 4245 722 4289 ‹
765 4217 1212 4297 Manutentio
1267 4230 1534 4314 autem,
1576 4240 1705 4296 seu
1740 4223 2224 4296 reaedificatio
2261 4222 2604 4295 ecclesiae
2643 4221 2966 4295 aedium·

314 4351 349 4396 >
379 4347 507 4422 que
554 4334 660 4406 illi
715 4334 1163 4407 adnexarum
1215 4336 1466 4409 eodem
1519 4336 1671 4408 iure
1724 4335 2068 4409 definitur
2102 4335 2302 4407 iuxta
2343 4334 2514 4426 Cap.
2555 4330 2733 4406 Boni
2767 4335 2966 4427 prin-

311 4465 344 4508 »
375 4444 539 4540 cipis
587 4447 764 4519 dist.
807 4446 928 4520 96.
976 4471 1014 4515 ›
1069 4444 1271 4519 Idem
1324 4447 1634 4519 firmavit
1684 4443 1873 4517 Rota
1924 4447 2000 4518 in
2074 4446 2558 4520 constantien.
2621 4445 2966 4535 Reaedifi-

302 4563 425 4630 cat.
463 4559 802 4633 ecclesiae
855 4559 925 4630 3.
969 4557 1176 4631 Mart.
1223 4559 1436 4631 1758.
1478 4555 1553 4654 ἓ.
1598 4559 1670 4628 7.
1728 4575 1964 4629 coram
2018 4555 2266 4629 Ratta.
