3497 5235
1071 287 1313 363 cmm
1353 289 1427 346 n·
1464 285 1601 345 um
1642 287 1916 347 menius
1957 292 2012 366 5.
2043 289 2095 349 s.
2806 294 2927 359 403

240 417 458 490 ticum
514 418 1098 494 confirmatorum
1149 429 1508 515 regestum
1561 431 1964 496 asservetur
2016 433 2087 500 et
2161 426 2582 518 retineatur,
2638 447 2725 503 ex
2777 447 2921 520 quo

243 532 331 604 ad
386 534 790 624 petentium
843 536 1449 626 opportunitatem
1504 533 1920 608 authentica
1974 539 2380 611 testimonia
2433 540 2719 614 extrahi
2758 559 2923 631 pos-

243 644 413 716 sint.
476 640 801 735 Idipsum
855 646 1264 737 nuperrime
1315 647 1387 717 S.
1429 644 1505 717 C.
1548 642 1786 736 Episc.
1831 654 1902 720 et
1953 645 2214 740 Regul.
2269 654 2635 743 conceptis
2687 652 2925 725 verbis

246 755 711 828 vehementer
764 758 1198 830 inculcatum
1250 759 1474 829 voluit
1529 757 1779 830 abbati
1832 755 2092 833 Montis
2146 758 2481 854 VirginiS‚
2526 765 2730 836 cuius
2781 763 2929 855 pri-

249 867 589 958 vilegium
642 887 844 940 sacro
896 868 1278 943 chrismate
1331 869 1723 942 deliniendi
1760 889 2017 962 pueros
2054 872 2333 944 alienae
2370 873 2778 947 dioeceseos
2815 895 2927 948 re-

251 980 619 1072 cognitum
655 988 725 1054 et
763 982 1260 1055 confirmatum
1299 982 1431 1056 fuit
1467 983 1541 1054 in
1578 984 1867 1056 Nullius
1903 985 2163 1060 Montis
2210 986 2518 1079 Virqinis
2557 988 2730 1081 Sup.
2779 990 2917 1060 iur.

249 1092 442 1164 conf.
482 1110 633 1165 sac.
672 1090 873 1165 ConI.
917 1094 1057 1166 diei
1111 1097 1230 1168 30.
1273 1092 1482 1169 Mart.
1529 1097 1744 1169 1855.

393 1208 566 1281 260.
624 1204 1047 1280 consulatur
1101 1207 1174 1279 in
1225 1207 1362 1279 hac
1417 1209 1711 1281 materia
1766 1225 1982 1280 causa
2038 1208 2298 1282 Montis
2355 1209 2709 1283 Politiani
2772 1209 2913 1284 VV.

252 1319 377 1394 SS.
421 1321 567 1393 LL.
611 1319 749 1391 diei
803 1319 925 1390 23.
967 1315 1178 1391 Febr.
1225 1319 1473 1409 1856„
1515 1338 1701 1409 quae
1739 1318 2122 1393 adducitur
2156 1323 2231 1392 in
2279 1322 2517 1415 capite
2554 1321 2636 1393 de
2672 1324 2931 1396 Postu-

246 1431 466 1515 latis,
509 1431 774 1523 postul.
839 1430 955 1504 12.

400 1632 442 1675 ι
497 1603 698 1679 vl11.
746 1610 849 1679 An
884 1608 1107 1697 aliqui
1160 1610 1472 1701 ipsorum
1522 1608 1893 1699 indigeant
1931 1609 2233 1682 aliorum
2269 1611 2719 1685 sacerdotum
2758 1631 2930 1705 ope-

251 1746 289 1788 »
346 1741 460 1810 ra,
498 1727 582 1793 ut
632 1718 1090 1794 Sacramenta
1143 1721 1405 1813 populo
1456 1715 2009 1796 administrent?
2064 1747 2104 1790 ιι

384 1904 817 1968 Suunanmn.
869 1903 1025 1973 261.
1060 1902 1340 1978 Quatuor
1369 1897 1717 1986 praecipue
1767 1900 1849 1966 de
1883 1901 2078 1967 causis
2112 1902 2391 1987 parocho
2427 1902 2765 1970 coadiutor
2794 1904 2927 1971 dari

246 2013 493 2091 potest.
529 2039 574 2051 -
605 2005 754 2067 262.
809 2004 963 2067 263.
1016 2006 1213 2068 Datur
1259 2004 1468 2087 primo
1499 2001 1832 2068 coadiutor
1876 2005 2155 2089 parocho
2196 2024 2529 2091 suspenso.
2586 2008 2933 2092 Suspensio

247 2104 718 2183 consideratur,
769 2106 871 2170 vel
924 2105 1011 2172 uti
1065 2124 1268 2191 poena
1320 2126 1435 2193 pro
1485 2106 1835 2191 praeterito
1882 2107 2175 2185 crimine,
2212 2128 2279 2173 ac
2318 2121 2450 2173 tum
2485 2127 2615 2175 non
2653 2112 2932 2195 exigitur

242 2207 511 2294 praevia
559 2207 854 2285 monitio,
908 2218 972 2273 et
1019 2217 1230 2295 potest
1278 2209 1450 2274 iuxta
1501 2227 1680 2272 usum
1731 2208 1954 2274 saltem
2003 2209 2337 2295 antiquum
2383 2229 2521 2276 esse
2572 2210 2926 2291 indefinita,

250 2310 594 2398 (quamvis
641 2311 826 2376 aliter
869 2312 1164 2377 Suaresio
1212 2311 1496 2392 videtur)
1545 2310 1955 2376 nihilominus
2002 2331 2276 2398 aequum
2327 2324 2444 2389 est,
2509 2324 2579 2378 ut
2625 2333 2933 2401 suspenso

240 2415 769 2482 criminationum
811 2418 1009 2504 capita
1057 2414 1534 2504 significentur:
1585 2416 1690 2480 vel
1724 2415 2186 2493 consideratur,
2227 2416 2316 2480 uti
2355 2433 2617 2482 censura
2668 2418 2934 2503 proprie

241 2519 454 2596 dicta,
505 2537 575 2583 ac
624 2530 758 2585 tum
810 2521 1054 2586 nonnisi
1109 2518 1189 2585 ob
1237 2516 1691 2585 contumaciam
1745 2518 2082 2606 irrogatur,
2125 2517 2392 2604 eiusque
2428 2518 2682 2584 duratio
2717 2537 2749 2582 a
2785 2537 2937 2584 con-

241 2622 529 2689 tumacia
578 2622 931 2699 dimetitur,
983 2623 1048 2688 in
1097 2642 1300 2708 eaque
1345 2622 1780 2688 solemnitates
1830 2621 1982 2687 iuris
2013 2641 2083 2686 ac
2119 2623 2499 2688 monitiones
2530 2641 2793 2689 servare
2826 2640 2936 2687 ne·

243 2746 434 2793 cesse
470 2745 596 2791 non
632 2738 747 2792 est.
779 2763 822 2774 -
853 2730 1003 2792 264.
1045 2730 1195 2792 265.
1235 2729 1387 2791 266.
1429 2726 1710 2801 Etiamsi,
1750 2727 1938 2792 certis
1967 2726 2229 2790 servatis
2263 2725 2535 2812 legibus,
2571 2723 2933 2810 suspensio-

238 2848 404 2897 nem
456 2828 852 2895 indefinitam
903 2830 1185 2914 irrogare
1222 2828 1303 2894 ias
1336 2829 1675 2914 aliquando
1724 2828 1982 2896 forsitan
2029 2830 2147 2908 sit,
2193 2841 2373 2894 caute
2426 2840 2636 2893 tamen
2674 2829 2750 2892 ab
2784 2827 2941 2912 Epi·

236 2932 463 3019 scopis
511 2932 988 3017 procedendum
1043 2952 1202 3009 esse,
1254 2944 1476 2998 monet
1522 2933 1888 3018 exemplum
1938 2931 2204 2999 duarum
2254 2950 2612 3006 causarum,
2668 2948 2942 3013 quarum

234 3035 504 3120 species
551 3045 615 3099 et
665 3034 1085 3100 resolutiones
1131 3033 1506 3100 afferuntur.
1557 3071 1601 3085 -
1648 3037 1800 3100 267.
1856 3037 1920 3099 ln
1970 3035 2310 3120 praedictis
2356 3033 2529 3098 hisce
2583 3032 2792 3097 causis
2840 3031 2939 3096 vi-

241 3137 419 3201 tium
472 3135 591 3201 hoc
641 3135 879 3213 inerat,
933 3135 1104 3220 quod
1153 3137 1483 3223 suspensio
1530 3138 1698 3205 haud
1751 3148 2155 3223 temporanea
2209 3137 2409 3212 ioret3
2476 3134 2655 3201 unde
2725 3144 2938 3220 potest

230 3238 500 3323 colligi,
551 3237 743 3303 hodie
794 3260 1105 3306 recessum
1160 3240 1347 3307 inisse
1394 3262 1424 3305 a
1473 3239 1691 3326 praxi,
1730 3253 1800 3306 ut
1829 3241 2278 3326 suspensiones
2328 3238 2704 3304 indefinitae
2751 3234 2937 3302 susti-

234 3350 555 3406 neantur·
594 3376 636 3389 -
669 3343 821 3406 268.
874 3344 1256 3428 Exemplum
1304 3341 1777 3428 suspensionis,
1831 3344 1919 3408 uti
1972 3362 2242 3430 poenae,
2296 3341 2617 3428 irrogatae
2673 3338 2940 3427 praebet

229 3462 435 3510 causa
471 3444 945 3529 Balneoreyc'en.
997 3446 1165 3532 apud
1215 3451 1283 3514 S.
1318 3450 1522 3533 Cong.
1580 3446 1791 3530 Episc.
1844 3456 1906 3510 et
1958 3447 2211 3534 Regul„
2263 3443 2442 3510 cuius
2492 3443 2749 3529 species
2798 3459 2941 3505 nar-

233 3559 460 3612 ratur.
497 3583 543 3594 -
576 3551 726 3612 269.
766 3553 917 3615 270.
961 3553 1166 3614 Potest
1199 3550 1548 3635 Episcopus
1594 3549 2077 3633 suspensionem
2128 3548 2420 3634 infligere
2474 3549 2553 3613 ob
2590 3567 2800 3613 causas
2836 3564 2940 3610 oc·

228 3651 454 3715 cultas
502 3649 622 3714 sibi
670 3662 847 3717 notas
893 3672 971 3718 ex
1021 3652 1351 3718 informata
1392 3650 1815 3729 conscientia,
1866 3669 2081 3736 neque
2131 3663 2386 3717 tenetur
2432 3670 2646 3716 causas
2696 3647 2937 3734 signifi-

225 3772 403 3820 care
464 3771 815 3837 suspenso,
883 3755 1048 3821 bene
1111 3775 1265 3820 vero
1329 3759 1391 3822 S.
1434 3754 1606 3822 Sedi.
1658 3756 1819 3832 Quin
1871 3754 1997 3820 imo
2046 3774 2172 3820 non
2222 3755 2406 3821 datur
2468 3755 2812 3839 appellatio
2860 3752 2940 3820 ad

221 3857 704 3944 superiorem,
761 3857 922 3924 idest
967 3858 1574 3945 metropolitanum,
1623 3857 1733 3923 sed
1785 3867 1960 3942 patet
2023 3877 2314 3923 recursus
2376 3858 2453 3924 ad
2504 3857 2942 3941 Apostolicam

221 3958 521 4031 Sedem.
560 3995 603 4006 -
635 3963 787 4025 271.
841 3963 908 4026 In
954 3961 1372 4048 suspensione
1405 3979 1484 4024 ex
1522 3959 1851 4025 informata
1900 3959 2283 4027 conscientia
2333 3978 2461 4026 non
2495 3957 2693 4024 babet
2730 3958 2941 4023 locum

219 4063 424 4130 trina
475 4062 772 4127 monitio.
812 4066 964 4128 272.
1003 4062 1264 4140 Quando
1311 4060 1555 4127 crimen
1604 4062 1725 4127 dici
1778 4062 2005 4129 debeat
2054 4063 2370 4128 occultum
2418 4059 2494 4127 ad
2544 4061 2708 4138 boc,
2761 4070 2832 4124 ut
2862 4078 2944 4124 ex

215 4186 322 4234 eo
376 4168 720 4250 suspensio
768 4166 1090 4251 praedicta
1144 4165 1340 4252 inssigi
1403 4165 1631 4229 valeat.
1684 4165 1862 4229 Varia
1911 4165 2067 4230 varii
2118 4165 2412 4230 doctores
2474 4163 2744 4229 docent.
2815 4159 2946 4230 Sed

213 4289 350 4337 res
404 4288 491 4332 ex
539 4268 1149 4334 circumstantiarum
1199 4270 1502 4334 varietate
1551 4278 1616 4331 et
1664 4266 1964 4352 prudenti
2002 4267 2298 4352 Episcopi
2348 4265 2612 4331 arbitrio
2682 4265 2947 4330 videtur

211 4367 676 4440 dimetienda.
710 4408 753 4420 -
785 4375 936 4437 273.
981 4375 1046 4436 ln
1079 4371 1199 4437 hoc
1232 4370 1415 4436 valde
1448 4371 1804 4434 cavendum
1838 4380 1957 4445 est,
1996 4388 2076 4434 ne
2111 4368 2413 4434 habeatur
2455 4379 2525 4432 ut
2584 4369 2939 4446 occultum,

209 4473 430 4563 quod
485 4474 610 4539 tale
657 4492 877 4540 revera
930 4493 1058 4539 non
1106 4484 1239 4552 est3
1292 4471 1546 4558 quando
1595 4471 1767 4536 enim
1816 4471 2163 4557 Episcopus
2211 4488 2462 4535 causam
2504 4469 2945 4555 suspensionis

205 4583 310 4648 S·
351 4573 513 4644 Sedi
566 4575 1100 4653 manifestaverit,
1148 4577 1197 4640 si
1249 4576 1490 4640 crimen
1540 4591 1759 4659 reapse
1806 4591 1932 4638 non
1984 4573 2300 4638 occultum
2348 4591 2484 4637 esse
2534 4571 2943 4651 constiterit,

198 4678 744 4766 suspensionem
791 4698 919 4747 non
949 4678 1244 4745 sustineri
1281 4680 1349 4744 S.
1379 4679 1452 4743 G.
1494 4679 1687 4742 Conc.
1725 4673 2028 4741 declarat.
2065 4712 2109 4726 -
2139 4677 2298 4742 274.
2342 4676 2639 4743 Secundo
2689 4674 2947 4742 adiutor
