3497 5235
626 311 743 373 444
1366 307 1734 368 Instructius·
1775 308 1830 368 8.
1857 308 2042 384 Oongr.
2070 307 2218 368 Ocu.
2255 307 2528 385 monitio.

624 443 760 515 bac
787 444 943 535 lege
970 441 1309 515 liberatos
1344 443 1913 517 arbitrabantur.
1953 440 2235 517 Nullam
2271 442 2587 537 profecto
2630 438 3025 534 Apostolica
3063 438 3285 515 Sedes

626 557 1064 628 occasionem
1118 554 1314 627 abire
1366 556 1830 647 permiserat,
1888 575 2030 649 qua
2087 556 2192 628 vel
2244 575 2373 650 per
2435 554 2507 629 S.
2566 554 2783 647 Cong.
2838 552 3051 629 Cone.
3083 607 3105 643 ,
3181 554 3289 627 vel

629 670 841 741 aliam
894 668 984 741 de
1034 665 1500 760 Propaganda
1552 666 1772 758 Fide,
1843 688 1928 742 ac
1980 687 2106 761 per
2159 670 2231 740 S.
2289 666 2914 741 Poenitentiariam
2986 667 3293 759 singulis

629 780 915 854 casibus
968 797 1110 851 non
1162 779 1516 869 edoceret,
1573 787 1845 854 sartum
1894 789 2312 872 tectumque
2368 798 2654 853 manere
2707 781 3037 872 parochis
3105 800 3294 855 onus

628 894 1012 965 salutarem
1066 910 1195 985 pro
1248 894 1397 964 suis
1449 892 1701 966 ovibus
1752 895 2087 983 bostiam,
2144 894 2341 968 velut
2393 895 2727 984 antehac,
2785 896 3230 970 immolandi.

775 1005 944 1077 348.
1001 1001 1173 1077 Cum
1227 1022 1393 1078 vero
1447 1007 1694 1097 paucis
1745 1005 2012 1079 abhinc
2081 1005 2291 1078 annis
2343 1007 2535 1099 apud
2589 1002 2664 1077 S.
2721 1005 2793 1077 C.
2852 1006 3067 1080 Cone.
3127 1028 3301 1101 sup-

626 1117 893 1211 plicum
945 1115 1345 1188 libellorum
1400 1135 1741 1190 numerus
1794 1119 1868 1190 in
1921 1118 2075 1191 dies
2127 1124 2592 1206 excresceret,
2650 1118 2914 1209 quibus
2949 1137 3065 1192 res
3118 1120 3302 1194 baec

628 1230 740 1305 vel
793 1232 873 1303 in
923 1229 1444 1303 dubitationem
1499 1230 1918 1321 vocabatur,
1977 1232 2085 1304 vel
2124 1232 2719 1305 consuetudinem
2770 1233 3096 1305 inolitam
3127 1235 3303 1307 rati-

627 1342 880 1416 haberi
935 1340 1388 1435 poscebatur,
1455 1361 1517 1413 s,
1577 1362 1672 1415 m.
1731 1340 1900 1416 Pius
1951 1340 2082 1414 lx.
2144 1350 2427 1436 arrepta
2480 1345 2853 1417 occasione
2919 1345 3302 1417 cuiusdam

630 1473 889 1529 causae
963 1454 1448 1546 Osnabruqen.
1507 1456 1581 1526 in
1650 1455 1993 1548 plenariis
2063 1457 2368 1529 comitiis
2436 1455 2572 1529 sub
2651 1457 2887 1530 iudice
2956 1457 3293 1547 relictae,

628 1567 1011 1661 specialem
1063 1563 1695 1657 congregationem
1767 1570 2089 1660 quinque
2141 1569 2215 1641 S.
2269 1563 2364 1638 R.
2421 1564 2506 1638 E.
2563 1564 3074 1642 cardinalibus
3136 1586 3300 1642 con-

629 1681 981 1768 stitutam,
1037 1675 1215 1750 Eme
1266 1678 1599 1753 videlicet
1648 1677 1958 1773 Cagiano
2008 1677 2373 1754 Praefecto
2426 1677 2500 1751 S.
2555 1679 2631 1753 C.
2688 1678 2935 1770 Conc.‚
3012 1700 3297 1755 necnon

627 1792 835 1866 Card.
893 1792 982 1865 de
1025 1790 1329 1880 Andrea,
1385 1789 1691 1864 Caterini
1747 1788 1905 1888 (qui
1956 1798 2205 1885 postea
2257 1794 2334 1866 in
2387 1792 2835 1884 praefectura
2872 1793 2947 1865 S.
2989 1790 3298 1886 Congre-

632 1905 937 1998 gationis
988 1901 1411 1995 subrogatus
1464 1900 1603 1998 est)
1658 1901 1978 1978 Brunelli
2030 1923 2113 1978 ac
2165 1902 2526 1993 Santucci‚
2584 1922 2667 1976 eo
2719 1905 3024 1978 consilio
3079 1905 3297 1998 depu-

630 2019 833 2106 tavit,
891 2022 971 2088 ut
1023 2015 1537 2088 controversias
1573 2034 1821 2089 omnes
1872 2035 2090 2109 super
2138 2018 2276 2090 bac
2311 2018 2607 2089 materia
2644 2017 2982 2090 subortas
3019 2025 3296 2092 matura

632 2131 1149 2207 deliberatione
1201 2131 1587 2203 discuteret
1637 2137 1708 2203 et
1759 2131 1872 2202 sui
1925 2130 2169 2203 iudicii
2221 2130 2493 2204 calculo
2546 2130 2903 2205 definiret.

778 2245 948 2317 349.
993 2240 1250 2335 Itaque
1304 2244 1378 2314 in
1431 2242 1623 2315 bunc
1673 2243 1894 2315 finem
1945 2241 2375 2315 consultatio
2437 2244 2837 2335 conscripta
2888 2249 3047 2332 est,
3107 2246 3298 2317 cuius

632 2356 1167 2432 elucubrandae
1220 2375 1389 2427 cura
1443 2355 1617 2427 mihi
1672 2355 2015 2427 mandata
2067 2353 2327 2443 fuerat,
2378 2355 2454 2426 in
2504 2372 2676 2444 qua,
2734 2372 2809 2426 re
2860 2375 2904 2425 a
2956 2355 3117 2427 suis
3166 2356 3299 2448 pri-

632 2470 923 2543 mordiis
971 2468 1305 2559 repetita,
1345 2475 1416 2541 et
1469 2466 1559 2539 ad
1611 2467 1794 2540 haec
1827 2484 2055 2557 usque
2108 2471 2428 2561 tempora
2474 2466 2812 2556 deducta,
2853 2467 3298 2541 demonstra
3396 2504 3403 2509 ·

630 2583 874 2671 batur,
914 2598 1074 2655 eam
1125 2581 1313 2653 omni
1369 2587 1688 2675 tempore
1740 2578 1960 2653 fuisse
2013 2575 2216 2651 Sedis
2275 2578 2716 2671 Apostolicae
2769 2586 3117 2670 mentem,
3174 2588 3292 2670 ut,

633 2695 832 2768 nulla
883 2694 972 2767 de
1025 2693 1275 2766 officiis
1327 2693 1825 2767 ecclesiasticis
1861 2692 2167 2783 aliisque
2219 2693 2312 2765 ad
2347 2692 2718 2766 ecclesiam
2767 2693 3295 2784 pertinentibus

634 2807 1185 2882 commutatione
1238 2805 1454 2894 iacta,
1510 2803 2105 2878 Christifidelibus
2142 2806 2344 2897 copia
2380 2806 2757 2878 dumtaxat
2806 2805 3040 2894 fieret,
3084 2814 3165 2879 ut
3211 2804 3299 2878 ab

632 2922 773 2994 otio
826 2919 1099 3012 procul,
1139 2916 1518 2991 servilibus
1552 2917 1889 3009 operibus
1934 2917 2220 3005 intenti,
2259 2915 2539 2990 facilius
2591 2922 2663 2989 et
2695 2917 3144 2991 commodius
3179 2937 3298 2991 ne-

633 3032 959 3106 cessariis
1008 3032 1198 3105 vitae
1249 3030 1591 3102 subsidiis
1626 3029 2126 3121 comparandis
2159 3034 2524 3101 vacarent.
2562 3024 2955 3100 Rationum
2991 3029 3299 3102 subinde

633 3145 1039 3233 momentis,
1078 3162 1266 3234 quae
1316 3143 1392 3214 in
1448 3141 1760 3215 medium
1811 3140 2383 3233 proferebantur,
2433 3159 2521 3214 ex
2571 3147 2878 3231 utraque
2933 3149 3143 3234 parte
3194 3141 3300 3214 di-

629 3259 938 3351 ligenter
989 3255 1357 3347 expositiS,
1399 3252 1921 3327 declarationes
1972 3252 2451 3342 addebantur,
2495 3270 2681 3344 quae
2726 3273 2769 3323 a
2821 3250 2897 3325 S.
2940 3251 3018 3325 C.
3063 3251 3298 3341 Conc.‚

633 3371 746 3445 vel
798 3389 841 3441 a
892 3369 965 3441 S.
1007 3366 1080 3441 C.
1123 3367 1212 3440 de
1264 3365 1732 3460 Propaganda
1787 3364 2003 3454 Fide,
2062 3372 2187 3438 aut
2241 3385 2281 3437 a
2334 3365 2408 3437 S.
2467 3361 3026 3438 Poenitentiaria
3095 3384 3302 3458 super

634 3486 788 3574 lege
839 3478 1098 3553 Missae
1132 3478 1539 3553 offerendae
1573 3480 1787 3551 etiam
1842 3476 2099 3550 diebus
2143 3494 2183 3548 e
2216 3476 2561 3551 festorum
2597 3476 2761 3549 albo
2796 3475 3059 3550 deletis
3111 3477 3304 3550 iden—

633 3596 857 3670 tidem
910 3593 1146 3666 editae
1183 3593 1493 3665 fuerant.
1538 3588 1702 3663 Post
1736 3591 1918 3662 haec
1971 3589 2474 3663 deliberationi
2507 3588 2643 3661 sub
2681 3594 2874 3662 certa
2927 3588 3299 3662 dubiorum

638 3707 941 3780 formula
992 3702 1552 3799 proponebatur,
1605 3721 1699 3775 an
1752 3701 2045 3794 parochi
2097 3700 2352 3774 diebus
2405 3700 2677 3773 festivis
2729 3699 3143 3793 abrogatis,
3195 3699 3297 3771 vel

635 3820 1004 3893 translatis
1053 3814 1340 3889 Missam
1393 3834 1520 3908 pro
1570 3814 1836 3907 populo
1897 3814 2259 3906 applicare
2310 3821 2770 3903 tenerentur,
2829 3820 2902 3887 et
2956 3833 3135 3887 num
3184 3812 3300 3885 ali-

638 3952 782 4024 qua
833 3930 1282 4024 providentia
1335 3927 1653 4001 ineunda
1707 3934 1921 4016 esset,
1964 3934 2034 3999 et
2086 3925 2346 4017 qualis.
2389 3923 2649 4018 Itaque
2700 3924 2856 3999 Emi
2910 3926 3019 3999 illi
3072 3925 3299 3999 Patres

636 4046 752 4119 die
803 4045 875 4116 2.
917 4039 1082 4116 Iun.
1132 4042 1342 4115 1855.
1387 4042 1460 4112 in
1514 4058 1736 4112 unum
1792 4040 2201 4133 congregati
2254 4039 2541 4129 utrique
2592 4040 2694 4112 rei
2729 4057 3157 4132 responsum
3201 4034 3303 4109 ai·-

638 4156 1073 4230 flrmativum
1125 4152 1641 4246 praebuerunt,
1703 4171 1995 4244 unaque
2049 4150 2263 4225 SSmo
2314 4151 2833 4224 consulendum
2896 4170 3056 4226 esse
3106 4157 3305 4244 puta-

636 4274 850 4359 runt,
907 4274 987 4340 ut
1037 4264 1312 4339 Literas
1364 4262 1762 4338 Ordinariis
1831 4263 2032 4339 iuxta
2105 4271 2416 4339 mentem
2470 4264 2563 4337 ab
2630 4264 2807 4356 ipsis
2876 4264 3302 4338 declaratam

639 4383 810 4456 dare
862 4380 1305 4473 dignaretur.

786 4493 955 4566 350.
996 4489 1420 4565 Huiusmodi
1474 4490 2070 4579 declarationem,
2128 4487 2479 4565 referente
2530 4485 2621 4560 R.
2681 4484 2760 4561 P.
2816 4485 2901 4560 D.
2965 4485 3295 4579 Quaglia,

640 4606 1030 4679 Secretario
1080 4602 1153 4677 S.
1194 4601 1803 4696 Congregationis,
1844 4603 1922 4674 in
1973 4602 2343 4677 audientia
2380 4602 2521 4676 diei
2575 4603 2699 4675 25.
2739 4601 3064 4675 eiusdem
3114 4613 3305 4671 men-

641 4718 740 4790 sis
792 4715 1149 4788 Sanctitas
1218 4718 1360 4789 Sua
1420 4715 1731 4808 benigne
1801 4714 2226 4808 approbavit
2294 4715 2914 4806 confirmavitque.
2969 4710 3299 4797 Quocirca
