3497 5235
493 305 607 380 ⁰⁸!-
630 303 699 364 11.
737 304 811 363 Do
849 305 1110 380 lpheopo,
1149 301 1558 379 Archiopinoepo,
1597 301 1830 363 Prinne
1867 303 1927 362 ot
1964 302 2291 361 Patrium
2333 303 2387 378 5.
2413 302 2459 359 1.
2692 296 2811 361 147

213 437 345 532 pulo
373 443 436 516 et
461 454 580 529 pro
611 437 877 530 populo
913 436 1351 510 Sacrificium
1387 436 1541 509 fieri
1579 436 2059 509 consuevisse.
2089 475 2139 494 -
2164 432 2325 509 Huc
2359 433 2557 507 aliud
2591 434 2813 507 etiam

208 553 456 642 spectat,
506 548 695 639 quod
742 553 899 623 erat
946 549 1022 622 in
1076 566 1270 622 more
1317 547 1632 641 positum
1681 545 2111 630 Pontificum
2160 545 2703 621 Romanorum:
2760 546 2811 620 ii

212 662 424 752 quippe
467 660 832 733 dominicis
882 659 1181 750 diebus,
1236 665 1526 752 peracto
1578 658 1964 748 Sacrificio,
2022 659 2392 751 quidpiam
2443 676 2810 732 consecra-

211 777 392 846 torum
433 790 789 845 munerum
855 773 1135 844 mittere
1186 771 1281 844 ad
1330 771 1649 864 singulos
1700 768 1913 843 Urbis
1963 768 2277 861 Titulos,
2333 789 2462 845 seu
2514 770 2809 844 curialia

214 883 421 974 templa
466 882 815 973 solebant,
872 882 1138 973 quibus
1191 883 1266 954 in
1318 883 1490 956 locis
1525 901 1670 955 una
1706 900 1871 954 cum
1905 881 2360 955 interioribus
2405 883 2808 955 animarum

212 992 547 1085 pastoribus
597 992 983 1068 multitudo
1018 993 1334 1083 adesset,
1376 1012 1562 1086 quae
1599 992 1852 1067 adesse
1883 990 2212 1066 Pontifici
2250 995 2558 1065 maximo
2587 994 2812 1094 sacri-

212 1103 401 1176 ficanti
445 1122 582 1176 non
630 1105 1008 1197 potuisset.
1047 1101 1245 1186 Quae
1281 1104 1575 1196 quidem
1617 1111 2189 1179 consecratorum
2226 1124 2605 1179 munerum
2641 1124 2809 1199 pars

213 1217 499 1288 communi
547 1234 874 1290 sermone
905 1217 1331 1309 fermentum
1366 1217 1727 1310 appellata
1762 1217 1856 1291 ob
1891 1216 2080 1293 hanc
2116 1236 2407 1292 causam
2441 1227 2804 1308 censetur,

211 1327 356 1417 quod
396 1329 565 1401 sicut
614 1328 974 1402 modicum
1024 1328 1449 1402 fermentum
1488 1334 1740 1419 totam,
1782 1331 1897 1402 cui
1933 1329 2276 1418 iniicitur,
2314 1327 2589 1402 farinae
2623 1346 2811 1404 mas-

207 1456 321 1509 sam
361 1438 789 1531 conglutinat
854 1445 1072 1532 atque
1124 1440 1431 1531 attollit,
1505 1441 1606 1513 ita
1658 1441 1959 1532 mystico
2024 1441 2147 1516 illo
2199 1443 2407 1532 quasi
2459 1440 2808 1514 fermento

207 1549 450 1643 populus
479 1548 815 1624 Urbanus
857 1552 1232 1625 universus
1281 1553 1357 1624 in
1409 1570 1637 1625 unum
1687 1553 1908 1626 veluti
1946 1572 2203 1647 corpus
2238 1554 2688 1645 coalesceret,
2726 1559 2810 1628 ut

208 1660 409 1752 singuli
453 1681 526 1735 se
573 1681 740 1736 cum
793 1659 1135 1735 Pontifice
1187 1665 1497 1736 maximo
1547 1663 1691 1737 fide
1741 1672 1814 1737 et
1867 1665 2218 1738 charitate
2253 1665 2698 1754 coniunctoS,
2739 1671 2812 1739 et

208 1773 493 1864 sacrificii,
548 1773 746 1867 quod
798 1775 919 1847 ille
970 1773 1261 1864 laceret,
1310 1775 1698 1870 participes
1730 1793 1885 1849 esse
1922 1778 2268 1851 sentirent
2322 1772 2495 1870 (Cir.
2535 1774 2619 1847 B.
2661 1773 2806 1850 los.

209 1879 611 1959 li.Thomasii
639 1884 850 1959 Card.
876 1882 1139 1980 Opusc.
1164 1883 1286 1957 vl.
1320 1887 1396 1958 in
1425 1888 1599 1960 edit.
1621 1883 1832 1961 Rom.
1859 1885 2196 1962 Omnium
2225 1886 2412 1982 Opp.
2439 1885 2807 1979 Tom.VII,

209 1999 371 2087 p.51.
400 2016 590 2090 seqq.
626 1997 769 2071 Cir.
811 1998 1026 2071 etiam
1057 1995 1435 2089 Augustini
1471 1995 1629 2071 Orsi
1657 1997 1868 2072 Card.
1900 1998 2089 2073 Hist.
2116 1998 2310 2073 Eccl.
2346 1997 2509 2073 Lib.
2536 1996 2806 2090 XXXI,

208 2124 356 2180 num.
391 2108 566 2207 58.).
883 2127 890 2132 ’

308 2217 540 2303 Quodsi
579 2228 862 2296 mutata
897 2221 1110 2295 hodie
1147 2221 1693 2311 consuetudine,
1724 2240 2188 2314 nequaquam
2224 2223 2527 2316 singulis
2556 2223 2812 2297 diebus

204 2327 352 2404 iestis
394 2352 624 2407 coram
678 2333 1140 2407 multitudine
1190 2332 1523 2428 Episcopi
1577 2353 1859 2409 sacrum
1913 2334 2214 2425 iaciunt,
2272 2334 2505 2408 facere
2566 2342 2811 2408 tamen

200 2459 292 2531 pro
330 2446 575 2537 populo
632 2462 920 2517 necesse
969 2451 1106 2518 est.
1161 2443 1444 2519 Revera
1495 2442 1743 2519 Patres
1794 2442 2236 2535 Tridentini,
2295 2448 2420 2538 qui
2471 2446 2608 2520 hoc
2655 2446 2815 2522 offi-

198 2553 338 2627 cium
367 2575 446 2629 ex
476 2561 865 2649 praecepto
902 2555 1142 2630 divino
1176 2563 1514 2650 repetunt
1550 2551 1773 2652 (Sess
1810 2554 2084 2631 XXIII.
2120 2558 2204 2632 de
2230 2558 2541 2653 Reform.
2577 2577 2642 2633 c.
2672 2554 2806 2657 1.),

200 2683 318 2737 cum
341 2668 665 2763 deinceps
699 2666 914 2765 (Ead.
941 2670 1133 2742 SeSS.
1166 2688 1230 2742 c.
1262 2666 1418 2765 14.)
1455 2668 1708 2744 iubent
1735 2668 2125 2765 Episcopos
2152 2689 2427 2761 curare,
2460 2680 2540 2745 ut
2569 2689 2813 2745 omnes

201 2779 527 2873 presbyteri
574 2806 614 2848 ι
644 2780 900 2854 saltem
934 2782 1192 2854 diebus
1227 2781 1605 2855 dominicis
1638 2788 1708 2856 et
1743 2783 1947 2856 festis
1982 2783 2447 2872 solemnibus,
2482 2784 2542 2855 si
2571 2792 2810 2857 autem

204 2914 230 2953 ›
257 2907 458 2964 curam
507 2892 902 2967 habuerint
954 2894 1383 2983 animarum,
1427 2901 1573 2967 tam
1610 2892 2047 2986 frequenter,
2087 2901 2168 2968 ut
2202 2914 2330 2967 suo
2367 2895 2647 2967 muneri
2698 2913 2813 2966 sa-

203 3024 230 3063 »
255 3001 612 3093 tisiaciant,
652 2999 904 3077 Missas
940 3005 1307 3079 celebrent
1345 3029 1415 3096 ⁷»,
1457 3024 1578 3079 eos
1612 3005 1931 3098 proiecto
1968 3006 2184 3079 tacite
2220 3010 2678 3095 monuerunt,
2722 3022 2812 3078 ne

197 3109 376 3186 officio
422 3117 613 3189 iusto
665 3135 749 3189 ac
796 3116 1068 3206 debite,
1111 3118 1304 3208 quod
1341 3117 1433 3191 ab
1469 3116 1929 3191 inferioribus
1967 3118 2367 3190 animarum
2403 3116 2812 3209 pastoribus

196 3225 547 3319 exigerent,
608 3229 741 3321 ipsi
795 3226 1151 3303 deessent.
1207 3225 1652 3321 Quapropter
1704 3230 1780 3301 in
1831 3226 2139 3301 Concilio
2191 3226 2611 3301 Provinciali
2666 3226 2815 3300 Me-

192 3335 535 3416 diolanensi
590 3339 687 3431 1.,
744 3344 859 3416 cui
913 3344 1218 3416 maxime
1271 3343 1634 3435 proposita
1670 3349 1826 3415 erat
1861 3343 2304 3415 decretorum
2357 3338 2811 3414 Tridentino-

192 3466 314 3522 rum
355 3455 848 3548 promulgatiO,
904 3455 1408 3547 praesentibus
1474 3461 1547 3528 et
1613 3453 1951 3546 suffragia
2024 3453 2421 3526 ferentibus
2489 3454 2577 3525 iis
2637 3453 2814 3544 ipsis

192 3554 554 3657 EpiscopiS,
626 3567 753 3656 qui
822 3567 1038 3658 paulo
1103 3572 1271 3639 ante
1336 3567 1429 3639 ad
1487 3565 1697 3638 sedes
1747 3584 1918 3638 suas
1978 3562 2315 3639 Tridento
2374 3569 2814 3639 reverterant

192 3665 324 3764 (cfr.
359 3671 765 3750 Orationem
799 3695 840 3747 a
878 3679 950 3750 S.
983 3675 1230 3750 Carolo
1265 3675 1691 3750 Borromaeo
1725 3674 2110 3774 habitam),
2150 3678 2620 3750 constitutum
2656 3683 2808 3749 est:

196 3780 398 3857 «Cum
447 3785 866 3875 Pontifices,
921 3795 1005 3860 ut
1072 3790 1309 3879 inquit
1364 3787 1788 3880 Apostolus,
1847 3805 1934 3860 ex
1982 3787 2398 3862 hominibus
2465 3788 2814 3877 assumpti

196 3916 222 3957 v
253 3912 357 3985 pro
387 3898 796 3972 hominibus
831 3902 1363 3975 constituantur
1416 3901 1487 3971 in
1526 3900 1639 3988 iis,
1680 3917 1868 3990 quae
1903 3906 2074 3971 sunt
2108 3900 2198 3971 ad
2234 3896 2489 3988 Deum,
2532 3904 2611 3971 ut
2647 3898 2817 3970 offe-

196 4027 223 4066 »
252 4015 391 4080 rant
440 4010 626 4082 dona
663 4016 735 4082 et
768 4012 1114 4084 sacrificia
1152 4029 1279 4102 pro
1315 4009 1655 4104 peccatiS,
1696 4008 2099 4103 Episcopus
2135 4011 2511 4084 dominicis
2546 4017 2618 4083 et
2656 4009 2816 4082 aliis

193 4114 424 4191 »iestis
470 4122 773 4213 diebuS,
830 4123 970 4195 nisi
1037 4124 1187 4196 iure
1239 4123 1706 4215 impediatur,
1764 4119 2053 4196 Missam
2124 4122 2434 4195 celebret
2504 4116 2675 4216 (Tit.
2732 4121 2816 4194 de

187 4223 485 4319 frequenti
534 4233 771 4307 divini
821 4234 1025 4329 officii
1075 4230 1482 4332 oblatione).

295 4335 725 4438 Quapropter
776 4346 1036 4418 mirum
1087 4346 1312 4419 videri
1360 4364 1505 4419 non
1541 4344 1786 4435 debet,
1841 4346 1902 4418 si
1954 4341 2377 4437 Theologiae
2416 4342 2704 4416 moralis
2740 4348 2814 4417 et

189 4443 330 4522 iuris
361 4455 695 4543 pontificii
731 4455 1100 4529 doctorum
1135 4476 1280 4530 una
1318 4457 1462 4531 fere
1496 4458 1857 4530 sententia
1883 4465 2019 4548 est,
2050 4455 2365 4530 officium
2391 4454 2813 4531 celebrandi

188 4552 433 4636 Missam
478 4586 604 4659 pro
657 4568 921 4661 populo
966 4570 1230 4642 maiore
1281 4571 1558 4643 ratione
1609 4571 1704 4644 ad
1754 4567 2170 4663 Episcopos,
2214 4588 2438 4662 quam
2474 4570 2569 4643 ad
2613 4589 2824 4664 paro-

182 4665 326 4746 chos
357 4682 720 4767 pertinere.
764 4677 1099 4756 Omnium
1133 4682 1286 4756 loco
1319 4683 1412 4758 sit
1472 4684 1545 4756 S.
1591 4680 1937 4777 Alphonsi
1974 4680 2065 4755 de
2103 4679 2411 4776 Ligorio,
2453 4679 2827 4758 Ecclesiae
