3497 5235
614 296 734 361 482
1369 293 1738 351 humationi·
1779 291 1833 349 8.
1861 292 2043 368 congr.
2071 294 2218 353 Gonu.
2257 295 2526 369 expositio.

610 430 1150 522 spensationem
1217 429 1545 520 elargiri,
1620 428 1801 500 haec
1851 436 1959 502 est
2030 430 2409 516 nimirum,
2482 428 2676 518 quod
2727 445 2873 500 non
2923 425 3158 498 solum
3209 425 3286 497 in

616 541 942 613 fraudem
980 549 1167 614 esset
1204 541 1418 611 buius
1454 541 1656 632 legiS,
1690 541 1814 612 sed
1847 541 2013 631 quia
2046 540 2380 613 Summus
2407 537 2734 612 Pontifex
2760 533 3046 633 (Innoc.
3079 533 3287 632 XII.)

616 655 688 726 iu
748 653 1064 746 praefata
1117 651 1637 726 Constitutione
1712 646 2003 745 (nempe
2061 649 2571 747 Speculatores)
2645 649 2844 723 iubet
2877 655 3292 739 computum

617 768 772 840 fieri
824 769 1022 839 iuxta
1079 773 1317 837 taxam
1355 766 1859 839 dioecesanam
1917 767 2019 838 iel
2075 767 2693 852 consuetudinem,
2750 770 2825 836 et
2872 764 2975 835 sic
3027 764 3298 836 virtua-

618 880 778 951 liter
806 878 1060 950 adimit
1086 874 1440 970 Episcopo
1479 876 1892 950 facultatem
1923 874 2418 968 dispensandi,
2450 895 2582 949 seu
2616 876 2856 969 potius
2891 872 3294 947 arbitrandi

617 1008 745 1063 suo
800 990 1034 1073 modo,
1094 988 1257 1062 licet
1311 1007 1438 1079 pro
1492 1009 1635 1060 una
1690 990 1841 1062 vice
1893 997 2200 1061 tautum.

761 1098 945 1182 Quin
984 1102 1123 1173 imo
1177 1107 1341 1173 taxa
1395 1101 1762 1190 synodalis
1798 1102 2050 1190 nequit
2087 1099 2358 1192 augeri,
2400 1099 2619 1172 veluti
2657 1097 3033 1171 definitum
3070 1095 3292 1168 fuisse

618 1234 660 1285 a
713 1210 786 1285 S.
829 1211 904 1284 C.
944 1208 1159 1283 Conc.
1221 1213 1289 1283 in
1348 1212 1820 1304 Smoqallien.
1879 1214 1999 1284 27.
2062 1209 2226 1284 Iun.
2292 1212 2504 1285 1705.
2564 1212 2779 1283 refert
2838 1206 3293 1282 Honorantes

620 1326 671 1396 l.
704 1345 768 1397 c.
800 1343 957 1414 cap.
984 1323 1057 1397 3.
1092 1342 1260 1416 paq.
1303 1323 1424 1395 45.
1468 1321 1601 1395 Hic
1636 1331 1882 1396 auctor
1917 1325 2241 1410 adnotat,
2282 1324 2475 1396 banc
2518 1324 3022 1396 resolutionem
3078 1338 3297 1413 nega-

617 1436 840 1511 tivam
894 1437 1133 1508 datam
1190 1453 1344 1507 esse
1397 1436 1489 1506 ad
1559 1436 1932 1508 evitandas
1983 1435 2394 1527 Principum
2467 1436 2966 1507 innovationes
3017 1434 3299 1506 ratione

618 1548 1092 1638 exemptionis
1145 1546 1551 1619 huiusmodi
1604 1546 1984 1635 bonorum,
2026 1566 2187 1618 cum
2242 1547 2430 1619 bona
2476 1565 2603 1637 pro
2641 1546 3067 1638 patrimonio
3125 1544 3302 1616 assi-

624 1667 840 1751 gnata
895 1659 1062 1728 olim
1119 1656 1488 1730 habebant
1540 1658 1881 1730 maiorem
1936 1659 2458 1749 exemptionem
2498 1677 2539 1728 a
2574 1657 2882 1748 publicis
2933 1656 3300 1748 vectigali-

617 1771 785 1859 buS,
845 1788 1061 1859 quam
1114 1768 1303 1840 bona
1357 1769 1786 1860 simplicium
1841 1771 2283 1843 clericorum.

766 1879 962 1953 Circa
1016 1888 1258 1952 taxam
1312 1881 1730 1971 synodalem
1784 1900 1928 1953 non
1984 1889 2092 1953 est
2144 1878 2774 1972 praetereundum,
2815 1881 3011 1970 quod
3066 1886 3307 1952 atten-

621 1995 859 2068 denda
912 1995 1005 2065 sit
1057 2012 1179 2081 ea,
1238 2012 1427 2083 quae
1482 1994 1714 2085 vigeat
1770 1995 1843 2064 in
1898 1995 2095 2082 loco,
2154 1993 2277 2064 ubi
2333 1994 2495 2083 quis
2548 1993 2947 2063 ordinatur.
3010 1988 3296 2083 ltaque,

619 2108 709 2195 si,
766 2124 831 2177 e.
877 2124 944 2196 g.
1001 2105 1299 2176 clericus
1354 2101 1724 2177 Romanus
1786 2104 2227 2176 ordinandus
2280 2105 2374 2177 sit
2425 2104 2632 2177 titulo
2684 2102 3018 2176 beneficii
3082 2104 3300 2176 erecti

622 2218 697 2289 in
752 2218 1057 2290 dioecesi
1115 2217 1463 2304 Alatrina,
1508 2235 1649 2288 non
1688 2224 1853 2289 taxa
1909 2217 2275 2287 Alatrinae
2330 2216 2757 2304 dioeceseoS,
2790 2215 2916 2288 sed
2956 2233 3073 2302 ea,
3117 2231 3301 2305 quae

622 2348 750 2420 pro
801 2325 1148 2400 Romanis
1201 2330 1589 2401 constituta
1645 2333 1778 2415 est,
1838 2329 1970 2399 erit
2023 2324 2495 2415 attendenda,
2534 2328 2769 2419 prouti
2814 2326 3149 2417 punctim
3183 2325 3306 2398 de-

625 2440 920 2511 claravit
974 2438 1047 2511 S.
1088 2437 1162 2509 C.
1203 2438 1277 2509 C.
1321 2440 1395 2510 in
1447 2440 1787 2512 Aletrina
1839 2441 1911 2511 9.
1955 2435 2115 2511 Iulii
2179 2438 2424 2526 1701„
2465 2457 2681 2528 quam
2733 2457 2863 2529 per
2921 2445 3305 2512 extensum

624 2550 829 2623 affert
880 2547 1331 2623 Honor-antes
1369 2552 1500 2624 loc.
1535 2552 1657 2624 cit.
1708 2553 1877 2643 Cap.
1915 2551 2070 2624 XV.
2103 2569 2275 2643 paq.
2311 2550 2477 2625 157.
2519 2556 2586 2623 et
2623 2548 2788 2625 158.
2830 2566 2914 2622 ac
2950 2550 3307 2643 praecipit

626 2661 839 2735 Conc.
880 2660 1090 2733 Rom.
1134 2664 1305 2736 anni
1365 2664 1578 2734 1725.
1630 2665 1768 2737 Tit.
1813 2663 1882 2737 6.
1924 2683 2084 2755 cap.
2127 2664 2198 2736 4.

770 2774 999 2866 Super
1035 2776 1400 2866 praedicta
1456 2777 1864 2866 patrimonii
1906 2775 2415 2848 constitutione
2454 2776 2745 2865 insuper
2773 2781 2883 2847 est
2919 2775 3307 2848 adverten-

623 2889 822 2976 dum,
865 2888 1058 2977 quod
1098 2912 1135 2954 α
1161 2907 1369 2960 nemo
1405 2895 1514 2962 est
1550 2885 1679 2982 (ita
1720 2889 1793 2961 S.
1826 2887 1902 2959 C.
1944 2887 2157 2961 Conc.
2194 2890 2263 2959 in
2305 2896 2691 2961 memorata
2729 2890 3040 2981 Bruqen.
3082 2888 3296 2962 1855.

626 3025 665 3071 ›
704 2998 779 3095 g.
810 2998 1077 3094 Circa),
1113 3002 1233 3091 qui
1269 3002 1567 3087 nesciat,
1598 3002 2105 3090 patrimonium
2142 3019 2422 3072 sacrum
2454 3018 2538 3070 ex
2577 2999 2786 3072 bonis
2810 3001 3054 3088 certis,
3080 2999 3309 3072 stabi·

627 3136 666 3181 ›
710 3111 928 3199 libuS,
970 3131 1054 3184 ac
1088 3111 1446 3202 frugiferis
1482 3112 2004 3184 conficiendum
2044 3129 2224 3183 esse.
2263 3138 2299 3179 »
2357 3109 2542 3183 Hinc
2574 3113 3068 3202 consequitur,
3109 3110 3309 3201 quod

624 3242 885 3296 census
922 3224 1120 3296 iuxta
1161 3225 1353 3316 leges
1388 3244 1428 3295 a
1465 3221 1537 3295 S.
1575 3221 1697 3295 Pio
1731 3220 1818 3294 V.
1859 3226 2319 3315 praestitutas
2359 3225 2696 3318 impositi,
2739 3225 3085 3314 quoniam
3120 3225 3314 3294 inter

621 3334 813 3406 bona
853 3336 1138 3408 stabilia
1180 3341 1650 3408 numerantur
1704 3329 2007 3426 (Bened.
2052 3329 2241 3405 xlv.
2288 3337 2463 3408 [nst.
2507 3337 2672 3409 eccl.
2713 3336 2837 3409 26.
2880 3356 3080 3408 num.
3117 3331 3309 3430 12),

625 3447 1049 3518 canonicum
1105 3446 1577 3518 ordinationis
1626 3447 1914 3519 titulum
1975 3446 2283 3519 tribuere
2341 3448 2643 3537 possint,
2696 3447 2902 3519 modo
2956 3466 3086 3519 eae
3139 3465 3326 3518 cau-

623 3560 859 3629 tiones
913 3556 1423 3646 adhibeantur,
1467 3576 1651 3647 quae
1689 3578 1727 3628 a
1767 3556 1840 3630 S.
1882 3557 1957 3631 C.
2002 3557 2210 3630 Cone.
2254 3559 2737 3649 praescriptae
2788 3566 2963 3631 sunt
3016 3560 3090 3629 in
3124 3557 3320 3630 Nul-

627 3669 763 3740 lius
818 3669 939 3740 21.
986 3664 1147 3740 Iun.
1197 3669 1409 3741 1629.
1471 3664 1644 3766 (lib.
1691 3669 1810 3743 14.
1851 3671 2108 3742 decret.
2145 3690 2316 3763 paq.
2362 3669 2527 3742 109.
2571 3692 2617 3743 a
2652 3666 2911 3767 terqo),
2966 3688 3151 3761 quae
3202 3670 3320 3740 ita

626 3800 702 3853 se
756 3779 1022 3852 babet:
1086 3777 1557 3869 «Quaeritur,
1617 3800 1710 3852 an
1762 3801 1979 3873 super
2032 3784 2292 3853 annuis
2347 3784 2713 3874 perpetuis
2764 3782 3102 3856 censibus
3134 3798 3322 3852 con-

629 3917 668 3962 »
710 3892 909 3961 stitui
964 3892 1237 3981 possint
1292 3894 1717 3983 patrimonia
1776 3912 1899 3983 pro
1952 3894 2228 3966 clericis
2280 3895 2370 3966 ad
2408 3913 2647 3966 sacros
2682 3889 2986 3966 Ordines
3023 3911 3322 3986 promo—

631 4028 670 4071 >
712 3996 1000 4074 vendis}
1055 4003 1128 4073 S.
1171 4002 1244 4074 C.
1290 4004 1682 4095 respondit,
1724 4024 1931 4096 posse
1986 4025 2200 4096 super
2253 4005 2589 4076 censibus
2634 4006 2998 4097 perpetuis
3049 4004 3328 4077 cobae-

631 4140 669 4185 ι»
712 4114 1038 4188 rentibus
1069 4116 1162 4186 rei
1207 4116 1579 4204 immobili,
1621 4125 1690 4189 et
1727 4137 1888 4189 cum
1925 4117 2259 4208 legitimis
2295 4116 2776 4203 cautionibuS,
2808 4124 2881 4189 et
2919 4115 3329 4187 dummodo

632 4251 670 4296 a>
709 4228 1106 4320 proprietas
1159 4246 1417 4300 census
1467 4230 1559 4300 sit
1618 4229 1776 4301 talis
1812 4247 2161 4316 summae,
2197 4236 2274 4300 ut
2312 4230 2384 4299 in
2423 4247 2592 4298 casu
2633 4229 3100 4299 restitutionis
3132 4243 3338 4297 cen-

632 4364 671 4407 ›
710 4358 920 4410 suum
976 4339 1333 4412 debitores
1397 4347 1785 4412 teneantur
1836 4342 2144 4434 pretium
2204 4339 2562 4430 deponere
2616 4356 2839 4428 penes
2892 4338 3131 4410 aedem
3187 4356 3341 4408 sa-

632 4474 670 4519 »
712 4469 950 4539 cram,
1009 4452 1117 4522 vel
1174 4471 1553 4542 personam
1610 4452 1748 4523 fide
1804 4460 1873 4523 et
1931 4450 2391 4523 facultatibus
2443 4452 2772 4521 idoneam
2830 4451 2921 4522 ad
2978 4450 3340 4523 effectum

632 4583 671 4628 a»
714 4560 1139 4634 investiendi
1195 4571 1466 4653 quanto
1523 4564 1732 4635 eitius
1786 4564 1854 4632 in
1913 4563 2071 4633 aliis
2126 4561 2460 4632 censibus
2514 4561 2836 4633 eiusdem
2903 4563 3335 4653 qualitatiS,

635 4695 674 4738 ›
714 4673 823 4742 vel
876 4676 952 4744 in
1002 4674 1212 4747 bonis
1262 4675 1670 4765 stabilibuS,
1729 4676 1839 4748 vel
1894 4676 1965 4747 in
2021 4675 2191 4748 locis
2247 4675 2590 4749 montium
2658 4693 2803 4749 non
2859 4673 3344 4749 vacabilibus
