3497 5235
478 232 485 239 ·
534 200 612 266 22
1335 210 1408 270 D·
1446 210 1748 273 vluit-tion·
1788 212 2053 276 Scotorum
2089 216 2350 279 himinum.

534 343 816 431 rimum,
873 341 1094 416 festus
1146 343 1451 436 eligitur,
1508 363 1732 437 eoque
1786 346 1899 421 die
1947 350 2081 424 sub
2133 370 2340 427 mane
2393 354 2466 426 in
2518 374 2645 429 suo
2695 357 2969 450 privato
3042 377 3158 433 sa-

534 455 708 528 cello
759 460 919 547 post
968 451 1250 527 Missam
1299 473 1579 528 sacrum
1629 457 1857 532 eidem
1911 462 2205 553 pallium
2257 465 2582 558 imponit.

679 568 797 640 48.
836 564 1227 639 Cardinalis
1279 564 1601 640 Decanus
1652 576 2014 662 tamquam
2087 572 2479 669 Episcopus
2537 573 2881 652 Ostiensis
2955 580 3155 671 pallii

533 681 975 775 privilegium
1024 677 1323 753 obtinet.
1380 674 1796 770 Exemplum
1849 685 2046 775 pallii
2120 704 2207 758 ex
2280 683 2639 761 Pontificis
2716 708 2931 761 manu
3007 689 3181 763 dati'

529 795 844 888 proxime
895 792 1133 864 evenit
1180 790 1295 863 die
1330 789 1449 860 28.
1493 788 1821 865 Decemb.
1871 795 2112 886 1860„
2170 816 2311 887 quo
2361 795 2616 872 SSrhus
2668 798 2751 870 D.
2791 797 2879 871 N.
2919 798 3157 873 Cardi-

533 907 677 979 nali
728 903 1084 979 Matthaeo
1135 902 1316 974 sacri
1373 898 1653 995 Collegii
1707 902 1988 978 Decano
2063 907 2357 999 pallium
2426 911 2785 1003 imposuit.
2856 910 3155 995 Quando

529 1019 858 1092 Summus
907 1011 1230 1088 Pontifex
1280 1010 1577 1104 pallium
1653 1014 1951 1105 ipsemet
2014 1017 2349 1111 dignatur
2411 1022 2818 1115 imponere,
2872 1040 3152 1116 semper

526 1129 1002 1203 iuramentum
1051 1126 1305 1198 iterato
1356 1123 1725 1197 emittitur.

674 1241 791 1312 49.
850 1235 921 1310 Si
974 1234 1261 1328 quando
1328 1234 1731 1327 contingat,
1804 1244 1885 1309 ut
1939 1239 2553 1334 Archiepiscopum
2627 1242 3151 1318 residentialem

529 1351 857 1426 Summus
908 1345 1227 1420 Pontifex
1304 1349 1852 1420 consecrationis
1924 1350 2190 1424 honore
2265 1352 2626 1446 dignetur,
2704 1355 2869 1429 licet
2932 1373 3152 1447 penes

527 1460 967 1537 cardinalem
1043 1459 1347 1551 primum
1416 1455 1802 1531 Diaconum
1877 1461 2353 1537 iuramentum
2429 1466 2779 1555 ediderit,
2836 1473 3152 1540 attamen

526 1583 805 1667 praeter
854 1571 1019 1645 fidei
1069 1567 1600 1662 professionem,
1656 1570 2130 1648 iuramentum
2184 1577 2535 1651 instaurat
2583 1578 2657 1648 in
2708 1584 2872 1651 actu
2910 1596 3154 1651 conse·-

526 1687 884 1773 crationiS,
938 1700 1078 1772 quo
1128 1679 1422 1772 pallium
1475 1679 1566 1752 ab
1642 1682 1795 1773 ipso
1866 1681 2202 1760 Pontifice
2276 1688 2502 1762 eidem
2578 1689 2988 1780 imponitur.
3066 1685 3152 1762 Id
3245 1728 3254 1737 ·

525 1800 882 1873 enimvero
931 1811 1075 1866 non
1124 1794 1222 1864 ita
1273 1791 1547 1884 pridem
1598 1812 1788 1867 anno
1830 1797 2041 1877 1857.
2098 1798 2377 1889 accidit,
2434 1818 2591 1872 cum
2644 1798 2901 1873 SSrhus
2933 1798 3020 1872 D.
3056 1796 3146 1871 N.

523 1912 599 1983 in
650 1907 943 1982 ecclesia
998 1901 1532 1995 metropolitana
1585 1900 1982 1981 Florentiae
2033 1910 2440 1981 consecrare
2492 1910 2827 2002 dignatus
2878 1918 2984 1984 est
3024 1910 3148 1982 Ar-

523 2021 1045 2110 chiepiscopum
1114 2013 1595 2086 Florentinum
1672 2023 1742 2089 et
1792 2014 2215 2111 Episcopum
2283 2016 2866 2110 Volaterranum,
2939 2038 3151 2111 quem

522 2131 720 2223 pallii
771 2126 1137 2219 privilegio
1189 2126 1490 2216 primum
1545 2126 1860 2216 donavit3
1940 2147 2097 2202 cum
2151 2130 2336 2202 enim
2414 2131 2602 2203 idem
2676 2128 2998 2204 Pontifex
3073 2131 3149 2204 in

522 2240 901 2314 seminario
952 2234 1438 2321 Volaterrano,
1512 2242 1705 2326 tum,
1761 2256 1919 2310 cum
1988 2247 2138 2313 erat
2207 2242 2282 2312 in
2334 2240 2670 2334 ephebiS,
2727 2260 2941 2314 causa
3001 2249 3155 2315 stu-

523 2353 796 2426 diorum
846 2352 1315 2423 commoratus
1366 2343 1639 2434 fuisset,
1699 2351 1876 2440 grati
1929 2351 2144 2422 animi
2221 2369 2384 2443 ergo
2425 2351 2622 2424 ,hanc
2677 2351 3152 2425 honorificen-

521 2462 691 2537 tiam
743 2459 1101 2533 seminarii
1152 2456 1467 2529 eiusdem
1519 2453 1865 2551 Episcopo
1918 2460 2009 2533 ad
2056 2468 2472 2554 perpetuam
2541 2462 2754 2535 huius
2827 2464 2928 2535 rei
3004 2480 3152 2536 me-

524 2573 816 2647 moriam
868 2568 1175 2643 lribuere
1228 2567 1563 2659 dignatus
1615 2576 1748 2641 est.

666 2684 785 2759 50.
829 2679 1328 2754 Adnotandum
1378 2685 1512 2768 est,
1570 2679 1747 2753 duas
1783 2681 2029 2758 haberi
2066 2683 2404 2757 formulas
2439 2686 2843 2772 iuramenti,
2884 2687 2972 2759 de
3008 2703 3148 2777 quo

520 2794 900 2886 loquimur;
953 2809 1098 2864 una
1149 2789 1425 2862 brevior
1476 2796 1607 2877 est,
1666 2810 1851 2882 quae
1893 2792 1984 2865 ab
2042 2794 2596 2888 Archiepiscopis
2655 2802 2723 2869 et
2782 2794 3147 2888 Episcopis

519 2905 929 2981 titularibus
979 2903 1236 2991 editur,
1294 2901 1429 2973 alia
1480 2901 1776 2996 longior,
1834 2923 2018 2995 quae
2070 2908 2353 2998 propria
2413 2913 2519 2980 est
2571 2906 3146 2998 Archiepiscopo·

521 3036 674 3091 rum
727 3023 795 3088 et
846 3010 1349 3105 Episcoporum
1403 3013 1985 3088 residentialium.
2027 3013 2223 3089 Haec
2255 3035 2458 3108 porro
2494 3018 2765 3109 longior
2799 3025 2933 3107 est,
2974 3018 3144 3108 quia

518 3131 994 3203 iuramentum
1031 3126 1444 3199 adiunctum
1483 3124 1771 3198 exhibet
1822 3121 1928 3220 (id
1964 3129 2152 3217 quod
2188 3129 2263 3200 in
2299 3128 2522 3201 altera
2558 3128 2961 3225 omittitur),
3003 3147 3144 3220 quo

518 3238 1035 3332 Archiepiscopi
1088 3244 1158 3310 et
1209 3232 1536 3327 Episcopi
1587 3243 1923 3310 tenentur
1992 3239 2276 3312 visitare
2351 3239 2638 3311 statutis
2712 3238 3146 3330 temporibus

518 3351 891 3427 Beatorum
947 3347 1431 3440 Apostolorum
1484 3344 1789 3440 Limina,
1844 3357 2052 3442 prout
2101 3350 2428 3422 nimirum
2484 3350 2824 3441 praecipit
2873 3343 3145 3422 Sixtina

513 3462 960 3537 constitutio.
1013 3457 1214 3542 Quod
1264 3476 1426 3532 vero
1477 3462 1782 3551 pertinet
1834 3459 1926 3532 ad
1977 3462 2317 3533 rationem
2379 3460 2468 3533 de
2520 3447 2857 3552 pastorali
2916 3461 3144 3535 officio

514 3582 585 3648 et
637 3575 1037 3648 dioeceseos
1087 3577 1283 3645 statu
1332 3571 1797 3661 reddendam,
1855 3571 2053 3644 nulla
2086 3572 2161 3644 in
2199 3570 2494 3643 formula
2530 3590 2655 3663 pro
2690 3569 3145 3646 Praesulibus

514 3684 921 3758 titularibus
970 3683 1267 3755 mutatio
1319 3682 1628 3756 additur.
1687 3680 1869 3766 Quin
1923 3684 2060 3754 imo
2113 3683 2401 3774 nuperis
2452 3682 2643 3756 hisce
2706 3684 3143 3774 temporibus

512 3796 833 3869 nonnihil
887 3802 1123 3869 actum
1175 3812 1328 3867 esse
1378 3795 1522 3866 scio
1572 3814 1613 3866 a
1665 3790 1756 3867 R.
1798 3791 1878 3866 P.
1918 3791 2002 3865 D.
2043 3787 2407 3867 Praefecto
2458 3796 2917 3867 caeremoniis
2969 3812 3147 3886 pon-

511 3908 745 3982 tificiis
795 3908 883 3980 de
935 3904 1250 3980 tollenda
1302 3904 1646 3995 clausula,
1703 3923 1846 3996 qua
1896 3902 2264 3978 Praesules
2314 3905 2449 3997 ipsi
2516 3905 2838 3988 titulares
2885 3905 3147 3978 adhoc

509 4019 932 4091 visitationis
1007 4015 1313 4089 officium
1388 4016 1829 4107 implendum
1902 4033 2056 4088 sese
2129 4017 2582 4090 iureiurando
2656 4015 3138 4108 adstringunt.

509 4126 678 4202 Cum
735 4136 970 4202 tamen
1019 4133 1464 4220 perspectum
1521 4128 1792 4217 fuisset,
1849 4129 2169 4201 eamdem
2239 4128 2627 4201 clausulam
2701 4129 2992 4220 reperiri
3067 4128 3144 4199 in

508 4240 841 4313 omnibus
889 4239 998 4312 vel
1052 4237 1567 4328 antiquissimis
1616 4240 1911 4312 huiusce
1963 4240 2341 4313 iuramenti
2393 4238 2738 4322 formulis,
2778 4240 3002 4313 satius
3036 4239 3146 4311 vi-

509 4370 662 4424 sum
716 4358 849 4440 est,
904 4350 1081 4423 nihil
1135 4351 1500 4440 innovare;
1557 4350 1878 4442 adeoque
1928 4369 2088 4425 cum
2141 4350 2387 4423 eadem
2441 4348 2738 4422 formula
2791 4349 2977 4441 typis
3013 4350 3145 4422 ite-

504 4480 659 4536 rum
713 4463 1016 4551 imprimi
1067 4460 1457 4552 debuisset,
1512 4461 1790 4554 eadem,
1831 4480 2015 4552 quae
2052 4468 2217 4535 ante
2255 4459 2755 4551 adhibebatur,
2794 4462 2950 4536 sine
2985 4461 3137 4536 ulla

507 4574 1001 4652 immutatione
1052 4575 1243 4648 edita
1294 4581 1425 4647 est.
