3497 5235
1120 368 1241 444 ⁰⁸1⁹·
1268 370 1363 429 111.
1403 369 1476 427 D·
1516 368 1651 427 olm
1691 367 1963 428 numni.
2004 367 2057 441 ἓ.
2082 368 2165 426 18.
2841 367 2973 439 ,501

309 505 488 578 nihil
527 524 813 597 prorsus
849 505 1111 577 innuit.
1162 503 1349 577 Hinc
1382 501 1455 574 S.
1490 501 1671 576 Rota
1711 500 2035 574 Romana
2072 500 2372 575 docebat
2412 502 2486 571 in
2525 501 2760 573 Decis.
2803 500 2972 574 592.

300 639 380 711 p.
420 619 493 690 A.
534 626 701 692 tom.
740 618 812 691 1.
856 619 1134 691 Recent.
1180 618 1491 688 Florent.
1538 614 1894 706 Capellae,
1931 613 2391 686 beneficiatos
2441 613 2670 683 laicali
2726 612 2978 684 babitu

307 730 727 803 incedentes
763 732 919 823 ipso
971 730 1122 800 iure
1158 730 1474 820 privatos
1509 727 1814 798 existere
1852 725 2227 812 beneficio,
2268 726 2606 814 omnique
2646 726 2792 795 iure
2830 725 2978 796 sive

308 843 387 915 in
439 863 515 915 re
566 844 715 914 sive
766 842 862 915 ad
913 860 1063 913 rem
1114 843 1295 913 circa
1348 837 1824 910 beneficium:
1904 836 2234 925 idemque
2289 838 2504 910 tradit
2559 834 2845 908 Garcias
2896 836 2979 908 de

303 953 532 1046 benef.
567 960 765 1047 part.
812 953 885 1025 7.
926 973 1085 1045 cap.
1137 952 1205 1025 1.
1250 971 1326 1023 n.
1371 949 1488 1023 18.
1549 945 2024 1021 Nihilominus
2078 949 2165 1020 ad
2224 950 2558 1020 maiorem
2621 949 2976 1021 cautelam

305 1065 948 1151 animadvertatur,
985 1083 1127 1136 non
1157 1065 1404 1136 deesse
1442 1063 1791 1145 doctores,
1826 1062 1950 1149 qui
1982 1059 2444 1147 arbitrentur,
2486 1061 2676 1150 quod
2720 1084 2754 1126 α
2784 1062 2978 1152 riqor

306 1201 347 1247 >
389 1178 716 1251 sixtinae
754 1176 1289 1250 Constitutionis
1325 1193 1466 1245 non
1521 1174 1613 1245 sit
1645 1173 1895 1264 ubique
1920 1192 2053 1244 usu
2087 1178 2432 1263 receptus,
2466 1172 2715 1243 saltem
2748 1171 2981 1263 quoad

309 1312 347 1356 ι
388 1289 545 1370 hoc,
572 1294 649 1360 ut
686 1308 825 1360 non
877 1286 1259 1379 deferentes
1312 1285 1630 1357 habitum
1681 1292 1747 1358 et
1799 1291 2167 1356 tons-uram
2202 1285 2454 1375 absque
2487 1284 2810 1355 ulteriori
2837 1303 2982 1355 mo-

306 1424 348 1467 »
390 1399 659 1470 uitione
709 1399 852 1469 sint
907 1399 1054 1489 ipso
1104 1398 1298 1490 facto
1342 1396 1616 1486 privati
1650 1396 1976 1486 beneficio
2006 1415 2091 1482 »;
2149 1397 2248 1467 ita
2301 1396 2548 1468 scribit
2598 1393 2972 1468 Reiffenst.

305 1511 461 1583 Lib.
502 1508 573 1583 3.
621 1510 971 1582 Decretal.
1013 1510 1125 1583 tit.
1171 1508 1239 1581 1.
1282 1509 1365 1580 de
1400 1509 1528 1581 vit.
1569 1515 1630 1580 et
1665 1509 1933 1580 honest.
1975 1508 2210 1579 cleric.
2249 1505 2323 1602 g.
2365 1507 2438 1582 3.
2482 1527 2677 1580 num.
2720 1507 2840 1580 66.
2882 1508 2980 1581 ci-

304 1628 471 1693 tans
524 1619 847 1695 Garciam
903 1622 1163 1712 ipsum,
1221 1618 1448 1711 Engel
1503 1626 1574 1691 et
1627 1617 2043 1691 Barbosam.

452 1734 620 1805 448.
666 1732 994 1805 Secundo
1033 1734 1209 1817 loco,
1245 1731 1583 1821 quoniam
1624 1732 1943 1807 incessus
1982 1733 2053 1802 in
2090 1730 2344 1804 babitu
2382 1731 2611 1804 laicali
2643 1731 2975 1804 beneficii

304 1846 776 1937 privationem
833 1862 943 1933 eo,
1003 1862 1212 1933 quem
1269 1845 1661 1934 posuimuS‚
1723 1843 1931 1913 modo
2003 1862 2243 1914 secum
2300 1844 2676 1933 importat,
2727 1845 2973 1932 quaeri

300 1962 562 2047 potest,
621 1963 893 2046 quanto
947 1962 1262 2045 tempore
1317 1972 1476 2025 cum
1531 1953 1763 2024 laicali
1827 1959 2020 2025 veste
2081 1953 2582 2026 beneficiatum
2647 1956 2973 2027 incedere

298 2069 479 2140 satis
529 2070 648 2155 sit,
693 2075 769 2141 ut
819 2066 1226 2139 huiusmodi
1282 2084 1510 2156 poena
1564 2064 1797 2135 eidem
1849 2066 2192 2155 applicari
2246 2073 2488 2154 queat.
2546 2063 2973 2156 Respondeo

300 2198 463 2251 cum
501 2179 591 2251 de
627 2177 860 2271 Nigris
897 2179 982 2265 de
1016 2183 1251 2250 vacat.
1294 2177 1517 2269 benef.
1561 2177 1679 2248 lib.
1713 2176 1780 2248 1.
1821 2196 1978 2266 cop.
2005 2178 2078 2248 5.
2121 2196 2315 2249 num.
2343 2175 2454 2249 8..·
2497 2175 2974 2267 ‹Requiritur

309 2316 350 2362 >
391 2310 518 2383 pro
572 2290 974 2363 huiusmodi
1015 2290 1270 2362 ellectu
1309 2287 1598 2377 aliquod
1638 2298 1920 2378 tempus
1952 2289 2498 2376 considerabile,
2539 2292 2730 2379 quod
2785 2289 2975 2361 arbi-

305 2427 347 2470 »
387 2404 521 2475 trio
558 2404 812 2475 iudicis
849 2403 1276 2489 remittitur3
1335 2419 1502 2472 nam
1541 2401 1785 2491 pensio
1823 2417 1908 2470 ex
1946 2400 2081 2471 boc
2117 2402 2349 2491 capite
2388 2408 2742 2473 momento
2799 2409 2975 2472 tem-

315 2540 352 2580 »
393 2515 583 2606 poris
638 2534 779 2586 non
821 2516 1345 2605 exstinguitur:
1404 2514 1721 2603 alioquin
1778 2514 2076 2584 clericus
2132 2532 2255 2604 per
2309 2513 2553 2584 horam
2609 2520 2730 2585 aut
2783 2516 2972 2586 diem

314 2653 351 2693 »
394 2645 537 2699 non
593 2630 931 2701 incedens
984 2630 1055 2700 in
1108 2628 1361 2700 habitu
1416 2633 1487 2700 et
1537 2635 1830 2700 tonsura
1888 2628 2300 2716 pensionem
2355 2629 2737 2713 amitteret,
2779 2627 2972 2717 quod

308 2761 349 2804 ι»
391 2745 497 2811 est
552 2739 969 2811 absurdum.
1005 2765 1042 2805 »
1098 2735 1297 2820 Quod
1354 2758 1515 2811 vero
1569 2739 1908 2811 laudatus
1962 2746 2208 2810 auctor
2241 2738 2329 2809 de
2371 2740 2710 2827 pensione
2763 2739 2974 2810 doce-

297 2847 453 2935 bat,
495 2868 577 2921 eo
617 2852 840 2942 magis
878 2851 1244 2923 beneficiis
1281 2852 1794 2922 accommodari
1849 2868 2055 2941 posse
2110 2869 2237 2940 per
2270 2868 2344 2921 se
2382 2852 2689 2938 quisque
2741 2848 2962 2921 videt.

448 2959 616 3032 449.
666 2959 895 3033 Tertio
932 2962 1084 3033 loco
1119 2961 1448 3052 superius
1485 2963 1952 3051 inspeximuS,
1993 2980 2078 3034 ex
2116 2961 2634 3033 Constitutione
2673 2957 2847 3031 Sixti
2883 2957 2962 3031 V.

300 3071 477 3144 Cum
528 3079 1059 3145 sacrosanctum
1111 3079 1457 3144 statutum
1517 3073 1770 3158 luisse,
1829 3080 1906 3145 ut
1960 3073 2050 3144 ab
2104 3092 2185 3145 eo
2238 3081 2553 3162 tempore
2606 3073 2680 3142 in
2739 3078 2972 3160 poste-

297 3201 455 3252 rum
509 3201 792 3274 semper
841 3185 1130 3255 nonnisi
1165 3190 1329 3256 actu
1365 3184 1635 3255 clericis
1674 3185 1748 3255 in
1788 3185 2029 3256 habitu
2062 3190 2126 3256 et
2161 3190 2457 3256 tonsura
2493 3183 2968 3255 incedentibus

296 3291 650 3365 beneficia
721 3295 1021 3367 conferri
1084 3296 1395 3368 debeant
1449 3302 1521 3368 et
1571 3298 1953 3386 pensiones
2008 3297 2377 3367 reservari.
2436 3291 2542 3365 Ex
2597 3314 2738 3384 qua
2796 3295 2967 3383 legis

296 3405 763 3494 dispositione
816 3409 1165 3496 sequitur,
1207 3409 1382 3479 satis
1434 3426 1617 3493 esse,
1678 3419 1755 3480 ut
1808 3407 1927 3496 qui
1987 3407 2414 3479 beneficium
2468 3413 2786 3497 exoptat,
2827 3407 2969 3478 cle-

295 3518 526 3587 ricatu
580 3518 842 3608 polleat
895 3525 966 3591 et
1018 3518 1268 3591 habitu
1322 3525 1805 3600 consentaneo
1873 3520 2217 3590 induatur
2268 3538 2350 3591 eo
2406 3528 2764 3611 tempore,
2823 3536 2964 3608 quo

295 3627 485 3698 idem
557 3628 985 3701 beneficium
1057 3631 1190 3721 ipsi
1255 3631 1639 3705 confertur.
1716 3627 1972 3720 Itaque
2026 3628 2098 3702 S.
2141 3629 2214 3703 C.
2276 3631 2488 3704 Cone.
2549 3633 2619 3703 in
2690 3630 2958 3719 Euqub.

297 3739 571 3812 Canon.
632 3741 704 3811 7.
746 3736 908 3813 Iulii
971 3744 1184 3816 1770.
1227 3742 1302 3839 ἓ.
1348 3745 1588 3816 Status·
1657 3744 1733 3816 V.
1778 3745 1871 3815 ita
1928 3743 2018 3815 ad
2074 3762 2220 3814 rem
2274 3744 2630 3833 loquitur:
2692 3765 2728 3806 ι
2766 3741 2964 3812 Cete-

297 3873 338 3916 ιν
379 3869 564 3938 rum,
623 3869 785 3923 cum
840 3872 1057 3926 unum
1113 3856 1203 3926 sit
1255 3856 1678 3943 collationis,
1720 3855 1916 3927 aliud
1958 3874 2118 3926 vero
2157 3855 2750 3947 praesentationis
2788 3862 2964 3925 tem-

294 3984 335 4030 >
379 3980 537 4051 pus,
595 3962 765 4035 binc
817 3965 1095 4056 egregie
1148 3966 1405 4039 docent
1459 3967 1810 4053 doctores,
1871 3969 2061 4058 quod
2115 3969 2322 4040 sicuti
2383 3976 2694 4057 tempore
2757 3981 2962 4056 prae-

292 4095 332 4143 »
373 4076 796 4146 sentationis
849 4077 1225 4149 clericatus
1280 4097 1422 4150 non
1476 4080 1905 4167 requiritur,
1974 4081 2070 4150 ita
2129 4098 2257 4152 nec
2310 4081 2715 4168 requiratur
2767 4073 2961 4165 quod

293 4209 331 4253 >
371 4193 870 4276 praesentatus
924 4188 997 4258 in
1050 4188 1304 4261 habitu
1354 4190 1660 4262 clericali
1704 4189 2017 4276 incedat,
2059 4190 2184 4261 sed
2223 4191 2608 4279 requiritur
2647 4196 2960 4278 tempore

292 4319 331 4363 ν
373 4296 796 4385 collationis,
853 4318 1014 4371 cum
1070 4320 1110 4371 a
1167 4307 1505 4390 tempore,
1565 4318 1705 4388 quo
1762 4302 1869 4372 ius
1924 4300 2143 4372 habet
2195 4300 2286 4372 ad
2340 4300 2797 4384 beneficium,
2856 4304 2961 4371 te·

294 4430 331 4478 ›
373 4414 631 4480 neatur
684 4412 923 4482 statim
979 4410 1304 4484 habitum
1352 4429 1711 4483 assumere
1765 4419 1836 4484 et
1889 4412 2189 4485 deferre.
2248 4408 2573 4506 (Garoias
2609 4412 2693 4484 de
2727 4410 2950 4502 benef.

297 4543 335 4587 >
366 4527 566 4611 part.
609 4520 679 4592 7.
724 4541 880 4613 cap.
927 4520 996 4593 1.
1038 4542 1235 4594 num.
1276 4519 1464 4615 39.).
1503 4547 1539 4589 »
2567 4545 2580 4564 κ

438 4633 607 4705 450.
668 4632 882 4705 Secus
936 4653 1097 4707 vero
1150 4634 1531 4706 dicendum
1586 4636 1745 4724 erit,
1787 4637 1842 4707 si
1884 4642 2139 4726 agatur
2188 4636 2278 4709 de
2331 4636 2793 4728 dispositione
2830 4634 2959 4705 bo-

292 4744 533 4816 minis.
580 4743 978 4835 Aliquando
1015 4747 1204 4819 enim
1243 4746 1525 4836 accidit,
1561 4755 1638 4820 ut
1671 4747 2011 4821 fundator
2045 4750 2457 4823 clericatum
2494 4757 2565 4821 et
2603 4749 2954 4822 incessum
