3497 5235
556 264 634 331 64
1303 263 1669 325 luti-notioni·
1708 263 1761 322 Β.
1791 264 1973 340 Oongr.
2001 263 2147 324 Gonu.
2189 262 2460 340 expositio.

560 400 822 489 libbam,
881 400 1003 491 qui
1056 401 1205 474 suis
1269 405 1554 474 tantum
1618 400 1926 474 subditis
1979 419 2065 473 ex
2116 400 2482 494 privilegio
2558 396 2876 473 conferre
2935 404 3200 491 potest,

556 514 834 588 collatio
888 514 1023 585 erit
1071 526 1217 586 non
1269 513 1498 584 solum
1546 513 1821 601 illicita,
1877 510 2002 586 sed
2055 515 2273 586 etiam
2323 510 2666 599 invalida,
2705 510 2874 583 licet
2925 517 3207 585 contra-

552 628 739 699 rium
789 625 1106 698 sentiant
1154 621 1538 715 Fagnanus
1604 630 1678 699 et
1746 621 2036 698 Bened.·
2077 621 2268 696 XIV.
2307 623 2377 717 l.
2420 641 2482 697 c.
2539 641 2616 696 n.
2664 618 2831 710 13.;
2888 620 3208 695 formiter

556 738 748 811 enim
798 735 1095 808 articulo
1146 735 1490 824 discuss0,
1547 734 1997 809 collationem
2049 737 2126 808 in
2175 735 2312 808 hoc
2361 752 2531 809 casu
2581 752 2728 808 non
2790 733 3020 806 solum
3070 734 3209 806 illi-

555 849 795 936 citam,
850 845 978 918 sed
1030 846 1248 919 etiam
1296 845 1709 938 invalidam,
1768 855 1984 939 atque
2036 850 2215 922 adeo
2264 832 2667 923 iterandam
2717 849 3208 940 pronuntiavit

555 961 628 1031 S.
667 956 740 1030 C.
782 956 991 1031 Conc.
1050 958 1125 1029 in
1185 958 1442 1033 Collen.
1479 956 1831 1067 Z'onsurae
1883 960 1976 1031 24
2028 957 2320 1035 Ianuar.
2367 960 2579 1034 1795.
2635 959 2849 1033 Porro
2891 961 2966 1032 in
3018 961 3209 1032 eius-

554 1072 721 1144 dem
768 1070 940 1160 folio
990 1066 1064 1165 ἓ.
1097 1070 1320 1142 Abbas
1357 1070 1974 1162 animadvertitur,
2031 1069 2385 1146 Abbatem
2418 1073 2842 1166 regularem,
2898 1073 3023 1164 qui
3060 1089 3206 1144 non

557 1202 644 1255 ex
694 1182 998 1272 simplici
1070 1180 1571 1256 benedictione
1648 1185 1905 1277 accipit
1956 1184 2467 1275 characterem,
2522 1191 2952 1277 potestatem
3018 1184 3212 1257 ordi-

554 1293 778 1370 nandi
827 1313 975 1368 non
1022 1294 1310 1368 haurire
1362 1312 1449 1367 ex
1499 1292 1794 1385 Ordine,
1851 1314 1984 1370 ceu
2031 1296 2114 1370 fit
2164 1298 2255 1370 de
2305 1293 2699 1390 EpiscopiS,
2737 1295 2863 1369 sed
2901 1314 2986 1368 ex
3039 1314 3212 1368 con-

556 1409 871 1482 cessione
923 1408 1293 1497 ecclesiae,
1348 1425 1476 1481 seu
1529 1427 1616 1481 ex
1666 1410 2062 1502 privilegio,
2120 1410 2444 1500 adeoque
2493 1411 2730 1501 ipsum
2787 1426 2994 1501 posse
3043 1415 3211 1481 tan-

552 1528 709 1594 tum
742 1527 1094 1611 quantum
1129 1516 1585 1593 concessum?
1624 1520 1712 1594 At
1763 1541 1851 1594 ex
1900 1520 2206 1596 Concilio
2240 1518 2430 1594 Trid.
2472 1527 2790 1613 potestas
2824 1519 3208 1594 ordinandi

557 1635 647 1706 ad
701 1634 1021 1727 proprios
1070 1637 1357 1704 tantum
1389 1631 1714 1705 subditos
1763 1633 2070 1706 coercita
2123 1640 2256 1721 est,
2315 1639 2385 1705 et
2437 1631 2598 1705 ideo
2632 1632 2816 1705 circa
2852 1632 3031 1704 alias
3079 1632 3210 1704 de-

553 1752 841 1836 negata.
882 1741 995 1816 Ita
1024 1744 1241 1816 etiam
1269 1741 1340 1814 S.
1384 1740 1567 1816 Rota
1603 1743 1815 1816 decis.
1859 1742 2027 1815 985.
2070 1763 2311 1816 coram
2346 1744 2680 1835 Serapa..
2714 1743 2789 1814 in
2825 1761 2966 1833 qua
3004 1761 3210 1815 sacer

554 1856 725 1929 ordo
775 1855 965 1927 hanc
999 1855 1492 1945 quaestionem
1527 1855 1962 1927 adamussim
2013 1855 2186 1946 agit,
2241 1861 2312 1927 et
2362 1854 2497 1926 hoc
2544 1856 2620 1927 in
2653 1873 2870 1927 sensu
2905 1854 3202 1926 dirimit.

553 1964 811 2058 Itaque
862 1973 1182 2041 constare
1230 1966 1313 2038 de
1367 1966 1693 2041 nullitate
1743 1973 2103 2049 tonsurae,
2141 1985 2223 2039 ae
2270 1973 2636 2058 propterea
2675 1986 2830 2038 eam
2879 1985 3021 2038 esse
3071 1965 3212 2037 rei-

559 2078 933 2153 terandam
970 2077 1223 2152 eadem
1259 2076 1330 2149 S.
1364 2074 1438 2149 C.
1479 2075 1768 2151 Concilii
1804 2079 2129 2169 quamvis
2165 2079 2562 2169 antiquitus
2597 2078 2803 2152 aliter
2836 2076 3209 2167 aliquanto

564 2191 982 2280 censuisset,
1020 2189 1430 2263 selemniter
1471 2189 1834 2264 declarare
1866 2208 2013 2262 non
2049 2188 2406 2261 dubitavit
2454 2190 2532 2262 in
2580 2189 2906 2280 superius
2943 2205 3212 2260 memo-

557 2310 714 2376 rata
751 2321 967 2376 causa
1006 2302 1301 2392 Collen„
1355 2303 1432 2374 in
1482 2321 1625 2394 qua
1676 2301 1797 2374 ille
1852 2299 2090 2373 Abhas
2138 2299 2484 2392 regularis
2528 2300 2935 2371 monasterii
2987 2294 3212 2371 Vallis

460 2408 477 2425 '⁴
560 2411 951 2487 Umbrosae
985 2419 1352 2488 tonsuram
1386 2413 1786 2486 contulerat
1820 2414 2058 2486 iuveni
2093 2412 2183 2486 de
2218 2410 2521 2486 Collensi
2556 2411 2862 2485 dioecesi
2898 2429 3059 2484 curn
3094 2413 3209 2484 sui

557 2524 888 2620 Episcopi
938 2526 1373 2601 dimissoriis.
1429 2524 1643 2599 Porro
1693 2526 1886 2599 idem
1936 2524 2176 2599 Abbas
2236 2525 2548 2616 quodam
2596 2523 2959 2617 privilegio
2996 2525 3211 2614 potiri

555 2639 956 2730 dicebatur,
986 2647 1066 2713 ut
1118 2638 1513 2730 quemlihet
1547 2639 1877 2713 ordinare
1913 2645 2153 2732 posset
2205 2639 2422 2712 etiam
2454 2637 2591 2710 sibi
2625 2654 2771 2710 non
2805 2635 3202 2710 subditum.

556 2748 979 2824 Consulatur
1047 2750 1295 2824 folium
1349 2751 1649 2835 Collen„
1699 2751 1826 2825 uhi
1874 2751 2055 2824 haec
2105 2750 2402 2823 materia
2459 2749 2615 2824 fuse
2676 2747 3081 2839 discutitur,
3135 2754 3212 2821 et

555 2857 845 2936 idoneis
885 2863 1325 2954 argumentis
1376 2861 1878 2954 comprobatur
1928 2859 2067 2956 (1).
2170 2865 2189 2889 '

680 2982 801 3054 32.
841 2978 1230 3055 Concilium
1267 2977 1459 3052 Trid.
1501 2998 1684 3054 sess.
1714 2975 1840 3053 23.
1882 2999 1946 3052 c.
1983 2976 2102 3054 10.
2136 2980 2220 3054 de
2257 2978 2566 3073 Reform.
2608 2974 2924 3054 decrevit
2955 2975 3214 3050 etiam:

556 3113 594 3162 α
630 3089 777 3167 Nec
827 3093 963 3186 ipsi
1021 3090 1333 3166 Abbates
1381 3097 1455 3165 et
1506 3093 1630 3165 alii
1679 3091 2086 3184 exempti...
2142 3092 2388 3166 literas
2464 3091 2903 3166 dimissorias
2953 3088 3225 3180 aliqui-

552 3232 593 3280 »
631 3207 772 3281 hus
822 3206 1097 3282 clericis
1146 3203 1639 3282 saecularibus
1668 3257 1690 3295 ,
1745 3211 1829 3278 ut
1880 3202 1973 3277 ab
2026 3205 2186 3280 aliis
2236 3205 2658 3280 ordinentur
2681 3258 2703 3296 ,
2761 3202 3161 3277 concedant
3193 3254 3217 3292 ,

554 3343 594 3393 >
631 3319 761 3394 sed
810 3320 1066 3392 horum
1140 3319 1431 3392 omnino
1483 3317 1839 3392 ordinatio
1866 3372 1884 3390 .
1911 3372 1928 3389 .
1957 3370 1977 3390 .
2035 3318 2128 3392 ad
2178 3315 2611 3412 Episcopus,
2668 3318 2858 3391 intra
2911 3332 3221 3407 quorum

554 3458 595 3506 ›
632 3432 975 3506 dioecesis
1008 3431 1191 3505 fines
1235 3431 1581 3521 existunt,
1618 3432 2004 3524 pertineat.
2047 3455 2086 3503 ›
2129 3429 2679 3524 Disceptabatur
2712 3429 2908 3520 olim,
2949 3447 3044 3503 an
3080 3428 3221 3502 hu-

553 3664 855 3731 norante
905 3652 1179 3753 (Prax.
1222 3656 1413 3731 secr.
1463 3656 1651 3729 Trib.
1697 3656 1898 3731 Urbis
1945 3657 2088 3730 Vic.
2119 3675 2293 3750 paq.
2328 3650 2541 3755 136.)
2591 3657 2835 3750 plures
2876 3652 2949 3726 S.
2985 3651 3221 3728 Rotae

555 3770 951 3843 decisiones
999 3774 1072 3841 et
1122 3769 1197 3842 S.
1250 3766 1326 3841 C.
1382 3763 1620 3858 Episc.
1679 3774 1752 3840 et
1787 3765 2048 3862 Regul.
2094 3769 2600 3843 resolutionem
2652 3767 2856 3843 affert
2907 3785 3035 3858 pro
3088 3785 3224 3840 ne-

559 3884 794 3975 gativa
843 3881 1229 3970 sententia,
1270 3879 1439 3955 licet
1488 3880 1566 3953 in
1616 3879 1762 3953 fine
1813 3879 2150 3973 fateatur,
2194 3883 2622 3957 contrariam
2658 3899 2814 3955 esse
2866 3876 3057 3953 Trih.
3100 3876 3222 3952 Vi-

557 3995 866 4068 cariatus
915 3991 1367 4085 disciplinam
1418 4009 1548 4065 seu
1581 3993 1885 4084 praxim.
1926 3990 2073 4069 Nec
2123 3995 2515 4086 immerito;
2555 4012 2724 4068 nam
2762 3991 2836 4066 S.
2877 3991 2956 4066 C.
2996 3987 3213 4066 Conc.

553 4106 823 4199 pluries
872 4105 1376 4179 affirmativum
1427 4122 1851 4200 responsum
1887 4107 2247 4200 praebuit,
2287 4125 2373 4181 ac
2403 4106 2858 4201 peculiariter
2909 4107 2986 4180 in
3038 4102 3224 4178 Nul-

557 4218 693 4291 lius
748 4237 865 4292 seu
926 4217 1162 4311 Vespr.
1203 4217 1353 4292 Iur.
1393 4218 1517 4292 26.
1555 4213 1766 4293 Mart.
1831 4219 2045 4291 1718.
2095 4225 2168 4295 et
2218 4220 2342 4295 26.
2382 4217 2684 4314 August.
2747 4219 2998 4311 1719.,
3052 4235 3226 4292 nec-

697 4475 777 4596 (1⁵)
813 4523 944 4578 vid.
973 4523 1330 4578 collectaneo
1363 4519 1495 4578 Bn‘xi
1530 4523 1790 4578 Bizzarri
1822 4539 1961 4590 paq.
1993 4522 2127 4578 139.
2159 4530 2218 4574 et
2245 4521 2403 4585 140„
2446 4522 2545 4577 ubi
2581 4520 2756 4577 alitor
2793 4523 3075 4580 statutum
3109 4524 3226 4576 ost.

555 4610 902 4672 Notandum,
945 4608 1086 4677 quod
1121 4623 1212 4672 res
1248 4608 1457 4680 absque
1495 4608 1841 4665 discussione
1887 4609 1949 4664 in
1984 4608 2239 4679 plenario
2273 4607 2576 4680 auditorio,
2628 4623 2728 4681 per
2773 4608 3087 4679 simplicem
3123 4622 3223 4665 tu·

558 4696 834 4756 dientiam
870 4695 1134 4765 expedita
1169 4693 1309 4751 tuit.
