3497 5235
1070 361 1143 420 D·
1179 361 1482 422 visitatione
1522 364 1788 423 Surorum
1826 366 2085 425 himinum.
2817 369 2893 434 19

275 516 454 571 usum
508 496 1235 585 commoditatemque
1286 496 1639 570 humanae
1689 500 2045 573 societatis
2103 501 2396 592 invexit,
2471 502 2744 578 facilius
2810 523 2894 578 ac

273 612 461 683 citius
514 629 739 702 quam
793 618 1007 684 antea
1058 616 1242 683 terra
1294 613 1612 702 marique
1663 612 2069 705 longissima
2133 617 2343 689 etiam
2413 618 2665 690 itinera
2733 638 2894 710 per-

272 724 438 796 curri
493 740 737 814 posse,
796 720 1113 813 adeoque
1165 722 1387 794 multo
1437 723 1838 814 expeditius
1887 731 1959 798 et
2008 725 2321 799 crebrius
2375 726 2690 802 Sixtinae
2751 730 2888 823 legi

272 834 699 907 adamussim
751 849 1001 924 parere
1052 831 1295 904 datum
1348 850 1529 905 esse.

400 946 528 1017 41.
566 941 818 1035 Neque
868 960 1031 1016 vero
1081 943 1409 1017 utilitatis
1481 952 1551 1017 et
1604 947 2043 1019 necessitatis
2108 947 2402 1021 huiusce
2477 969 2686 1023 causa
2765 955 2896 1025 mi-

273 1056 504 1128 nuitur
556 1073 645 1127 ex
696 1072 809 1141 eo,
865 1053 1053 1144 quod
1106 1054 1197 1126 ob
1250 1056 1611 1128 institutos
1662 1056 1931 1146 ubique
1984 1057 2302 1147 publicos
2353 1060 2759 1135 tabellarios
2814 1065 2894 1135 li·

269 1175 445 1239 teras
497 1166 679 1240 dare
728 1172 800 1238 et
850 1165 1164 1256 accipere
1217 1165 1290 1235 in
1342 1166 1493 1238 dies
1543 1164 1745 1239 facile
1799 1173 1932 1255 est,
1989 1176 2058 1242 et
2111 1186 2252 1240 non
2304 1189 2529 1261 pauca
2607 1177 2886 1264 negotia

270 1283 790 1370 pertractantur
858 1281 930 1346 et
994 1274 1491 1366 expediuntur,
1546 1278 1718 1367 quin
1795 1295 2027 1349 coram
2105 1280 2352 1352 adesse
2420 1287 2889 1357 necessarium

270 1392 380 1464 sit.
435 1385 624 1460 Nam
680 1385 1195 1476 quamplurima
1249 1386 1701 1459 nihilosecius
1752 1388 1993 1481 procul
2046 1389 2261 1461 dubio
2334 1402 2741 1484 supersunt,
2823 1398 2890 1470 in

267 1499 555 1592 quibu5‚
611 1497 749 1569 nisi
800 1514 879 1569 os
929 1496 1019 1568 ad
1068 1514 1146 1567 os
1196 1496 1603 1587 alloquaris,
1659 1500 1945 1571 omnino
1998 1517 2312 1590 nequeas
2363 1508 2554 1575 tuam
2607 1512 2896 1578 seuten-

266 1613 425 1684 tiam
478 1609 840 1700 explicare
888 1625 999 1693 ea,
1055 1625 1194 1697 qua
1246 1627 1375 1700 par
1425 1614 1558 1696 est,
1615 1610 2119 1700 perspicuitate
2152 1619 2222 1685 et
2258 1617 2728 1701 accuratione3
2770 1637 2896 1690 ne-

264 1739 480 1812 queas
513 1717 1086 1793 circumstantias
1121 1733 1363 1789 omnes
1400 1724 1470 1790 et
1503 1720 1839 1792 adiuncta
1874 1739 2107 1792 rerum
2145 1724 2543 1813 enucleare;
2579 1745 2891 1817 nequeas

263 1830 749 1916 difficultateS,
803 1843 987 1918 quae
1035 1845 1160 1918 pro
1212 1846 1284 1900 re
1336 1837 1502 1901 nata
1554 1831 1905 1918 oriuntur,
1960 1831 2365 1921 dissolvere,
2408 1853 2636 1925 neque
2676 1844 2774 1911 tot
2811 1859 2893 1914 ac

261 1943 478 2016 tantis
531 1937 1075 2013 necessitatibus
1126 1955 1524 2029 occurrere,
1581 1958 1764 2030 quae
1815 1948 1981 2014 ante
2032 1944 2379 2033 provideri
2434 1963 2573 2017 non
2649 1956 2894 2040 pitue-

263 2061 454 2126 runt.
514 2050 624 2123 Ad
675 2050 851 2122 haec
900 2048 1194 2137 accedit,
1253 2050 1441 2139 quod
1517 2051 1866 2142 permulta
1943 2054 2268 2126 accidant
2344 2074 2886 2148 nonnunquam,

267 2181 446 2254 quae
495 2161 749 2233 secreti
805 2159 1017 2231 fidem
1066 2158 1161 2229 ita
1213 2161 1598 2249 postulent,
1657 2169 1730 2234 ut
1782 2163 2042 2253 scripto
2093 2182 2174 2235 ea
2228 2168 2641 2257 consignare
2710 2172 2894 2259 peri-

268 2275 584 2346 culosum
638 2290 851 2362 quam
898 2271 1194 2340 maxime
1230 2272 1348 2343 sit.
1389 2269 1573 2344 Hinc
1607 2292 1664 2344 s.
1699 2291 1793 2343 m.
1827 2270 2191 2347 Benedict.
2229 2272 2426 2347 XIII.
2460 2277 2533 2347 in
2570 2275 2890 2352 Romana
3015 2362 3022 2369 ,

271 2383 551 2476 Synodo
586 2384 758 2454 anni
799 2381 1008 2452 1725.
1048 2375 1091 2476 (
1088 2381 1198 2454 tit.
1244 2380 1356 2454 13.
1399 2401 1554 2474 cap.
1591 2379 1704 2476 1.)
1755 2379 2135 2474 Episcopos
2178 2384 2535 2474 admonet,
2596 2410 2630 2452 ‹
2665 2407 2753 2460 ne
2789 2392 2889 2463 ita

276 2522 313 2561 ι
348 2496 612 2587 passim
668 2492 1016 2584 personali
1069 2491 1159 2562 ah
1212 2490 1344 2565 hac
1395 2493 1794 2565 visitatione
1845 2511 1920 2564 se
1969 2493 2425 2584 dispensent3
2477 2500 2736 2570 monita
2775 2499 2892 2574 hic

283 2632 319 2676 ›
356 2605 571 2678 multa
623 2613 695 2677 et
744 2621 916 2675 sane
967 2602 1274 2695 proficua
1328 2603 1727 2675 eorumdem
1781 2611 2183 2678 sanctorum
2235 2606 2570 2681 ecclesiae
2631 2606 2894 2682 Princi-

286 2742 323 2783 ι
356 2736 517 2808 pum
570 2715 960 2809 patrocinio
1012 2731 1050 2784 e
1101 2711 1367 2785 Summi
1419 2711 1776 2787 Pontificis
1846 2717 2044 2788 vivae
2114 2717 2300 2789 vocis
2372 2721 2656 2792 oraculo
2731 2740 2892 2813 per·-

289 2853 326 2894 ι
360 2829 651 2923 cepturi,
706 2845 890 2917 quae
940 2825 1218 2915 scriptis
1267 2824 1651 2914 aliquando
1704 2833 2070 2917 nequeunt
2118 2828 2544 2920 consignari.
2591 2853 2629 2895 ›

415 2940 531 3010 42.
588 2934 908 3020 Quantae
960 2935 1286 3008 utilitatis
1350 2944 1724 3009 censeatur
1789 2945 2103 3022 statuum
2154 2938 2682 3012 referendorum
2747 2944 2890 3014 uti-

288 3049 460 3138 litas,
514 3049 684 3136 duo,
740 3063 924 3137 quae
977 3044 1181 3117 modo
1231 3045 1669 3137 subiicimuS,
1710 3048 1933 3138 magis
1968 3050 2332 3141 magisque
2364 3049 2882 3127 demonstrant.

288 3157 576 3232 Primum
626 3165 761 3247 est,
817 3158 1007 3248 quod
1057 3158 1130 3227 in
1166 3155 1445 3248 Synodo
1480 3156 1963 3251 Fulginatensi
2000 3156 2207 3233 Troili
2242 3161 2590 3235 sancitum
2628 3162 2884 3254 fuerat,

290 3278 366 3342 ut
407 3288 641 3343 omnes
692 3270 1087 3341 animarum
1140 3277 1456 3360 pastores
1505 3271 1805 3360 singulis
1856 3270 2220 3344 mensibus
2279 3272 2369 3343 ad
2428 3270 2881 3366 Episcopum,

295 3382 392 3453 vel
433 3378 780 3455 vicarium
833 3376 1248 3452 Generalem
1298 3381 1626 3454 accedere
1680 3388 2114 3471 tenerentur,
2180 3383 2316 3456 nisi
2380 3383 2690 3476 legitimo
2757 3388 2888 3459 im-

291 3493 675 3584 pedimento
723 3489 1059 3583 prohibiti
1112 3489 1366 3581 forent,
1422 3499 1503 3566 ut
1551 3493 1896 3565 rationem
1949 3492 2038 3565 de
2090 3510 2255 3565 cura
2307 3496 2742 3586 animarum,
2798 3499 2887 3570 de

292 3603 519 3676 ovibus
566 3603 702 3676 sihi
753 3601 1186 3690 commissiS,
1241 3603 1539 3695 aliisque
1607 3602 1821 3676 rebus
1895 3602 1987 3675 ad
2060 3610 2325 3678 statum
2393 3607 2886 3696 parochiarum

288 3714 789 3804 pertinentibus
837 3713 1205 3786 referrent.
1262 3711 1411 3787 Hoc
1460 3732 1673 3787 onere
1725 3721 2048 3807 gravatos
2097 3732 2252 3787 sese
2303 3715 2518 3789 fuisse
2553 3719 2684 3790 rati
2722 3715 2888 3791 Ful-

293 3826 661 3917 ginatensis
710 3825 1107 3899 dioeceseos
1157 3827 1443 3917 parochi
1495 3827 1860 3917 conquesti
1912 3833 2081 3900 sunt
2130 3826 2322 3918 apud
2372 3825 2444 3898 S.
2485 3825 2559 3899 C.
2598 3825 2887 3902 Concilii

290 3955 367 4009 ac
408 3939 492 4011 ab
528 3938 738 4011 huius
788 3937 1051 4011 decreti
1101 3936 1550 4012 observantia
1586 3954 1739 4009 sese
1773 3938 1981 4010 eximi
2015 3938 2530 4030 expetiverunt.
2579 3936 2661 4010 At
2694 3937 2765 4010 S.
2802 3937 2875 4011 C.

291 4045 480 4121 Conc.
537 4050 653 4122 die
716 4049 831 4120 14.
869 4045 1061 4121 Iunii
1111 4049 1322 4122 1704.
1388 4050 1771 4141 rescripsit,
1803 4071 1868 4117 ·‹
1905 4050 2248 4142 parochos
2298 4055 2606 4123 oratores
2657 4051 2883 4123 teneri

289 4183 324 4220 ι
360 4160 456 4233 vel
508 4178 632 4252 per
682 4178 783 4249 se,
840 4161 948 4233 vel
1003 4178 1130 4252 per
1179 4160 1546 4251 epistolam
1599 4161 1863 4233 curiam
1915 4159 2384 4255 episcopalem
2421 4158 2506 4231 de
2540 4166 2732 4261 statu
2770 4178 2886 4233 eo·

286 4294 323 4337 ι
356 4291 500 4343 rum
551 4273 1062 4363 parochialium
1113 4272 1487 4344 certiorare
1538 4270 1628 4343 ad
1664 4271 1958 4343 formam
1994 4269 2354 4363 synodalis
2389 4269 2676 4359 decreti;
2719 4288 2888 4344 cen-

283 4407 319 4451 ›
354 4385 482 4457 suit
532 4392 773 4457 tamen
822 4383 1361 4476 iniungendum,
1422 4391 1629 4476 prout
1681 4383 2073 4474 praesentis
2131 4382 2394 4455 decreti
2467 4387 2708 4454 tenore
2773 4383 2886 4456 in-

280 4495 569 4588 »iungit
617 4492 1018 4584 Ordinatio,
1075 4501 1428 4585 quatenus
1479 4496 1839 4568 moderate
1889 4512 1964 4567 se
2019 4499 2216 4586 gerat
2279 4492 2516 4585 quoad
2582 4511 2883 4585 poenam

278 4629 314 4674 ›
348 4606 417 4678 in
464 4608 648 4682 dicto
698 4608 979 4681 decreto
1029 4605 1349 4696 synodali
1402 4607 1821 4698 appositam.
1865 4633 1901 4677 ›
1984 4603 2296 4698 Supplex
2371 4605 2652 4679 libellus
2724 4622 2882 4677 cum

270 4711 621 4814 Rescripto
672 4719 932 4812 legitur
995 4718 1070 4791 in
1122 4715 1446 4813 Append.
1511 4716 1776 4808 Synodi
1847 4714 2371 4811 Fulginatensis
2446 4715 2882 4791 celeberrimi
