3497 5235
996 292 1116 367 (lap.
1142 294 1239 351 111.
1277 293 1349 350 Do
1390 292 1524 350 olm
1563 294 1836 352 oneum.
1879 295 1932 367 g.
1958 294 2039 351 12.
2732 294 2843 357 481

208 452 239 494 »
271 426 500 511 Couc.,
542 433 613 498 et
649 426 723 497 in
769 427 1005 516 specie
1059 428 1134 498 in
1174 427 1521 499 Firmano
1556 428 1676 499 30.
1718 426 1886 499 Maii
1929 428 2143 499 1665.
2199 424 2381 523 (lib.
2418 426 2545 498 24.
2587 427 2842 501 decret.

205 567 239 611 ι
265 560 420 633 paq.
461 536 623 611 496.
632 534 708 634 ),
747 539 1070 610 Romana
1111 539 1227 609 18.
1254 535 1486 610 Martii
1528 540 1740 611 1684.
1784 535 1950 634 (lib.
1984 538 2106 613 34.
2149 540 2404 612 decret.
2440 560 2607 633 paq.
2653 540 2773 613 70.
2772 535 2850 636 ),

199 679 233 725 ›
265 660 330 726 et
375 651 742 724 Vercellen.
793 651 908 721 15.
952 647 1118 723 Dec.
1166 650 1381 723 1690.
1413 674 1450 718 »

333 765 494 836 407.
555 761 660 833 Ad
713 763 1004 836 titulum
1073 762 1443 852 pensionis
1496 762 1792 852 gradum
1846 762 2175 850 facimus,
2232 780 2447 853 super
2497 781 2640 852 qua
2695 763 2851 834 ani-

200 876 689 948 madvertimus
717 892 877 946 cum
908 875 981 945 S.
1004 872 1079 946 C.
1104 871 1318 945 Conc.
1359 875 1434 945 in
1466 877 1781 949 Suanen.
1824 876 1957 948 Tit.
1986 896 2044 946 s.
2073 875 2229 947 ord.
2263 876 2386 946 28.
2429 871 2595 945 Iulii
2628 875 2842 947 1838.

193 986 257 1085 ξ.
294 990 466 1060 Hinc
502 987 750 1069 etiam,
806 1009 845 1052 ‹
876 1006 1032 1059 eam
1071 986 1338 1058 nedum
1378 988 1466 1058 ad
1506 1005 1894 1078 congruam
1946 987 2181 1060 clerici
2235 988 2644 1057 alimoniam
2698 987 2850 1058 suf-

196 1124 230 1170 »
264 1100 464 1171 ficere
516 1097 828 1184 debere,
891 1097 1016 1170 sed
1072 1106 1145 1171 et
1195 1105 1618 1191 perpetuam
1669 1100 1983 1189 requiri,
2043 1106 2120 1171 ut
2190 1098 2505 1171 validum
2573 1097 2848 1171 tribuat

194 1240 227 1280 ι
262 1212 726 1284 ordinationis
777 1210 1095 1300 titulum,
1153 1213 1246 1284 ad
1297 1214 1517 1283 vitam
1570 1231 1830 1302 nempe
1883 1212 2108 1303 ipsius
2170 1211 2607 1302 pensionarii
2688 1230 2851 1302 pro—

193 1347 227 1393 »
262 1324 583 1395 movendi
654 1322 1069 1394 duraturam
1135 1324 1430 1397 tradunt
1497 1321 1792 1415 Rigant.
1852 1325 1926 1395 in
1981 1327 2146 1417 Req.
2193 1323 2317 1396 24.
2378 1320 2593 1397 Cane.
2651 1321 2726 1418 g.
2767 1324 2840 1394 5.

186 1460 220 1506 ›
254 1455 325 1507 n.
361 1434 633 1508 153...
682 1433 909 1524 Atque
962 1435 1143 1508 adeo
1180 1435 1527 1522 inferunt,
1569 1435 1761 1525 quo-d
1799 1436 2050 1527 pensio
2086 1436 2178 1517 ab
2219 1433 2569 1526 Episcopo
2607 1434 2846 1509 favore

188 1572 221 1612 ι
257 1548 484 1619 clerici
522 1565 742 1638 super
769 1547 1010 1635 aliquo
1044 1545 1395 1618 beneficio
1432 1554 1792 1619 reservata
1830 1566 1958 1637 pro
1995 1548 2335 1619 canonico
2373 1548 2847 1619 ordinationis

179 1659 451 1731 »titulo
504 1677 653 1731 non
706 1657 1058 1746 sufficiat,
1128 1659 1299 1747 quia
1355 1660 1688 1730 nimirum
1742 1678 1827 1730 ea
1883 1667 2196 1749 nequeat
2250 1676 2404 1731 esse
2465 1667 2840 1750 perpetua,

182 1792 213 1831 ι
252 1771 373 1842 sed
427 1770 746 1864 pendeat
798 1770 989 1842 illius
1024 1770 1306 1842 duratio
1343 1790 1382 1839 a
1421 1772 1568 1844 vita
1619 1770 1957 1857 titularis,
1991 1772 2111 1860 qui
2151 1772 2603 1861 pensionario
2642 1788 2848 1861 prae-

172 1898 214 1948 ἰ
251 1882 502 1953 cedere
557 1887 880 1972 potest.»
939 1877 1235 1970 Itaque,
1291 1890 1372 1955 ut
1425 1882 1784 1972 colligitur
1833 1899 1919 1952 ex
1973 1882 2223 1953 eadem
2280 1886 2629 1966 Suanen„
2682 1904 2842 1956 cum

173 1988 613 2067 Coelestinus
665 1988 1059 2064 Minichetti
1139 1992 1492 2084 plebanus
1560 1993 1816 2064 clerico
1868 1988 2098 2063 Torlai
2167 1992 2442 2066 fructus
2510 1995 2843 2069 beneficii

172 2103 536 2195 simpliciS‚
597 2103 791 2193 quod
843 2109 1128 2194 praeter
1178 2104 1549 2196 paroeciae
1605 2122 1688 2174 ac
1733 2104 1976 2176 divitis
2012 2105 2264 2176 domus
2309 2108 2486 2177 'suae
2539 2109 2837 2197 redituS,

166 2214 426 2303 quibus
463 2216 913 2287 commodam
967 2218 1141 2287 satis
1193 2218 1413 2287 vitam
1468 2232 1677 2306 agere
1728 2216 2043 2306 valebat,
2084 2216 2523 2309 possidebat,
2566 2220 2638 2289 in
2676 2238 2846 2291 cau-

161 2343 307 2398 sam
360 2329 557 2401 tituli
612 2329 1110 2414 ordinationis,
1151 2329 1379 2401 donec
1431 2330 1638 2402 aliter
1681 2330 2198 2419 provideretur,
2240 2331 2651 2402 renuntiare
2700 2330 2847 2401 vel-

160 2437 294 2527 let,
352 2445 642 2513 retento
713 2437 1045 2512 beneficii
1115 2441 1324 2512 titulo
1396 2450 1905 2532 reservataque
1972 2441 2110 2513 sibi
2181 2442 2536 2514 fructuum
2609 2450 2840 2532 parte,

160 2567 345 2641 quae
400 2554 912 2625 dioecesanam
966 2559 1208 2625 taxam
1261 2555 1663 2644 excederet,
1718 2556 1796 2625 in
1849 2554 1921 2625 S.
1966 2551 2040 2626 C.
2082 2552 2297 2626 Conc.
2341 2552 2644 2627 dubium
2685 2572 2851 2645 pro—

155 2665 472 2751 positum
531 2662 711 2736 fuit:
775 2688 813 2730 ς
844 2665 949 2735 An
987 2666 1477 2738 admittendus
1511 2669 1603 2739 sit
1640 2668 1897 2741 titulus
1935 2667 2402 2739 ordinationis
2437 2669 2512 2738 in
2550 2661 2770 2739 casu?
2802 2692 2839 2736 »

150 2773 221 2849 S.
263 2774 341 2849 C.
385 2777 805 2868 rescripsit:
868 2801 907 2844 ‹
936 2774 1307 2869 Negative.
1345 2806 1383 2848 ›

292 2891 475 2962 408.
526 2888 757 2980 Super
783 2891 1127 2962 canonica
1164 2892 1574 2984 patrimonii
1605 2888 1716 2987 (1)
1747 2892 2285 2979 constitutione,
2326 2891 2416 2962 de
2455 2909 2595 2980 qua
2637 2891 2845 2962 tertio

143 2999 294 3073 loco
354 2999 733 3092 agendum
786 3008 1157 3092 superest,
1217 3001 1608 3074 notandum
1663 3004 1893 3092 primo
1947 3008 2081 3090 est,
2139 3001 2331 3093 quod
2385 3003 2457 3072 in
2515 3000 2847 3089 qualibet

142 3110 461 3185 dioecesi
502 3118 677 3184 taxa
714 3113 1078 3201 synodalis
1122 3120 1394 3187 statuta
1447 3121 1679 3187 exstat
1715 3110 1961 3209 (prout
1998 3116 2207 3186 modo
2242 3108 2617 3206 vidimus).
2659 3129 2845 3200 quae

139 3223 532 3295 sufficiens
584 3222 939 3296 habeatur
991 3224 1081 3295 ad
1136 3243 1523 3315 congruam
1573 3225 1976 3297 ordinando
2029 3225 2628 3297 sustentationem
2677 3241 2847 3294 con-

137 3335 639 3408 stituendam.
697 3330 1020 3406 Iamvero
1074 3336 1239 3408 licet
1289 3333 1681 3430 Episcopus
1732 3338 2149 3429 dispensare
2188 3337 2409 3426 possit
2448 3337 2520 3406 in
2566 3334 2847 3426 legibus

134 3448 638 3539 synodalibus
675 3467 714 3518 a
751 3466 827 3519 se
864 3447 973 3518 vel
1011 3467 1051 3517 a
1089 3449 1237 3519 suis
1272 3448 1838 3521 antecessoribus
1873 3448 2106 3535 factis,
2152 3448 2574 3519 nullatenus
2611 3452 2848 3538 potest

129 3559 586 3652 dispensare
639 3559 731 3629 ad
783 3558 944 3646 hoc,
986 3565 1065 3630 ut
1099 3559 1607 3650 patrimonium
1659 3560 1882 3649 possit
1915 3576 2072 3629 esse
2114 3560 2376 3646 minuS,
2421 3577 2637 3648 quam
2675 3566 2847 3631 taxa

126 3679 556 3746 memorata
612 3670 1061 3761 praescribit,
1121 3678 1199 3742 ut
1247 3671 1467 3742 sentit
1518 3666 1970 3742 Honorantes
2026 3671 2259 3742 Praae.
2308 3672 2497 3742 Secr.
2548 3671 2838 3742 Tribun.

135 3784 286 3856 Vic.
337 3786 539 3874 Cap.
583 3780 657 3854 8.
699 3783 887 3854 Nota
922 3781 1187 3853 decimo
1229 3802 1397 3873 paq.
1442 3779 1602 3868 93.,·
1637 3781 1966 3871 quamvis
2019 3781 2205 3851 idem
2261 3788 2509 3853 auctor
2544 3782 2674 3852 loc.
2718 3782 2840 3853 cit.

120 3896 322 3971 Nota
378 3895 775 3969 undecimo
829 3895 1087 3982 firmet,
1145 3894 1280 3966 hac
1334 3895 1406 3964 in
1446 3913 1520 3965 re
1557 3895 1711 3965 dari
1765 3893 2189 3983 parvitatem
2245 3893 2588 3964 materiae
2632 3895 2729 3964 ita
2770 3898 2848 3964 ut

118 4011 179 4079 si
238 4009 638 4080 modicum
693 4013 904 4077 taxae
956 4007 1323 4098 synodalis
1374 4005 1742 4095 deficeret,
1802 4005 2079 4076 modica
2146 4013 2331 4078 esset
2385 4005 2640 4095 culpa,
2697 4023 2845 4075 non

117 4122 406 4212 gravis,
475 4117 815 4207 adeoque
866 4136 999 4189 nec
1050 4136 1278 4209 poena
1319 4119 1552 4209 gravis
1614 4115 2106 4190 contrahenda
2142 4123 2357 4189 esset.
2399 4113 2613 4186 Ratio
2648 4133 2840 4203 vero,

120 4250 252 4305 cur
311 4229 803 4303 Honorantes
871 4231 1278 4319 existimet,
1335 4227 1765 4321 Episcopum
1821 4246 1965 4299 non
2015 4245 2224 4319 posse
2275 4226 2686 4299 huiusmodi
2739 4227 2849 4298 di·

255 4535 348 4610 (1)
397 4535 504 4586 Ex
557 4529 793 4595 quadam
832 4531 1177 4582 resolutione
1218 4532 1255 4585 S
1304 4529 1363 4585 0.
1392 4529 1557 4583 Conc.
1592 4527 1731 4598 (sine
1773 4527 1859 4578 die
1900 4534 1959 4578 et
1997 4525 2166 4596 anuo)
2207 4528 2390 4579 relata
2435 4527 2495 4577 in
2526 4528 2844 4579 Analecta]

103 4623 293 4673 Iuris
340 4615 614 4679 Pontis.
650 4614 809 4666 1867.
839 4630 966 4680 pag.
993 4614 1117 4666 635.
1150 4632 1270 4666 cum
1300 4615 1476 4666 titulo
1513 4616 1779 4664 Romana
1808 4612 2102 4676 colligitur
2131 4628 2163 4662 a
2192 4612 2413 4664 Summo
2436 4613 2710 4664 Pontifice
2749 4628 2851 4680 pro

112 4708 280 4760 Urbe
329 4704 660 4757 decretum
699 4703 900 4766 fuisse,
944 4718 1008 4753 ue
1050 4703 1180 4768 quis
1219 4703 1443 4753 omnino
1482 4701 1657 4755 titulo
1695 4700 2026 4766 patrimonii
2065 4699 2380 4753 ordinetur.

350 4825 581 4872 Lucum.
614 4817 748 4866 Vis-it.
776 4820 914 4867 sacr.
947 4817 1085 4873 Lim„
1114 4817 1234 4864 edit.
1263 4817 1355 4864 ΙΙΙ.
1392 4817 1491 4865 Vol.
1520 4819 1561 4864 1.
1922 4843 1925 4847 Δ
2577 4819 2626 4861 31
