3497 5235
1002 299 1122 375 ⁰⁸1³·
1147 302 1242 359 111.
1282 302 1355 359 Do
1396 301 1530 360 clero
1569 302 1843 361 sumlui
1884 307 1937 379 5.
1964 303 2039 361 11.
2737 304 2855 366 449

193 453 321 525 quo
371 437 466 507 sit
518 434 845 508 iacienda
900 435 1284 527 applicatio
1337 434 1595 509 Missae
1666 456 1795 529 pro
1847 440 2111 529 populo
2164 440 2235 509 in
2307 432 2524 511 casu?
2565 463 2603 509 >
2648 437 2842 511 Sacr.

187 544 520 639 Congreg.
563 545 776 619 Conc.
817 549 894 618 in
940 548 1343 640 Vicoequen.
1387 551 1586 624 Μίεε.
1619 569 1755 641 pro
1779 569 1946 641 pop.
1992 550 2061 620 7.
2093 547 2261 621 Maii
2304 552 2516 623 1808.
2558 568 2855 640 respon-

187 658 322 730 dit:
371 681 408 724 «
455 657 891 730 Affirmative
942 678 982 729 a
1035 660 1344 751 parocho
1399 661 1689 732 actuali.
1737 686 1775 727 »
1814 656 2015 742 Quod
2067 664 2127 733 si
2179 663 2557 753 parochus,
2608 658 2722 758 (ut
2776 665 2851 735 in

185 769 339 842 folio
391 771 716 842 eiusdem
768 788 1030 842 causae
1078 773 1547 864 perpenditur
1595 770 1670 867 ξ.
1731 773 1905 847 Cam
1956 792 2042 845 ea:
2096 775 2170 844 in
2222 774 2404 867 fin.)
2447 797 2484 841 «
2526 793 2669 847 non
2721 775 2853 846 ha-

186 908 218 950 »
253 881 422 955 beat
477 900 867 974 congruam
918 882 1431 971 sufficientem,
1491 903 1634 955 non
1687 890 1922 976 potest
1973 884 2232 957 idcirco
2298 885 2390 958 ab
2443 885 2578 957 hoc
2629 904 2849 959 onere

187 1022 218 1063 »
251 995 603 1087 refugere,
644 995 771 1068 sed
810 996 1067 1087 poterit
1105 1015 1316 1088 agere
1354 998 1552 1069 iuxta
1588 998 1955 1071 decretum
2006 995 2217 1071 Conc.
2261 994 2453 1070 Trid.
2499 1002 2680 1073 Scss,
2718 1000 2843 1074 23.

183 1130 218 1175 ›
252 1128 411 1200 cap.
457 1106 574 1180 13.
632 1108 716 1179 dc
754 1107 1102 1200 Reform„
1159 1116 1238 1181 ut
1289 1128 1646 1200 congruae
1697 1114 2159 1200 augmentum
2213 1118 2792 1199 consequatur.»

316 1221 489 1292 357.
531 1218 840 1311 Disquiri
895 1227 1129 1313 potest
1182 1223 1255 1292 in
1303 1221 1435 1294 hoc
1486 1220 1667 1308 loco,
1708 1241 1803 1293 an
1854 1222 2174 1314 parochi,
2217 1222 2340 1313 qui
2392 1222 2677 1295 duabus
2733 1226 2844 1296 vel

176 1331 501 1424 pluribus
552 1333 871 1404 ecclesiis
922 1332 1210 1403 insimul
1263 1334 1663 1405 coniunctis
1715 1341 2091 1422 praesunt,
2132 1339 2238 1405 tot
2289 1331 2664 1405 Missarum
2721 1354 2850 1426 ap-

176 1445 665 1535 plicandarum
717 1445 868 1516 sive
919 1462 1047 1534 per
1097 1463 1200 1531 se,
1242 1446 1391 1515 sive
1445 1462 1572 1536 per
1622 1444 1845 1516 alium
1911 1462 2128 1517 onere
2184 1452 2610 1536 graventur,
2672 1453 2847 1535 quot

173 1574 464 1629 numero
516 1562 685 1629 sunt
737 1556 1172 1647 paroeciales
1225 1556 1595 1643 ecclesiae,
1655 1575 1842 1646 quae
1895 1557 2107 1627 simul
2160 1557 2586 1628 coniunctae
2638 1575 2843 1649 repe-

172 1670 478 1741 riuntur.
520 1665 607 1740 In
662 1687 805 1758 quo
857 1687 942 1740 ea
994 1675 1311 1759 praestat
1364 1667 1804 1757 exscribere,
1863 1686 2050 1758 quae
2101 1668 2392 1741 exhibet
2461 1666 2711 1739 folium
2770 1671 2847 1741 in

173 1801 383 1853 causa
442 1782 900 1853 Salmantina
964 1780 1103 1853 VV.
1151 1782 1279 1855 SS.
1324 1782 1467 1852 LL.
1526 1782 1646 1851 22.
1687 1777 1897 1851 Febr.
1949 1781 2162 1852 1862.
2218 1777 2292 1874 ἓ.
2332 1781 2493 1852 *Hac
2553 1782 2793 1871 posita
2811 1804 2846 1869 ,-

170 1892 316 1965 ibi:
397 1915 434 1959 «
475 1889 628 1964 Hac
695 1893 928 1983 posita
980 1892 1416 1984 obligatione
1485 1886 1991 1984 (parochorum
2054 1909 2180 1983 pro
2233 1894 2495 1984 populo
2554 1889 2843 1965 Missam

174 2029 208 2073 υ
246 2002 625 2100 offerendi)
680 2005 1081 2094 quaesitum
1135 2011 1269 2090 est,
1312 2004 1486 2093 quid
1522 2003 1745 2075 relate
1799 2002 1889 2074 ad
1926 1998 2214 2072 Missam
2267 2022 2393 2096 pro
2447 2005 2710 2094 populo
2748 2002 2839 2074 ab

173 2141 210 2182 »
245 2117 337 2188 iis
388 2114 721 2207 parochis
757 2115 935 2187 foret
975 2115 1531 2200 observandum,
1572 2116 1697 2205 qui
1733 2114 2020 2187 duabus
2056 2117 2403 2205 paroeciis
2441 2123 2680 2188 essent
2716 2115 2845 2188 ad-

171 2253 208 2295 »
250 2227 453 2315 dicti,
497 2233 568 2299 et
620 2232 1031 2299 constanter
1080 2244 1281 2298 sacer
1331 2222 1521 2298 Ordo
1574 2226 1975 2316 respondit,
2031 2226 2437 2298 huiusmodi
2492 2227 2842 2317 parochos

169 2364 206 2406 s
246 2340 544 2411 minime
595 2338 865 2410 solutos
915 2354 1071 2410 esse
1124 2358 1164 2407 a
1219 2335 1475 2409 Missae
1526 2338 2003 2429 applicatione
2053 2357 2181 2429 pro
2234 2345 2539 2428 utraque
2591 2357 2846 2430 paroe-

165 2476 203 2517 ›
244 2452 385 2538 cia,
444 2452 583 2522 nisi
639 2449 817 2522 forte
870 2451 1242 2542 paroeciae
1278 2449 1600 2540 plenaria
1654 2455 1727 2522 et
1777 2451 2202 2522 exstinctiva
2257 2450 2535 2523 fuerint*
2578 2452 2844 2522 unione

109 2639 122 2656 ‚
163 2589 201 2631 ›
242 2561 698 2650 coniunctae,
740 2581 898 2651 ceu,
939 2561 1251 2634 formiter
1302 2561 1622 2634 discusso
1657 2561 1985 2650 atticum,
2036 2562 2477 2636 declaratum
2530 2562 2844 2635 habetur

158 2701 199 2741 ›
238 2676 319 2747 in
373 2676 635 2747 Lucen.
679 2675 953 2766 Applic.
996 2675 1193 2747 Miss.
1229 2694 1362 2765 pro
1405 2694 1569 2765 pop.
1618 2675 1733 2745 12.
1775 2671 1985 2747 Mart.
2035 2676 2283 2764 1774„
2325 2678 2397 2747 in
2453 2695 2624 2765 qua,
2683 2695 2849 2767 pro-

157 2812 198 2852 »
237 2787 477 2877 posito
514 2785 777 2858 dubio:
820 2788 930 2859 An
973 2787 1270 2877 parochi
1306 2787 1574 2858 duabus
1628 2787 1933 2859 ecclesiis
1971 2789 2500 2879 parochialibus
2544 2809 2846 2880 praepo-

154 2923 195 2963 »
238 2897 368 2970 siti
438 2902 840 2969 tenerentur
895 2898 1284 2970 Dominicis
1355 2899 1652 2989 aliisque
1717 2898 1915 2986 festis
1968 2899 2202 2971 diebus
2274 2900 2351 2970 in
2421 2919 2845 2990 unaquaque

151 3034 192 3075 »
235 3003 537 3081 ecclesia
572 3009 718 3081 sive
742 3027 873 3100 per
907 3029 1008 3090 sc,
1045 3010 1187 3082 sive
1213 3028 1341 3101 per
1378 3010 1604 3081 alium
1641 3010 2003 3104 applicare
2028 3030 2163 3101 pro
2195 3011 2447 3100 populo
2498 3011 2573 3080 in
2622 3006 2846 3082 casu?

149 3146 194 3188 ›
237 3118 403 3191 Emi
444 3118 691 3193 Patres
736 3122 1294 3212 rescripserunt:
1334 3121 1800 3213 Affirmativc,
1834 3123 2134 3212 exceptis
2173 3127 2452 3194 tantum
2480 3121 2842 3211 parochiis

143 3258 188 3300 ›
234 3234 465 3305 unitis
509 3233 770 3304 unione
793 3234 1128 3325 plenaria
1161 3239 1228 3307 et
1259 3233 1737 3317 exstinctiva,·
1772 3238 1839 3304 et
1875 3234 2228 3307 scribatur
2265 3234 2602 3326 Episcopo
2638 3234 2846 3305 iuxta

143 3369 187 3411 ιι
238 3345 808 3417 instructionem.
834 3382 882 3396 -
909 3341 1293 3418 Instructio
1331 3363 1494 3417 vero
1531 3343 1972 3432 continebat,
2015 3341 2087 3416 S.
2114 3344 2187 3417 C.
2230 3364 2606 3436 nunquam
2634 3344 2847 3416 dubi-

138 3481 186 3525 »
233 3463 464 3543 tasse,
509 3456 702 3546 quod
739 3456 1027 3548 parochi
1058 3463 1444 3530 teneantur
1479 3457 1569 3528 ad
1600 3456 2156 3547 applicationem
2190 3458 2644 3547 supradictae
2677 3453 2845 3527 Mis-

134 3592 182 3637 »
230 3588 364 3641 sae
417 3586 547 3659 pro
602 3569 864 3662 populo
915 3569 1217 3659 singulis
1270 3569 1527 3641 diebus
1579 3568 1965 3641 Dominicis
2016 3574 2089 3640 et
2134 3568 2336 3641 festis
2390 3570 2462 3639 in
2518 3587 2844 3658 unaqua-

133 3707 180 3749 >
233 3698 387 3770 que
440 3698 530 3751 ex
584 3680 903 3753 ecclesiis
950 3680 1527 3771 parochialibus,
1585 3698 1773 3770 quae
1825 3680 1935 3752 vel
1999 3698 2229 3769 aeque
2301 3681 2835 3772 principaliter,

123 3821 176 3860 ν
230 3792 353 3863 vel
409 3789 805 3863 subiective
858 3793 1280 3864 coniunctae
1331 3799 1501 3865 sunt
1561 3799 1779 3882 atque
1833 3793 2353 3885 incorporatae,
2397 3811 2555 3864 cum
2610 3793 2843 3883 appli-

121 3930 170 3974 »
224 3902 426 3975 catio
485 3904 699 3975 unius
752 3903 1250 3976 tantummodo
1314 3901 1569 3977 Missae
1631 3922 1757 3995 pro
1812 3905 2073 3996 populo
2143 3904 2376 3977 locum
2440 3902 2710 3976 habeat
2763 3905 2837 3974 in

116 4042 163 4084 >
221 4017 325 4087 iis
383 4002 944 4105 parochialibus,
986 4033 1174 4105 quae
1227 4016 1527 4088 invicem
1583 4017 1763 4088 adeo
1817 4017 2089 4104 unitae,
2140 4018 2566 4088 coniunctae
2619 4024 2838 4104 atque

113 4156 162 4197 ι
218 4130 738 4217 incorporatae
790 4135 988 4219 sunt,
1039 4136 1119 4201 ut
1171 4148 1258 4201 ex
1311 4129 1595 4202 duabus
1647 4149 1791 4202 una
1846 4149 2133 4221 prorsus
2171 4149 2333 4201 cum
2367 4131 2840 4202 exstinctione

105 4268 158 4311 ›
215 4239 434 4312 tituli
488 4239 786 4313 alterius
824 4243 1155 4314 evaserit.
1184 4265 1222 4308 ν
1278 4237 1600 4314 Ceterum
1639 4260 1997 4330 quaenam
2041 4242 2134 4312 sit
2170 4242 2341 4311 unio
2379 4241 2832 4329 exstinctiva,

89 4357 480 4442 itemque
535 4354 707 4425 unio
761 4371 992 4444 aeque
1029 4353 1446 4445 principalis
1497 4352 1610 4424 vel
1646 4352 2041 4425 subiectiva
2091 4351 2497 4438 dumtaxat,
2543 4351 2837 4422 tradunt

84 4465 634 4540 communiter
689 4484 925 4537 rerum
978 4467 1485 4538 canonicarum
1535 4469 1982 4551 tractatoreS‚
2024 4482 2206 4554 quos
2241 4464 2428 4533 inter
2479 4459 2832 4533 Gonzalez

69 4577 214 4652 ad
297 4577 472 4667 Περ.
514 4574 591 4648 8.
641 4577 859 4652 Canc.
899 4577 1073 4669 qlos.
1116 4578 1187 4649 5.
1244 4574 1320 4671 ξ.
1379 4575 1422 4647 7
1435 4627 1489 4657 .,
1527 4571 1761 4646 Piton.
1824 4576 2126 4667 Discept.
2176 4575 2347 4647 eccl.
2411 4574 2481 4648 9.
2539 4571 2836 4665 Rigant.

73 4689 224 4767 ad
303 4688 480 4780 ch.
520 4686 595 4760 8.
646 4689 861 4763 Canc.
905 4707 979 4759 η.
1022 4687 1217 4776 405,·
1268 4688 1393 4760 sed
1445 4687 1850 4759 accuratius
1902 4685 2026 4759 iol.
2066 4683 2138 4758 S.
2178 4685 2254 4759 C.
2297 4684 2508 4759 Conc.
2552 4686 2627 4758 in
2665 4688 2846 4779 Spa-

377 4832 566 4886 Lumm,
601 4830 737 4877 visit.
765 4830 904 4878 sacr.
935 4829 1074 4886 Lim„
1106 4829 1224 4878 edit.
1253 4828 1346 4874 111.
1379 4827 1479 4875 Vol.
1509 4828 1551 4873 1.
2564 4830 2620 4874 29
