3497 5235
951 386 954 391 .
1020 337 1140 414 Gap.
1165 338 1261 396 111.
1301 341 1374 396 Do
1414 340 1548 397 altro
1590 340 1860 398 saecului.
1902 342 1956 413 g.
1981 340 2056 397 11.
2752 336 2870 397 4155

224 496 256 538 ›
290 478 506 559 suut3
539 472 688 561 ,sed
744 492 830 544 ex
884 472 1233 546 charitate
1283 479 1565 546 tantum
1620 477 1690 546 id
1745 476 2025 565 decere,
2084 495 2168 547 ex
2225 494 2365 565 quo
2418 474 2615 545 nulla
2671 474 2879 546 abso-

222 580 558 655 »lutione
611 602 793 675 opus
845 603 1001 656 esse
1058 604 1185 676 pro
1221 587 1479 657 omissa
1518 587 2025 678 applicatione,
2067 605 2192 678 per
2227 605 2303 659 se
2343 591 2567 678 patet.
2607 611 2644 653 »
2681 582 2877 667 Quae

215 694 541 766 resolutio
594 696 850 766 iterum
902 697 1328 769 confirmata
1386 696 1517 770 luit
1571 718 1762 769 auno
1821 699 2032 771 1804.

356 807 526 877 368.
586 805 1130 879 Administrator
1185 816 1257 880 et
1295 806 1628 881 Visitator
1669 809 2112 901 Apostolicus
2163 809 2450 883 Nullius
2489 811 2560 880 S.
2594 806 2878 881 Martini

218 919 286 989 in
336 936 465 989 sua
521 920 865 992 relatione
921 918 993 991 S.
1027 918 1102 992 C.
1146 918 1361 991 Cone.
1420 923 1818 1012 conscripta
1873 922 2309 1014 exponebat,
2373 920 2710 1007 Abbates,
2754 922 2878 1011 qui

216 1030 281 1101 in
333 1030 584 1102 eadem
638 1029 926 1103 abbatia
986 1032 1558 1104 administranda
1612 1042 2177 1123 praecesserant,
2236 1030 2524 1104 Missam
2574 1051 2701 1122 pro
2756 1050 2883 1124 po-

216 1141 379 1231 pulo
432 1142 792 1232 applicare
847 1161 990 1215 non
1046 1146 1542 1228 consuevisse,
1600 1163 1756 1217 sese
1809 1131 2257 1217 tamen'eam
2323 1144 2880 1233 applicationem

214 1255 533 1327 omittere
588 1273 729 1325 non
783 1273 937 1327 esse
991 1255 1445 1328 arbitratum.
1505 1252 1762 1346 Itaque
1797 1257 2237 1349 postulabat,
2281 1274 2637 1345 quaenam
2692 1263 2879 1327 esset

212 1363 339 1438 hac
392 1365 482 1436 de
536 1384 610 1437 re
664 1367 735 1437 S.
778 1363 852 1437 C.
916 1368 1128 1439 (lonc.
1187 1387 1414 1440 mens,
1473 1365 1797 1441 Iamvero
1850 1372 1922 1441 S.
1965 1368 2220 1461 Congr.
2278 1369 2502 1441 literis
2554 1369 2693 1440 diei
2755 1370 2870 1441 18.

217 1477 378 1569 Apr.
427 1479 638 1550 1864.
682 1480 754 1549 in
793 1478 975 1551 haec
1009 1479 1226 1552 verba
1264 1480 1671 1574 respondit:
1733 1505 1772 1546 <z
1813 1480 1917 1552 Ad
1953 1482 2346 1554 secundum
2386 1481 2576 1572 quod
2618 1482 2880 1553 attinet

215 1616 250 1656 ι
285 1592 391 1661 sic
443 1589 734 1662 habeto:
794 1589 866 1660 S.
904 1591 978 1661 C.
1020 1588 1170 1663 Rit.
1213 1593 1286 1662 in
1325 1594 1727 1665 Marsorum
1770 1594 1884 1664 12.
1926 1590 2104 1664 NoV.
2151 1594 2365 1663 1831.
2408 1593 2499 1664 ad
2538 1593 2713 1664 dub.
2749 1595 2877 1666 20.

214 1728 249 1768 ι
285 1709 356 1773 et
411 1703 565 1789 22„
623 1708 693 1774 et
748 1702 821 1773 S.
862 1700 936 1772 C.
982 1703 1071 1775 de
1130 1700 1338 1794 Prop.
1379 1702 1550 1775 Fide
1603 1704 1718 1775 die
1773 1707 1895 1775 23.
1936 1702 2142 1775 Mart.
2193 1706 2404 1776 1863.
2448 1705 2540 1775 ad
2578 1707 2646 1775 8.
2692 1704 2868 1775 dub.

212 1836 246 1880 υ
284 1814 695 1903 nuperrime
748 1814 1160 1902 edixerunt,
1215 1812 1604 1905 Episcopos
1655 1812 1913 1886 Missae
1949 1835 2076 1905 pro
2114 1816 2377 1907 populo
2429 1815 2875 1907 perlitandae

212 1949 247 1989 ι
283 1941 505 1995 onere
560 1926 828 2011 teneri,
889 1926 1085 1996 nulla
1142 1933 1387 1999 tamen
1438 1928 1624 1999 circa
1677 1932 1909 1997 certos
1975 1944 2099 2017 pro
2169 1925 2651 1999 celebratione
2719 1927 2873 1999 dies

207 2035 441 2126 »lege
496 2037 968 2126 praestituta:
1027 2040 1200 2126 quin
1258 2040 1395 2108 imo
1451 2035 1523 2109 S.
1558 2035 1631 2107 C.
1676 2037 1764 2109 de
1817 2034 2027 2129 Prop.
2069 2036 2241 2110 Fide
2294 2040 2506 2111 etiam
2563 2036 2875 2110 vicarios

209 2171 246 2212 s
291 2145 772 2238 ApostolicoS,
828 2149 885 2219 si
945 2149 1264 2237 praesint
1315 2150 1661 2240 paroeciis
1712 2150 2054 2222 canonice
2107 2152 2560 2237 constitutiS,
2627 2150 2875 2221 eodem

205 2282 243 2328 >
287 2277 534 2347 onere,
591 2278 732 2348 quo
783 2261 998 2331 ceteri
1054 2262 1372 2351 parochi,
1433 2260 1617 2332 affici
1671 2262 2042 2352 respondit
2089 2263 2180 2333 ad
2218 2261 2391 2333 dub.
2440 2263 2504 2332 1.
2547 2269 2618 2333 et
2653 2263 2724 2332 2.
2767 2258 2875 2332 Ex

205 2394 242 2435 s
284 2369 401 2441 bis
454 2370 787 2442 facillime
839 2388 969 2461 per
1021 2377 1093 2443 te
1148 2373 1448 2464 colligis,
1506 2372 1966 2444 laudabiliter
2003 2392 2042 2442 a
2078 2380 2149 2444 te
2203 2372 2472 2444 lactum
2524 2392 2704 2462 esse,
2747 2375 2871 2463 qui

206 2508 243 2549 s
284 2479 581 2553 Missam
634 2500 761 2572 pro
816 2501 1025 2573 grege
1082 2489 1248 2555 tuae
1301 2502 1514 2555 curae
1566 2483 2004 2556 demandato
2055 2484 2487 2556 offerendam
2529 2485 2870 2556 curasti.»

351 2774 499 2827 Art.
537 2773 649 2826 111.
687 2772 790 2826 An
827 2776 1161 2828 curatores
1202 2774 1548 2829 animarum
1587 2776 1850 2830 Missam
1885 2791 2003 2844 pro
2041 2777 2278 2845 populo
2317 2792 2432 2845 per
2468 2777 2725 2845 seipsos

939 2859 1255 2926 applicare
1294 2862 1649 2923 teneantur,
1688 2864 1754 2915 et
1792 2875 1916 2928 qua
1951 2862 2134 2914 hora.

325 3078 757 3143 Suummmr.
815 3079 966 3141 369.
1023 3078 1117 3141 Ex
1165 3075 1640 3162 theologorum,
1693 3077 2187 3155 canonistarum,
2228 3086 2291 3142 et
2330 3080 2394 3143 S.
2435 3079 2636 3161 Cong.
2680 3079 2877 3143 Conc.

184 3179 581 3244 auctoritate
629 3177 881 3264 parochi
932 3197 1052 3265 per
1097 3180 1340 3266 seipsos
1397 3181 1639 3245 Missam
1702 3199 1823 3266 pro
1870 3179 2113 3267 populo
2178 3178 2410 3244 oss'erre
2473 3190 2801 3245 tenentur.
2838 3217 2881 3228 -

183 3284 343 3348 370.
399 3282 597 3358 Quam
647 3280 1102 3366 obligationem
1155 3299 1274 3366 per
1321 3283 1515 3349 alium
1565 3283 1839 3368 implere
1904 3294 2238 3368 nequeunt
2302 3281 2556 3347 nonnisi
2607 3281 2687 3347 ob
2736 3301 2876 3368 gra-

176 3384 520 3449 vissimam
567 3403 836 3448 causam.
891 3385 1054 3448 Talis
1115 3395 1409 3469 reputata
1473 3406 1602 3458 non
1653 3396 1748 3451 est
1805 3385 2149 3452 celebratio
2207 3385 2421 3452 Missae
2476 3404 2593 3472 pro
2650 3383 2879 3451 delun-

178 3499 315 3564 ct0,
376 3485 693 3552 cadavere
741 3499 1106 3572 praesente.
1144 3488 1279 3564 Quo
1313 3508 1453 3554 casu
1491 3488 1732 3553 Missam
1767 3506 1885 3573 pro
1920 3487 2165 3573 populo
2200 3507 2320 3553 nec
2355 3488 2418 3553 in
2454 3489 2642 3553 alium
2678 3484 2875 3561 diem,

177 3609 309 3658 nec
368 3590 441 3655 in
490 3590 674 3656 aliam
724 3610 1061 3675 personam
1111 3590 1383 3656 relicere
1430 3603 1719 3678 possunt.
1774 3627 1816 3639 -
1866 3594 2017 3657 371.
2073 3594 2388 3656 Hactenus
2437 3588 2600 3654 dicta
2650 3586 2879 3652 contir-

168 3705 459 3761 mantur
507 3712 586 3758 ex
621 3694 989 3780 nuperrima
1026 3693 1459 3759 declaratione
1497 3695 1560 3760 in
1597 3694 1999 3760 Mechlinien.
2039 3730 2079 3741 -
2113 3697 2265 3759 372.
2307 3696 2495 3759 Casus
2529 3690 2875 3776 excipitur,

171 3819 314 3884 quo
368 3796 692 3884 parochus
741 3796 970 3862 eodem
1020 3796 1126 3864 die
1179 3799 1394 3863 Missae
1444 3797 1888 3863 conventualis
1938 3816 2134 3861 onere
2183 3796 2372 3862 simul
2422 3795 2874 3880 obstringatur.

171 3904 245 3967 ln
303 3898 554 3965 ceteris
603 3898 844 3964 casibus
911 3901 1260 3965 necessaria
1312 3911 1408 3965 est
1456 3901 1641 3966 venia
1691 3899 2076 3984 Apostolica.
2131 3935 2173 3947 -
2220 3902 2374 3965 373.
2438 3897 2715 3962 Parocho
2766 3914 2881 3961 ne-

165 4020 521 4091 quaquam
554 4001 932 4089 suffragatur
965 4001 1365 4068 consuetudo
1399 4003 1614 4071 Missae
1650 4025 1769 4092 per
1800 4005 1989 4069 alium
2025 4001 2468 4069 celebrandae.
2501 4038 2544 4049 -
2570 4002 2720 4064 374.
2760 4001 2884 4064 Ne-

162 4126 306 4193 que
363 4104 425 4168 si
479 4124 626 4170 usus
676 4105 898 4182 ferret,
952 4116 1022 4170 ut
1074 4125 1210 4170 eam
1263 4107 1590 4191 applicent
1640 4105 1942 4173 ecclesiae
1989 4105 2363 4190 parochialis
2396 4103 2876 4189 participantes

158 4247 206 4260 -
243 4210 428 4275 375.
485 4207 910 4293 Excipiuntur
959 4208 1086 4273 duo
1135 4228 1336 4285 casuS,
1387 4209 1691 4276 videlicet
1741 4209 1999 4295 quando
2048 4210 2257 4296 agitur
2305 4207 2386 4274 de
2417 4205 2878 4283 sacerdotibu3‚

158 4314 278 4400 qui
345 4330 442 4378 ex
493 4309 724 4375 iustitia
773 4310 1129 4395 parochum
1183 4311 1483 4378 adiuvare
1533 4313 1936 4398 obligantur3
1976 4322 2040 4377 et
2075 4310 2329 4397 quando
2363 4330 2510 4375 cura
2542 4309 2884 4375 habitualis

153 4436 393 4504 penes
452 4413 855 4499 Capitulum,
926 4424 1034 4478 aut
1083 4415 1376 4498 quemvis
1421 4414 1824 4480 sacerdotum
1876 4426 2169 4491 coetum,
2221 4414 2479 4480 actualis
2538 4432 2738 4499 penes
2786 4413 2884 4478 vi-

154 4521 441 4588 carium
491 4517 752 4584 residet.
805 4552 847 4564 -
894 4520 1048 4583 376.
1108 4518 1284 4583 Circa
1332 4519 1552 4584 horam
1602 4518 1960 4584 celebrandi
2013 4521 2256 4583 Missam
2307 4519 2687 4585 recolendae
2732 4526 2883 4583 sunt

154 4626 450 4709 aliquae
497 4623 567 4687 S.
607 4623 675 4685 C.
718 4623 913 4686 Cone.
969 4620 1470 4699 declarationes,
1526 4621 1758 4705 quibus
1802 4622 2125 4702 statuitur,
2177 4621 2257 4686 de
2309 4622 2520 4706 rigore
2570 4620 2724 4686 iuris
2770 4638 2883 4705 pa-

153 4727 470 4797 rochum
516 4722 863 4810 prohibere
911 4742 1039 4790 non
1088 4743 1298 4810 posse,
1334 4743 1415 4790 ne
1458 4723 1679 4789 Missae
1713 4723 1779 4789 in
1812 4723 2095 4789 ecclesiis
2124 4723 2520 4811 simplicibus
2552 4722 2885 4788 celebren-
