<?xml version="1.0" encoding="UTF-8"?>
<!DOCTYPE html PUBLIC "-//W3C//DTD XHTML 1.0 Transitional//EN"
    "http://www.w3.org/TR/xhtml1/DTD/xhtml1-transitional.dtd">
<html xmlns="http://www.w3.org/1999/xhtml" xml:lang="en" lang="en">
 <head>
  <title>
</title>
<meta http-equiv="Content-Type" content="text/html;charset=utf-8" />
  <meta name='ocr-system' content='tesseract 3.04.00' />
  <meta name='ocr-capabilities' content='ocr_page ocr_carea ocr_par ocr_line ocrx_word'/>
</head>
<body>
  <div class='ocr_page' id='page_1' title='image "./devisitationesa00popegoog_0523.png"; bbox 0 0 3497 5235; ppageno 0'>
   <div class='ocr_carea' id='block_1_1' title="bbox 1011 253 2885 330">
    <p class='ocr_par' dir='ltr' id='par_1_1' title="bbox 1011 253 2885 330">
     <span class='ocr_line' id='line_1_1' title="bbox 1011 253 2885 330; baseline 0 -19"><span class='ocrx_word' id='word_1_1' title='bbox 1011 253 1134 328; x_wconf 71' lang='lat'><strong>0⁸1».</strong></span> <span class='ocrx_word' id='word_1_2' title='bbox 1157 253 1253 312; x_wconf 88' lang='lat' dir='ltr'><strong>m.</strong></span> <span class='ocrx_word' id='word_1_3' title='bbox 1292 253 1366 312; x_wconf 74' lang='lat' dir='ltr'><strong>Do</strong></span> <span class='ocrx_word' id='word_1_4' title='bbox 1406 253 1540 311; x_wconf 70' lang='lat' dir='ltr'><strong>clero</strong></span> <span class='ocrx_word' id='word_1_5' title='bbox 1581 253 1854 327; x_wconf 63' lang='lat' dir='ltr'><strong>annulari.</strong></span> <span class='ocrx_word' id='word_1_6' title='bbox 1896 255 1949 330; x_wconf 64' lang='grc' dir='ltr'><strong>ἓ.</strong></span> <span class='ocrx_word' id='word_1_7' title='bbox 1979 254 2059 311; x_wconf 82' lang='lat'><strong>12.</strong></span> <span class='ocrx_word' id='word_1_8' title='bbox 2763 254 2885 318; x_wconf 72' lang='grc'><strong>483</strong></span> 
     </span>
    </p>
   </div>
   <div class='ocr_carea' id='block_1_2' title="bbox 171 387 2888 4718">
    <p class='ocr_par' dir='ltr' id='par_1_2' title="bbox 211 387 2888 1374">
     <span class='ocr_line' id='line_1_2' title="bbox 214 387 2885 482; baseline 0.002 -24"><span class='ocrx_word' id='word_1_9' title='bbox 214 415 253 458; x_wconf 81' lang='lat'>›</span> <span class='ocrx_word' id='word_1_10' title='bbox 291 388 598 461; x_wconf 78' lang='lat' dir='ltr'>durante</span> <span class='ocrx_word' id='word_1_11' title='bbox 650 387 786 460; x_wconf 88' lang='lat' dir='ltr'><strong>boc</strong></span> <span class='ocrx_word' id='word_1_12' title='bbox 836 388 1245 477; x_wconf 82' lang='lat' dir='ltr'><strong>patrimonii</strong></span> <span class='ocrx_word' id='word_1_13' title='bbox 1299 388 1536 476; x_wconf 90' lang='lat' dir='ltr'><strong>titu10,</strong></span> <span class='ocrx_word' id='word_1_14' title='bbox 1576 387 2015 477; x_wconf 83' lang='lat' dir='ltr'><strong>nullatenus,</strong></span> <span class='ocrx_word' id='word_1_15' title='bbox 2058 388 2195 460; x_wconf 91' lang='lat' dir='ltr'><strong>nisi</strong></span> <span class='ocrx_word' id='word_1_16' title='bbox 2232 388 2325 462; x_wconf 91' lang='lat' dir='ltr'><strong>ad</strong></span> <span class='ocrx_word' id='word_1_17' title='bbox 2362 391 2885 482; x_wconf 87' lang='lat' dir='ltr'><strong>praescriptum</strong></span> 
     </span>
     <span class='ocr_line' id='line_1_3' title="bbox 211 495 2888 592; baseline 0.001 -23"><span class='ocrx_word' id='word_1_18' title='bbox 211 526 250 569; x_wconf 82' lang='lat'>›</span> <span class='ocrx_word' id='word_1_19' title='bbox 288 518 649 573; x_wconf 87' lang='lat' dir='ltr'><strong>sacrorum</strong></span> <span class='ocrx_word' id='word_1_20' title='bbox 703 517 1059 572; x_wconf 91' lang='lat' dir='ltr'><strong>canonum</strong></span> <span class='ocrx_word' id='word_1_21' title='bbox 1114 504 1186 572; x_wconf 89' lang='lat' dir='ltr'><strong>et</strong></span> <span class='ocrx_word' id='word_1_22' title='bbox 1238 500 1309 572; x_wconf 90' lang='lat' dir='ltr'><strong>S.</strong></span> <span class='ocrx_word' id='word_1_23' title='bbox 1351 497 1561 571; x_wconf 87' lang='lat' dir='ltr'><strong>Conc.</strong></span> <span class='ocrx_word' id='word_1_24' title='bbox 1605 495 1795 572; x_wconf 89' lang='lat' dir='ltr'><strong>Trid.</strong></span> <span class='ocrx_word' id='word_1_25' title='bbox 1841 499 2270 588; x_wconf 78' lang='lat' dir='ltr'><strong>alienandiS,</strong></span> <span class='ocrx_word' id='word_1_26' title='bbox 2313 502 2405 572; x_wconf 86' lang='lat' dir='ltr'><strong>ad</strong></span> <span class='ocrx_word' id='word_1_27' title='bbox 2440 501 2633 592; x_wconf 92' lang='lat' dir='ltr'><strong>quod</strong></span> <span class='ocrx_word' id='word_1_28' title='bbox 2688 503 2888 574; x_wconf 88' lang='lat' dir='ltr'><strong>inve-</strong></span> 
     </span>
     <span class='ocr_line' id='line_1_4' title="bbox 213 608 2887 703; baseline 0.001 -22"><span class='ocrx_word' id='word_1_29' title='bbox 213 636 252 681; x_wconf 80' lang='lat'><strong>»</strong></span> <span class='ocrx_word' id='word_1_30' title='bbox 288 613 705 683; x_wconf 90' lang='lat' dir='ltr'><strong>stimentum</strong></span> <span class='ocrx_word' id='word_1_31' title='bbox 739 608 1143 682; x_wconf 82' lang='lat' dir='ltr'><strong>iaciendum</strong></span> <span class='ocrx_word' id='word_1_32' title='bbox 1183 615 1569 683; x_wconf 90' lang='lat' dir='ltr'><strong>teneantur</strong></span> <span class='ocrx_word' id='word_1_33' title='bbox 1617 611 1753 701; x_wconf 93' lang='lat' dir='ltr'><strong>ipsi</strong></span> <span class='ocrx_word' id='word_1_34' title='bbox 1791 610 2098 682; x_wconf 89' lang='lat' dir='ltr'><strong>ordinati</strong></span> <span class='ocrx_word' id='word_1_35' title='bbox 2137 610 2272 682; x_wconf 91' lang='lat' dir='ltr'><strong>sub</strong></span> <span class='ocrx_word' id='word_1_36' title='bbox 2313 628 2539 701; x_wconf 81' lang='lat' dir='ltr'><strong>poena</strong></span> <span class='ocrx_word' id='word_1_37' title='bbox 2581 630 2887 703; x_wconf 90' lang='lat' dir='ltr'><strong>suspen-</strong></span> 
     </span>
     <span class='ocr_line' id='line_1_5' title="bbox 215 718 2884 815; baseline 0.001 -21"><span class='ocrx_word' id='word_1_38' title='bbox 215 749 252 793; x_wconf 80' lang='lat'><strong>»</strong></span> <span class='ocrx_word' id='word_1_39' title='bbox 291 723 513 794; x_wconf 89' lang='lat' dir='ltr'><strong>sionis</strong></span> <span class='ocrx_word' id='word_1_40' title='bbox 566 722 719 811; x_wconf 91' lang='lat' dir='ltr'><strong>ipso</strong></span> <span class='ocrx_word' id='word_1_41' title='bbox 758 721 970 794; x_wconf 79' lang='lat' dir='ltr'><strong>iacto.</strong></span> <span class='ocrx_word' id='word_1_42' title='bbox 1010 718 1211 804; x_wconf 83' lang='lat' dir='ltr'><strong>Quod</strong></span> <span class='ocrx_word' id='word_1_43' title='bbox 1249 722 1306 794; x_wconf 91' lang='lat' dir='ltr'><strong>si</strong></span> <span class='ocrx_word' id='word_1_44' title='bbox 1345 723 1720 814; x_wconf 88' lang='lat' dir='ltr'><strong>contigerit</strong></span> <span class='ocrx_word' id='word_1_45' title='bbox 1756 723 2263 813; x_wconf 82' lang='lat' dir='ltr'><strong>patrimonium</strong></span> <span class='ocrx_word' id='word_1_46' title='bbox 2304 721 2396 815; x_wconf 91' lang='lat' dir='ltr'><strong>ab</strong></span> <span class='ocrx_word' id='word_1_47' title='bbox 2435 723 2622 812; x_wconf 81' lang='lat' dir='ltr'><strong>aliiS,</strong></span> <span class='ocrx_word' id='word_1_48' title='bbox 2664 744 2884 815; x_wconf 88' lang='lat' dir='ltr'><strong>quam</strong></span> 
     </span>
     <span class='ocr_line' id='line_1_6' title="bbox 216 831 2885 922; baseline 0.001 -18"><span class='ocrx_word' id='word_1_49' title='bbox 216 860 253 904; x_wconf 80' lang='lat'><strong>»</strong></span> <span class='ocrx_word' id='word_1_50' title='bbox 292 834 385 907; x_wconf 91' lang='lat' dir='ltr'><strong>ab</strong></span> <span class='ocrx_word' id='word_1_51' title='bbox 439 834 861 905; x_wconf 84' lang='lat' dir='ltr'><strong>ordinandis</strong></span> <span class='ocrx_word' id='word_1_52' title='bbox 912 834 985 904; x_wconf 92' lang='lat' dir='ltr'><strong>in</strong></span> <span class='ocrx_word' id='word_1_53' title='bbox 1041 832 1448 904; x_wconf 86' lang='lat' dir='ltr'><strong>huiusmodi</strong></span> <span class='ocrx_word' id='word_1_54' title='bbox 1502 833 1836 906; x_wconf 81' lang='lat' dir='ltr'><strong>censibus</strong></span> <span class='ocrx_word' id='word_1_55' title='bbox 1883 834 2249 922; x_wconf 89' lang='lat' dir='ltr'><strong>constitui,</strong></span> <span class='ocrx_word' id='word_1_56' title='bbox 2292 841 2546 906; x_wconf 92' lang='lat' dir='ltr'><strong>curent</strong></span> <span class='ocrx_word' id='word_1_57' title='bbox 2581 831 2885 908; x_wconf 88' lang='lat' dir='ltr'><strong>Ordina-</strong></span> 
     </span>
     <span class='ocr_line' id='line_1_7' title="bbox 216 944 2883 1036; baseline 0.001 -20"><span class='ocrx_word' id='word_1_58' title='bbox 216 970 255 1016; x_wconf 59' lang='grc' dir='ltr'><strong><em>ν</em></strong></span> <span class='ocrx_word' id='word_1_59' title='bbox 293 947 406 1034; x_wconf 94' lang='lat' dir='ltr'><strong>rii,</strong></span> <span class='ocrx_word' id='word_1_60' title='bbox 463 951 544 1017; x_wconf 91' lang='lat' dir='ltr'><strong>ut</strong></span> <span class='ocrx_word' id='word_1_61' title='bbox 595 946 1114 1019; x_wconf 78' lang='lat' dir='ltr'><strong>constituentes</strong></span> <span class='ocrx_word' id='word_1_62' title='bbox 1165 946 1240 1017; x_wconf 93' lang='lat' dir='ltr'><strong>in</strong></span> <span class='ocrx_word' id='word_1_63' title='bbox 1294 944 1517 1016; x_wconf 78' lang='lat' dir='ltr'><strong>forma</strong></span> <span class='ocrx_word' id='word_1_64' title='bbox 1570 946 1744 1017; x_wconf 91' lang='lat' dir='ltr'><strong>iuris</strong></span> <span class='ocrx_word' id='word_1_65' title='bbox 1800 946 2033 1016; x_wconf 90' lang='lat' dir='ltr'><strong>valida</strong></span> <span class='ocrx_word' id='word_1_66' title='bbox 2087 946 2535 1036; x_wconf 81' lang='lat' dir='ltr'><strong>promittant.</strong></span> <span class='ocrx_word' id='word_1_67' title='bbox 2578 948 2768 1036; x_wconf 88' lang='lat' dir='ltr'><strong>quod</strong></span> <span class='ocrx_word' id='word_1_68' title='bbox 2808 949 2883 1020; x_wconf 87' lang='lat' dir='ltr'><strong>in</strong></span> 
     </span>
     <span class='ocr_line' id='line_1_8' title="bbox 216 1056 2886 1149; baseline 0.002 -23"><span class='ocrx_word' id='word_1_69' title='bbox 216 1081 254 1126; x_wconf 67' lang='lat' dir='ltr'><strong>a&gt;</strong></span> <span class='ocrx_word' id='word_1_70' title='bbox 293 1075 462 1129; x_wconf 88' lang='lat' dir='ltr'><strong>casu</strong></span> <span class='ocrx_word' id='word_1_71' title='bbox 517 1056 1057 1147; x_wconf 88' lang='lat' dir='ltr'><strong>redemptionis,</strong></span> <span class='ocrx_word' id='word_1_72' title='bbox 1098 1057 1305 1128; x_wconf 91' lang='lat' dir='ltr'><strong>modo</strong></span> <span class='ocrx_word' id='word_1_73' title='bbox 1358 1059 1685 1148; x_wconf 90' lang='lat' dir='ltr'><strong>superius</strong></span> <span class='ocrx_word' id='word_1_74' title='bbox 1741 1075 2102 1149; x_wconf 85' lang='lat' dir='ltr'><strong>expresso,</strong></span> <span class='ocrx_word' id='word_1_75' title='bbox 2155 1076 2282 1149; x_wconf 93' lang='lat' dir='ltr'><strong>pro</strong></span> <span class='ocrx_word' id='word_1_76' title='bbox 2333 1057 2720 1131; x_wconf 86' lang='lat' dir='ltr'><strong>sufficienti</strong></span> <span class='ocrx_word' id='word_1_77' title='bbox 2771 1078 2886 1131; x_wconf 87' lang='lat' dir='ltr'><strong>or-</strong></span> 
     </span>
     <span class='ocr_line' id='line_1_9' title="bbox 216 1166 2883 1260; baseline 0.002 -23"><span class='ocrx_word' id='word_1_78' title='bbox 216 1193 253 1237; x_wconf 79' lang='lat'><strong>»</strong></span> <span class='ocrx_word' id='word_1_79' title='bbox 293 1169 702 1240; x_wconf 90' lang='lat' dir='ltr'><strong>dinatorum</strong></span> <span class='ocrx_word' id='word_1_80' title='bbox 771 1170 963 1241; x_wconf 89' lang='lat' dir='ltr'><strong>victu</strong></span> <span class='ocrx_word' id='word_1_81' title='bbox 1015 1167 1521 1259; x_wconf 88' lang='lat' dir='ltr'><strong>providebunt.</strong></span> <span class='ocrx_word' id='word_1_82' title='bbox 1567 1193 1604 1237; x_wconf 80' lang='lat'>›</span> <span class='ocrx_word' id='word_1_83' title='bbox 1679 1166 1857 1240; x_wconf 88' lang='lat' dir='ltr'><strong>Vide</strong></span> <span class='ocrx_word' id='word_1_84' title='bbox 1915 1169 2384 1260; x_wconf 78' lang='lat' dir='ltr'><strong>compsanam</strong></span> <span class='ocrx_word' id='word_1_85' title='bbox 2463 1177 2883 1260; x_wconf 85' lang='lat' dir='ltr'><strong>sequentem</strong></span> 
     </span>
     <span class='ocr_line' id='line_1_10' title="bbox 213 1275 591 1374; baseline -0.005 -22"><span class='ocrx_word' id='word_1_86' title='bbox 213 1275 285 1374; x_wconf 65' lang='grc' dir='ltr'><strong>ξ.</strong></span> <span class='ocrx_word' id='word_1_87' title='bbox 330 1280 414 1351; x_wconf 85' lang='lat' dir='ltr'><strong>In</strong></span> <span class='ocrx_word' id='word_1_88' title='bbox 468 1280 591 1352; x_wconf 84' lang='lat' dir='ltr'><strong>cit.</strong></span> 
     </span>
    </p>

    <p class='ocr_par' dir='ltr' id='par_1_3' title="bbox 210 1387 2886 1926">
     <span class='ocr_line' id='line_1_11' title="bbox 355 1387 2886 1484; baseline 0.002 -24"><span class='ocrx_word' id='word_1_89' title='bbox 355 1391 525 1463; x_wconf 77' lang='lat'><strong>409.</strong></span> <span class='ocrx_word' id='word_1_90' title='bbox 577 1387 763 1462; x_wconf 88' lang='lat' dir='ltr'><strong>Hinc</strong></span> <span class='ocrx_word' id='word_1_91' title='bbox 815 1408 1062 1463; x_wconf 86' lang='lat' dir='ltr'><strong>recens</strong></span> <span class='ocrx_word' id='word_1_92' title='bbox 1114 1388 1190 1461; x_wconf 88' lang='lat' dir='ltr'><strong>S.</strong></span> <span class='ocrx_word' id='word_1_93' title='bbox 1230 1388 1304 1461; x_wconf 89' lang='lat' dir='ltr'><strong>C.</strong></span> <span class='ocrx_word' id='word_1_94' title='bbox 1347 1389 1421 1463; x_wconf 91' lang='lat' dir='ltr'><strong>C.</strong></span> <span class='ocrx_word' id='word_1_95' title='bbox 1467 1392 1539 1462; x_wconf 91' lang='lat' dir='ltr'><strong>in</strong></span> <span class='ocrx_word' id='word_1_96' title='bbox 1579 1392 1976 1481; x_wconf 74' lang='lat' dir='ltr'><strong>Compsano</strong></span> <span class='ocrx_word' id='word_1_97' title='bbox 2014 1393 2176 1465; x_wconf 80' lang='lat' dir='ltr'><strong>Sao.</strong></span> <span class='ocrx_word' id='word_1_98' title='bbox 2226 1394 2526 1484; x_wconf 85' lang='lat' dir='ltr'><strong>patrim.</strong></span> <span class='ocrx_word' id='word_1_99' title='bbox 2584 1396 2655 1465; x_wconf 77' lang='lat'><strong>2.</strong></span> <span class='ocrx_word' id='word_1_100' title='bbox 2698 1392 2886 1466; x_wconf 83' lang='lat' dir='ltr'><strong>Mar-</strong></span> 
     </span>
     <span class='ocr_line' id='line_1_12' title="bbox 210 1501 2883 1595; baseline 0.002 -22"><span class='ocrx_word' id='word_1_101' title='bbox 210 1501 288 1573; x_wconf 89' lang='lat' dir='ltr'><strong>tii</strong></span> <span class='ocrx_word' id='word_1_102' title='bbox 330 1502 546 1574; x_wconf 85' lang='lat'><strong>1861.</strong></span> <span class='ocrx_word' id='word_1_103' title='bbox 593 1521 722 1594; x_wconf 83' lang='lat' dir='ltr'><strong>per</strong></span> <span class='ocrx_word' id='word_1_104' title='bbox 754 1504 948 1576; x_wconf 78' lang='lat' dir='ltr'><strong>Sum.</strong></span> <span class='ocrx_word' id='word_1_105' title='bbox 983 1522 1177 1594; x_wconf 75' lang='lat' dir='ltr'><strong>pree.</strong></span> <span class='ocrx_word' id='word_1_106' title='bbox 1219 1501 1798 1595; x_wconf 83' lang='lat' dir='ltr'><strong>subrogationem</strong></span> <span class='ocrx_word' id='word_1_107' title='bbox 1835 1504 2206 1576; x_wconf 91' lang='lat' dir='ltr'><strong>cuiusdam</strong></span> <span class='ocrx_word' id='word_1_108' title='bbox 2243 1523 2504 1577; x_wconf 89' lang='lat' dir='ltr'><strong>census</strong></span> <span class='ocrx_word' id='word_1_109' title='bbox 2539 1506 2611 1576; x_wconf 90' lang='lat' dir='ltr'><strong>in</strong></span> <span class='ocrx_word' id='word_1_110' title='bbox 2651 1505 2883 1578; x_wconf 90' lang='lat' dir='ltr'><strong>locum</strong></span> 
     </span>
     <span class='ocr_line' id='line_1_13' title="bbox 211 1612 2878 1707; baseline 0.002 -23"><span class='ocrx_word' id='word_1_111' title='bbox 211 1614 650 1705; x_wconf 86' lang='lat' dir='ltr'><strong>patrimonii,</strong></span> <span class='ocrx_word' id='word_1_112' title='bbox 692 1612 887 1704; x_wconf 92' lang='lat' dir='ltr'><strong>quod</strong></span> <span class='ocrx_word' id='word_1_113' title='bbox 921 1615 994 1684; x_wconf 92' lang='lat' dir='ltr'><strong>in</strong></span> <span class='ocrx_word' id='word_1_114' title='bbox 1032 1614 1576 1705; x_wconf 79' lang='lat' dir='ltr'><strong>participatione</strong></span> <span class='ocrx_word' id='word_1_115' title='bbox 1610 1616 2080 1687; x_wconf 87' lang='lat' dir='ltr'><strong>constitutum</strong></span> <span class='ocrx_word' id='word_1_116' title='bbox 2123 1614 2381 1703; x_wconf 85' lang='lat' dir='ltr'><strong>fuerat,</strong></span> <span class='ocrx_word' id='word_1_117' title='bbox 2427 1617 2878 1707; x_wconf 87' lang='lat' dir='ltr'><strong>approbavit,</strong></span> 
     </span>
     <span class='ocr_line' id='line_1_14' title="bbox 212 1724 2882 1821; baseline 0.002 -24"><span class='ocrx_word' id='word_1_118' title='bbox 212 1725 485 1813; x_wconf 90' lang='lat' dir='ltr'><strong>addito,</strong></span> <span class='ocrx_word' id='word_1_119' title='bbox 518 1724 708 1814; x_wconf 91' lang='lat' dir='ltr'><strong>quod</strong></span> <span class='ocrx_word' id='word_1_120' title='bbox 742 1733 1278 1798; x_wconf 76' lang='lat' dir='ltr'><strong>«assumeretur</strong></span> <span class='ocrx_word' id='word_1_121' title='bbox 1303 1732 1374 1798; x_wconf 95' lang='lat' dir='ltr'><strong>et</strong></span> <span class='ocrx_word' id='word_1_122' title='bbox 1403 1731 1944 1799; x_wconf 86' lang='lat' dir='ltr'><strong>conservaretur</strong></span> <span class='ocrx_word' id='word_1_123' title='bbox 1974 1726 2485 1817; x_wconf 85' lang='lat' dir='ltr'><strong>hypothecaria</strong></span> <span class='ocrx_word' id='word_1_124' title='bbox 2515 1729 2882 1821; x_wconf 84' lang='lat' dir='ltr'><strong>inscriptio</strong></span> 
     </span>
     <span class='ocr_line' id='line_1_15' title="bbox 216 1835 2830 1926; baseline 0.001 -20"><span class='ocrx_word' id='word_1_125' title='bbox 216 1861 253 1905; x_wconf 80' lang='lat'><strong>»</strong></span> <span class='ocrx_word' id='word_1_126' title='bbox 293 1853 514 1926; x_wconf 92' lang='lat' dir='ltr'><strong>super</strong></span> <span class='ocrx_word' id='word_1_127' title='bbox 564 1835 772 1908; x_wconf 89' lang='lat' dir='ltr'><strong>bonis</strong></span> <span class='ocrx_word' id='word_1_128' title='bbox 822 1836 1204 1909; x_wconf 88' lang='lat' dir='ltr'><strong>stabilibus</strong></span> <span class='ocrx_word' id='word_1_129' title='bbox 1256 1836 1557 1925; x_wconf 81' lang='lat' dir='ltr'><strong>idoneiS,</strong></span> <span class='ocrx_word' id='word_1_130' title='bbox 1599 1846 1896 1910; x_wconf 89' lang='lat' dir='ltr'><strong>onerata</strong></span> <span class='ocrx_word' id='word_1_131' title='bbox 1947 1839 2244 1910; x_wconf 89' lang='lat' dir='ltr'><strong>oratoris</strong></span> <span class='ocrx_word' id='word_1_132' title='bbox 2298 1840 2830 1912; x_wconf 80' lang='lat' dir='ltr'><strong>conscientia.»</strong></span> 
     </span>
    </p>

    <p class='ocr_par' dir='ltr' id='par_1_4' title="bbox 207 1944 2888 2488">
     <span class='ocr_line' id='line_1_16' title="bbox 358 1944 2885 2041; baseline 0.002 -23"><span class='ocrx_word' id='word_1_133' title='bbox 358 1944 872 2019; x_wconf 87' lang='lat' dir='ltr'><strong>Patrimonium</strong></span> <span class='ocrx_word' id='word_1_134' title='bbox 899 1954 1135 2041; x_wconf 90' lang='lat' dir='ltr'><strong>potest</strong></span> <span class='ocrx_word' id='word_1_135' title='bbox 1169 1949 1383 2019; x_wconf 87' lang='lat' dir='ltr'><strong>etiam</strong></span> <span class='ocrx_word' id='word_1_136' title='bbox 1422 1949 1757 2021; x_wconf 85' lang='lat' dir='ltr'><strong>constitui</strong></span> <span class='ocrx_word' id='word_1_137' title='bbox 1795 1967 2011 2040; x_wconf 91' lang='lat' dir='ltr'><strong>super</strong></span> <span class='ocrx_word' id='word_1_138' title='bbox 2044 1948 2276 2021; x_wconf 89' lang='lat' dir='ltr'><strong>officio</strong></span> <span class='ocrx_word' id='word_1_139' title='bbox 2313 1951 2648 2040; x_wconf 86' lang='lat' dir='ltr'><strong>vacabili,</strong></span> <span class='ocrx_word' id='word_1_140' title='bbox 2681 1954 2885 2024; x_wconf 91' lang='lat' dir='ltr'><strong>cuius</strong></span> 
     </span>
     <span class='ocr_line' id='line_1_17' title="bbox 215 2057 2888 2149; baseline 0.002 -20"><span class='ocrx_word' id='word_1_141' title='bbox 215 2057 494 2130; x_wconf 72' lang='lat' dir='ltr'><strong>tructus</strong></span> <span class='ocrx_word' id='word_1_142' title='bbox 544 2057 766 2130; x_wconf 88' lang='lat' dir='ltr'><strong>libere</strong></span> <span class='ocrx_word' id='word_1_143' title='bbox 802 2061 1157 2149; x_wconf 87' lang='lat' dir='ltr'><strong>pertineat</strong></span> <span class='ocrx_word' id='word_1_144' title='bbox 1193 2058 1284 2131; x_wconf 88' lang='lat' dir='ltr'><strong>ad</strong></span> <span class='ocrx_word' id='word_1_145' title='bbox 1321 2058 1845 2147; x_wconf 84' lang='lat' dir='ltr'><strong>ordinandum3</strong></span> <span class='ocrx_word' id='word_1_146' title='bbox 1889 2078 2052 2131; x_wconf 90' lang='lat' dir='ltr'><strong>nam</strong></span> <span class='ocrx_word' id='word_1_147' title='bbox 2091 2060 2166 2131; x_wconf 92' lang='lat' dir='ltr'><strong>iu</strong></span> <span class='ocrx_word' id='word_1_148' title='bbox 2202 2079 2276 2131; x_wconf 90' lang='lat' dir='ltr'><strong>re</strong></span> <span class='ocrx_word' id='word_1_149' title='bbox 2314 2059 2680 2134; x_wconf 79' lang='lat' dir='ltr'><strong>fructifera</strong></span> <span class='ocrx_word' id='word_1_150' title='bbox 2719 2081 2888 2134; x_wconf 88' lang='lat' dir='ltr'><strong>con-</strong></span> 
     </span>
     <span class='ocr_line' id='line_1_18' title="bbox 210 2167 2884 2262; baseline 0.001 -20"><span class='ocrx_word' id='word_1_151' title='bbox 210 2171 542 2242; x_wconf 90' lang='lat' dir='ltr'><strong>stitutum</strong></span> <span class='ocrx_word' id='word_1_152' title='bbox 613 2177 987 2258; x_wconf 89' lang='lat' dir='ltr'><strong>censetur,</strong></span> <span class='ocrx_word' id='word_1_153' title='bbox 1045 2178 1124 2243; x_wconf 92' lang='lat' dir='ltr'><strong>ut</strong></span> <span class='ocrx_word' id='word_1_154' title='bbox 1177 2171 1464 2242; x_wconf 91' lang='lat' dir='ltr'><strong>resolvit</strong></span> <span class='ocrx_word' id='word_1_155' title='bbox 1516 2172 1589 2242; x_wconf 92' lang='lat' dir='ltr'><strong>S.</strong></span> <span class='ocrx_word' id='word_1_156' title='bbox 1632 2167 1887 2262; x_wconf 87' lang='lat' dir='ltr'><strong>Congr.</strong></span> <span class='ocrx_word' id='word_1_157' title='bbox 1928 2169 2139 2243; x_wconf 85' lang='lat' dir='ltr'><strong>Conc.</strong></span> <span class='ocrx_word' id='word_1_158' title='bbox 2183 2172 2256 2243; x_wconf 91' lang='lat' dir='ltr'><strong>in</strong></span> <span class='ocrx_word' id='word_1_159' title='bbox 2314 2174 2686 2256; x_wconf 82' lang='lat' dir='ltr'><strong>Romana,</strong></span> <span class='ocrx_word' id='word_1_160' title='bbox 2756 2192 2884 2246; x_wconf 92' lang='lat' dir='ltr'><strong>seu</strong></span> 
     </span>
     <span class='ocr_line' id='line_1_19' title="bbox 207 2280 2884 2375; baseline 0.001 -20"><span class='ocrx_word' id='word_1_161' title='bbox 207 2283 457 2373; x_wconf 80' lang='lat' dir='ltr'><strong>Nepes.</strong></span> <span class='ocrx_word' id='word_1_162' title='bbox 505 2284 711 2355; x_wconf 84' lang='lat' dir='ltr'><strong>Patr.</strong></span> <span class='ocrx_word' id='word_1_163' title='bbox 753 2284 991 2355; x_wconf 73' lang='lat' dir='ltr'><strong>eccleS.</strong></span> <span class='ocrx_word' id='word_1_164' title='bbox 1032 2285 1155 2355; x_wconf 78' lang='grc'><strong>27.</strong></span> <span class='ocrx_word' id='word_1_165' title='bbox 1197 2280 1385 2356; x_wconf 91' lang='lat' dir='ltr'><strong>Iunii</strong></span> <span class='ocrx_word' id='word_1_166' title='bbox 1442 2285 1688 2374; x_wconf 90' lang='lat'><strong>1711.‚</strong></span> <span class='ocrx_word' id='word_1_167' title='bbox 1740 2286 1832 2358; x_wconf 89' lang='lat' dir='ltr'><strong>de</strong></span> <span class='ocrx_word' id='word_1_168' title='bbox 1883 2303 2029 2375; x_wconf 89' lang='lat' dir='ltr'><strong>qua</strong></span> <span class='ocrx_word' id='word_1_169' title='bbox 2082 2284 2398 2375; x_wconf 88' lang='lat' dir='ltr'><strong>loquitur</strong></span> <span class='ocrx_word' id='word_1_170' title='bbox 2432 2282 2884 2359; x_wconf 90' lang='lat' dir='ltr'><strong>Honorantes</strong></span> 
     </span>
     <span class='ocr_line' id='line_1_20' title="bbox 207 2393 1213 2488; baseline 0.004 -24"><span class='ocrx_word' id='word_1_171' title='bbox 207 2393 344 2466; x_wconf 86' lang='lat' dir='ltr'><strong>loc.</strong></span> <span class='ocrx_word' id='word_1_172' title='bbox 387 2395 511 2466; x_wconf 87' lang='lat' dir='ltr'><strong>cit.</strong></span> <span class='ocrx_word' id='word_1_173' title='bbox 561 2397 730 2484; x_wconf 81' lang='lat' dir='ltr'><strong>Cap.</strong></span> <span class='ocrx_word' id='word_1_174' title='bbox 774 2393 845 2468; x_wconf 79' lang='lat'><strong>3.</strong></span> <span class='ocrx_word' id='word_1_175' title='bbox 879 2413 1048 2488; x_wconf 78' lang='lat' dir='ltr'><strong>paq.</strong></span> <span class='ocrx_word' id='word_1_176' title='bbox 1090 2395 1213 2468; x_wconf 65' lang='lat'><strong>47.</strong></span> 
     </span>
    </p>

    <p class='ocr_par' dir='ltr' id='par_1_5' title="bbox 189 2504 2886 3937">
     <span class='ocr_line' id='line_1_21' title="bbox 357 2504 2886 2600; baseline 0.002 -23"><span class='ocrx_word' id='word_1_177' title='bbox 357 2507 525 2579; x_wconf 74' lang='lat'><strong>410.</strong></span> <span class='ocrx_word' id='word_1_178' title='bbox 583 2504 1094 2579; x_wconf 86' lang='lat' dir='ltr'><strong>Patrimonium</strong></span> <span class='ocrx_word' id='word_1_179' title='bbox 1167 2509 1502 2580; x_wconf 85' lang='lat' dir='ltr'><strong>constitui</strong></span> <span class='ocrx_word' id='word_1_180' title='bbox 1571 2516 1804 2600; x_wconf 90' lang='lat' dir='ltr'><strong>potest</strong></span> <span class='ocrx_word' id='word_1_181' title='bbox 1873 2510 2088 2581; x_wconf 91' lang='lat' dir='ltr'><strong>etiam</strong></span> <span class='ocrx_word' id='word_1_182' title='bbox 2158 2510 2231 2581; x_wconf 91' lang='lat' dir='ltr'><strong>in</strong></span> <span class='ocrx_word' id='word_1_183' title='bbox 2284 2508 2494 2582; x_wconf 92' lang='lat' dir='ltr'><strong>bonis</strong></span> <span class='ocrx_word' id='word_1_184' title='bbox 2546 2508 2638 2579; x_wconf 91' lang='lat' dir='ltr'><strong>ad</strong></span> <span class='ocrx_word' id='word_1_185' title='bbox 2691 2508 2886 2581; x_wconf 89' lang='lat' dir='ltr'><strong>bunc</strong></span> 
     </span>
     <span class='ocr_line' id='line_1_22' title="bbox 202 2617 2882 2710; baseline 0.001 -19"><span class='ocrx_word' id='word_1_186' title='bbox 202 2620 427 2691; x_wconf 86' lang='lat' dir='ltr'><strong>finem</strong></span> <span class='ocrx_word' id='word_1_187' title='bbox 480 2617 572 2690; x_wconf 92' lang='lat' dir='ltr'><strong>ab</strong></span> <span class='ocrx_word' id='word_1_188' title='bbox 626 2620 866 2710; x_wconf 88' lang='lat' dir='ltr'><strong>aliquo</strong></span> <span class='ocrx_word' id='word_1_189' title='bbox 919 2621 993 2692; x_wconf 92' lang='lat' dir='ltr'><strong>iu</strong></span> <span class='ocrx_word' id='word_1_190' title='bbox 1047 2620 1272 2692; x_wconf 77' lang='lat' dir='ltr'><strong>torma</strong></span> <span class='ocrx_word' id='word_1_191' title='bbox 1323 2623 1500 2694; x_wconf 84' lang='lat' dir='ltr'><strong>iuris</strong></span> <span class='ocrx_word' id='word_1_192' title='bbox 1550 2622 1788 2694; x_wconf 88' lang='lat' dir='ltr'><strong>valida</strong></span> <span class='ocrx_word' id='word_1_193' title='bbox 1841 2623 2127 2694; x_wconf 90' lang='lat' dir='ltr'><strong>donatis</strong></span> <span class='ocrx_word' id='word_1_194' title='bbox 2195 2623 2394 2695; x_wconf 82' lang='lat' dir='ltr'><strong>iuxta</strong></span> <span class='ocrx_word' id='word_1_195' title='bbox 2459 2622 2882 2693; x_wconf 89' lang='lat' dir='ltr'><strong>declaratio-</strong></span> 
     </span>
     <span class='ocr_line' id='line_1_23' title="bbox 201 2727 2883 2828; baseline -0.001 -22"><span class='ocrx_word' id='word_1_196' title='bbox 201 2750 380 2806; x_wconf 90' lang='lat' dir='ltr'><strong>nem</strong></span> <span class='ocrx_word' id='word_1_197' title='bbox 432 2732 505 2802; x_wconf 93' lang='lat' dir='ltr'><strong>S.</strong></span> <span class='ocrx_word' id='word_1_198' title='bbox 546 2728 619 2801; x_wconf 89' lang='lat' dir='ltr'><strong>C.</strong></span> <span class='ocrx_word' id='word_1_199' title='bbox 660 2730 734 2802; x_wconf 85' lang='lat' dir='ltr'><strong>C.</strong></span> <span class='ocrx_word' id='word_1_200' title='bbox 795 2734 967 2804; x_wconf 92' lang='lat' dir='ltr'><strong>anni</strong></span> <span class='ocrx_word' id='word_1_201' title='bbox 1009 2733 1223 2804; x_wconf 85' lang='lat'><strong>1573.</strong></span> <span class='ocrx_word' id='word_1_202' title='bbox 1278 2727 1442 2828; x_wconf 84' lang='lat' dir='ltr'><strong>(lib.</strong></span> <span class='ocrx_word' id='word_1_203' title='bbox 1492 2733 1559 2805; x_wconf 92' lang='grc'><strong>1.</strong></span> <span class='ocrx_word' id='word_1_204' title='bbox 1600 2734 1857 2805; x_wconf 82' lang='lat' dir='ltr'><strong>decret.</strong></span> <span class='ocrx_word' id='word_1_205' title='bbox 1890 2752 2062 2825; x_wconf 74' lang='lat' dir='ltr'><strong>paq.</strong></span> <span class='ocrx_word' id='word_1_206' title='bbox 2108 2732 2313 2814; x_wconf 67' lang='lat'><strong>113„</strong></span> <span class='ocrx_word' id='word_1_207' title='bbox 2353 2750 2571 2821; x_wconf 92' lang='lat' dir='ltr'><strong>quam</strong></span> <span class='ocrx_word' id='word_1_208' title='bbox 2609 2734 2883 2822; x_wconf 83' lang='lat' dir='ltr'><strong>integre</strong></span> 
     </span>
     <span class='ocr_line' id='line_1_24' title="bbox 200 2839 2878 2941; baseline -0.001 -28"><span class='ocrx_word' id='word_1_209' title='bbox 200 2843 429 2916; x_wconf 77' lang='lat' dir='ltr'><strong>refert</strong></span> <span class='ocrx_word' id='word_1_210' title='bbox 456 2840 728 2915; x_wconf 90' lang='lat' dir='ltr'><strong>Bened.</strong></span> <span class='ocrx_word' id='word_1_211' title='bbox 755 2839 947 2913; x_wconf 86' lang='lat' dir='ltr'><strong>XIV.</strong></span> <span class='ocrx_word' id='word_1_212' title='bbox 982 2844 1112 2915; x_wconf 88' lang='lat' dir='ltr'><strong>loc.</strong></span> <span class='ocrx_word' id='word_1_213' title='bbox 1137 2845 1258 2916; x_wconf 84' lang='lat' dir='ltr'><strong>cit.</strong></span> <span class='ocrx_word' id='word_1_214' title='bbox 1294 2863 1369 2913; x_wconf 85' lang='grc' dir='ltr'><strong>η.</strong></span> <span class='ocrx_word' id='word_1_215' title='bbox 1399 2841 1587 2941; x_wconf 82' lang='grc'><strong>13.);</strong></span> <span class='ocrx_word' id='word_1_216' title='bbox 1621 2862 1850 2934; x_wconf 91' lang='lat' dir='ltr'><strong>eaque</strong></span> <span class='ocrx_word' id='word_1_217' title='bbox 1887 2844 1990 2916; x_wconf 89' lang='lat' dir='ltr'><strong>sic</strong></span> <span class='ocrx_word' id='word_1_218' title='bbox 2023 2863 2100 2916; x_wconf 89' lang='lat' dir='ltr'><strong>se</strong></span> <span class='ocrx_word' id='word_1_219' title='bbox 2136 2842 2382 2915; x_wconf 89' lang='lat' dir='ltr'><strong>habet:</strong></span> <span class='ocrx_word' id='word_1_220' title='bbox 2435 2865 2472 2907; x_wconf 63' lang='grc' dir='ltr'>ι</span> <span class='ocrx_word' id='word_1_221' title='bbox 2497 2843 2711 2914; x_wconf 91' lang='lat' dir='ltr'><strong>Sacra</strong></span> <span class='ocrx_word' id='word_1_222' title='bbox 2741 2849 2878 2914; x_wconf 91' lang='lat' dir='ltr'><strong>etc.</strong></span> 
     </span>
     <span class='ocr_line' id='line_1_25' title="bbox 203 2951 2885 3047; baseline 0 -24"><span class='ocrx_word' id='word_1_223' title='bbox 203 2980 242 3023; x_wconf 81' lang='lat'><strong>»</strong></span> <span class='ocrx_word' id='word_1_224' title='bbox 288 2955 599 3043; x_wconf 86' lang='lat' dir='ltr'><strong>censuit,</strong></span> <span class='ocrx_word' id='word_1_225' title='bbox 657 2972 864 3047; x_wconf 90' lang='lat' dir='ltr'><strong>posse</strong></span> <span class='ocrx_word' id='word_1_226' title='bbox 916 2955 1225 3045; x_wconf 80' lang='lat' dir='ltr'><strong>aliquem</strong></span> <span class='ocrx_word' id='word_1_227' title='bbox 1283 2955 1373 3026; x_wconf 90' lang='lat' dir='ltr'><strong>ad</strong></span> <span class='ocrx_word' id='word_1_228' title='bbox 1412 2971 1655 3026; x_wconf 71' lang='lat' dir='ltr'><strong>‘sacros</strong></span> <span class='ocrx_word' id='word_1_229' title='bbox 1690 2951 1996 3026; x_wconf 86' lang='lat' dir='ltr'><strong>Ordines</strong></span> <span class='ocrx_word' id='word_1_230' title='bbox 2032 2954 2427 3045; x_wconf 87' lang='lat' dir='ltr'><strong>promoveri</strong></span> <span class='ocrx_word' id='word_1_231' title='bbox 2468 2953 2559 3024; x_wconf 91' lang='lat' dir='ltr'><strong>ad</strong></span> <span class='ocrx_word' id='word_1_232' title='bbox 2599 2952 2885 3024; x_wconf 90' lang='lat' dir='ltr'><strong>titulum</strong></span> 
     </span>
     <span class='ocr_line' id='line_1_26' title="bbox 202 3063 2878 3155; baseline 0 -21"><span class='ocrx_word' id='word_1_233' title='bbox 202 3091 245 3134; x_wconf 76' lang='lat'>›</span> <span class='ocrx_word' id='word_1_234' title='bbox 287 3065 672 3152; x_wconf 91' lang='lat' dir='ltr'><strong>bonorum,</strong></span> <span class='ocrx_word' id='word_1_235' title='bbox 714 3084 900 3155; x_wconf 90' lang='lat' dir='ltr'><strong>quae</strong></span> <span class='ocrx_word' id='word_1_236' title='bbox 938 3067 1171 3137; x_wconf 94' lang='lat' dir='ltr'><strong>eidem</strong></span> <span class='ocrx_word' id='word_1_237' title='bbox 1198 3065 1579 3154; x_wconf 89' lang='lat' dir='ltr'><strong>donentur,</strong></span> <span class='ocrx_word' id='word_1_238' title='bbox 1621 3067 1683 3136; x_wconf 87' lang='lat' dir='ltr'><strong>si</strong></span> <span class='ocrx_word' id='word_1_239' title='bbox 1716 3072 1960 3138; x_wconf 91' lang='lat' dir='ltr'><strong>tamen</strong></span> <span class='ocrx_word' id='word_1_240' title='bbox 1996 3063 2390 3155; x_wconf 89' lang='lat' dir='ltr'><strong>Episcopus</strong></span> <span class='ocrx_word' id='word_1_241' title='bbox 2430 3063 2878 3151; x_wconf 82' lang='lat' dir='ltr'><strong>iudicaverit,</strong></span> 
     </span>
     <span class='ocr_line' id='line_1_27' title="bbox 199 3174 2885 3268; baseline -0 -22"><span class='ocrx_word' id='word_1_242' title='bbox 199 3202 241 3246; x_wconf 57' lang='grc' dir='ltr'><strong><em>ν</em></strong></span> <span class='ocrx_word' id='word_1_243' title='bbox 288 3196 458 3250; x_wconf 90' lang='lat' dir='ltr'><strong>eum</strong></span> <span class='ocrx_word' id='word_1_244' title='bbox 513 3177 1019 3248; x_wconf 88' lang='lat' dir='ltr'><strong>assumendum</strong></span> <span class='ocrx_word' id='word_1_245' title='bbox 1073 3196 1228 3249; x_wconf 90' lang='lat' dir='ltr'><strong>esse</strong></span> <span class='ocrx_word' id='word_1_246' title='bbox 1283 3195 1408 3268; x_wconf 92' lang='lat' dir='ltr'><strong>pro</strong></span> <span class='ocrx_word' id='word_1_247' title='bbox 1460 3178 1913 3265; x_wconf 87' lang='lat' dir='ltr'><strong>necessitato,</strong></span> <span class='ocrx_word' id='word_1_248' title='bbox 1957 3176 2066 3249; x_wconf 80' lang='lat' dir='ltr'><strong>vel</strong></span> <span class='ocrx_word' id='word_1_249' title='bbox 2103 3174 2607 3247; x_wconf 89' lang='lat' dir='ltr'><strong>commoditate</strong></span> <span class='ocrx_word' id='word_1_250' title='bbox 2663 3175 2885 3247; x_wconf 89' lang='lat' dir='ltr'><strong>eccle-</strong></span> 
     </span>
     <span class='ocr_line' id='line_1_28' title="bbox 197 3286 2884 3378; baseline -0.001 -20"><span class='ocrx_word' id='word_1_251' title='bbox 197 3315 240 3358; x_wconf 79' lang='lat'><strong>»</strong></span> <span class='ocrx_word' id='word_1_252' title='bbox 282 3289 557 3359; x_wconf 88' lang='lat' dir='ltr'><strong>siarum</strong></span> <span class='ocrx_word' id='word_1_253' title='bbox 612 3308 930 3376; x_wconf 88' lang='lat' dir='ltr'><strong>suarum,</strong></span> <span class='ocrx_word' id='word_1_254' title='bbox 988 3288 1555 3378; x_wconf 84' lang='lat' dir='ltr'><strong>donationesque</strong></span> <span class='ocrx_word' id='word_1_255' title='bbox 1607 3287 2016 3359; x_wconf 88' lang='lat' dir='ltr'><strong>huiusmodi</strong></span> <span class='ocrx_word' id='word_1_256' title='bbox 2069 3305 2231 3359; x_wconf 90' lang='lat' dir='ltr'><strong>vere</strong></span> <span class='ocrx_word' id='word_1_257' title='bbox 2287 3295 2359 3359; x_wconf 91' lang='lat' dir='ltr'><strong>et</strong></span> <span class='ocrx_word' id='word_1_258' title='bbox 2413 3286 2689 3376; x_wconf 89' lang='lat' dir='ltr'><strong>absque</strong></span> <span class='ocrx_word' id='word_1_259' title='bbox 2739 3286 2884 3357; x_wconf 89' lang='lat' dir='ltr'><strong>ulla</strong></span> 
     </span>
     <span class='ocr_line' id='line_1_29' title="bbox 191 3398 2883 3492; baseline 0.001 -24"><span class='ocrx_word' id='word_1_260' title='bbox 191 3424 235 3468; x_wconf 81' lang='lat'>›</span> <span class='ocrx_word' id='word_1_261' title='bbox 281 3398 543 3471; x_wconf 78' lang='lat' dir='ltr'><strong>fraude</strong></span> <span class='ocrx_word' id='word_1_262' title='bbox 595 3405 668 3471; x_wconf 89' lang='lat' dir='ltr'><strong>et</strong></span> <span class='ocrx_word' id='word_1_263' title='bbox 718 3400 795 3469; x_wconf 91' lang='lat' dir='ltr'><strong>in</strong></span> <span class='ocrx_word' id='word_1_264' title='bbox 848 3398 1067 3471; x_wconf 78' lang='lat' dir='ltr'><strong>forma</strong></span> <span class='ocrx_word' id='word_1_265' title='bbox 1122 3400 1359 3471; x_wconf 82' lang='lat' dir='ltr'><strong>valida</strong></span> <span class='ocrx_word' id='word_1_266' title='bbox 1398 3400 1573 3471; x_wconf 84' lang='lat' dir='ltr'><strong>liant</strong></span> <span class='ocrx_word' id='word_1_267' title='bbox 1602 3401 1691 3471; x_wconf 91' lang='lat' dir='ltr'><strong>de</strong></span> <span class='ocrx_word' id='word_1_268' title='bbox 1726 3406 1831 3472; x_wconf 91' lang='lat' dir='ltr'><strong>tot</strong></span> <span class='ocrx_word' id='word_1_269' title='bbox 1884 3399 2121 3489; x_wconf 90' lang='lat' dir='ltr'><strong>bonis,</strong></span> <span class='ocrx_word' id='word_1_270' title='bbox 2180 3419 2366 3490; x_wconf 90' lang='lat' dir='ltr'><strong>quae</strong></span> <span class='ocrx_word' id='word_1_271' title='bbox 2403 3400 2883 3492; x_wconf 87' lang='lat' dir='ltr'><strong>promovendo</strong></span> 
     </span>
     <span class='ocr_line' id='line_1_30' title="bbox 189 3509 2884 3602; baseline 0.001 -22"><span class='ocrx_word' id='word_1_272' title='bbox 189 3536 232 3579; x_wconf 79' lang='lat'><strong>»</strong></span> <span class='ocrx_word' id='word_1_273' title='bbox 276 3509 649 3582; x_wconf 86' lang='lat' dir='ltr'><strong>sufficiant</strong></span> <span class='ocrx_word' id='word_1_274' title='bbox 683 3509 773 3580; x_wconf 91' lang='lat' dir='ltr'><strong>ad</strong></span> <span class='ocrx_word' id='word_1_275' title='bbox 807 3511 1021 3582; x_wconf 88' lang='lat' dir='ltr'><strong>vitam</strong></span> <span class='ocrx_word' id='word_1_276' title='bbox 1052 3511 1350 3583; x_wconf 87' lang='lat' dir='ltr'><strong>honeste</strong></span> <span class='ocrx_word' id='word_1_277' title='bbox 1378 3511 1958 3599; x_wconf 88' lang='lat' dir='ltr'><strong>sustentandam,</strong></span> <span class='ocrx_word' id='word_1_278' title='bbox 1992 3530 2177 3602; x_wconf 89' lang='lat' dir='ltr'><strong>quae</strong></span> <span class='ocrx_word' id='word_1_279' title='bbox 2207 3513 2550 3602; x_wconf 87' lang='lat' dir='ltr'><strong>deinceps</strong></span> <span class='ocrx_word' id='word_1_280' title='bbox 2583 3512 2884 3584; x_wconf 86' lang='lat' dir='ltr'><strong>alienari</strong></span> 
     </span>
     <span class='ocr_line' id='line_1_31' title="bbox 189 3620 2883 3717; baseline 0.001 -26"><span class='ocrx_word' id='word_1_281' title='bbox 189 3648 232 3691; x_wconf 76' lang='lat'>›</span> <span class='ocrx_word' id='word_1_282' title='bbox 281 3620 490 3692; x_wconf 92' lang='lat' dir='ltr'><strong>nullo</strong></span> <span class='ocrx_word' id='word_1_283' title='bbox 525 3621 731 3693; x_wconf 90' lang='lat' dir='ltr'><strong>modo</strong></span> <span class='ocrx_word' id='word_1_284' title='bbox 768 3624 1043 3712; x_wconf 89' lang='lat' dir='ltr'><strong>possint</strong></span> <span class='ocrx_word' id='word_1_285' title='bbox 1080 3624 1233 3695; x_wconf 92' lang='lat' dir='ltr'><strong>sine</strong></span> <span class='ocrx_word' id='word_1_286' title='bbox 1272 3623 1555 3695; x_wconf 89' lang='lat' dir='ltr'><strong>licentia</strong></span> <span class='ocrx_word' id='word_1_287' title='bbox 1593 3621 1969 3717; x_wconf 85' lang='lat' dir='ltr'><strong>Episcopi,</strong></span> <span class='ocrx_word' id='word_1_288' title='bbox 2009 3624 2238 3695; x_wconf 90' lang='lat' dir='ltr'><strong>donec</strong></span> <span class='ocrx_word' id='word_1_289' title='bbox 2275 3624 2395 3695; x_wconf 93' lang='lat' dir='ltr'><strong>ille</strong></span> <span class='ocrx_word' id='word_1_290' title='bbox 2449 3624 2883 3696; x_wconf 86' lang='lat' dir='ltr'><strong>beneficium</strong></span> 
     </span>
     <span class='ocr_line' id='line_1_32' title="bbox 190 3733 2886 3825; baseline 0.002 -24"><span class='ocrx_word' id='word_1_291' title='bbox 190 3759 234 3801; x_wconf 76' lang='lat'><strong>»</strong></span> <span class='ocrx_word' id='word_1_292' title='bbox 280 3733 848 3806; x_wconf 87' lang='lat' dir='ltr'><strong>ecclesiasticum</strong></span> <span class='ocrx_word' id='word_1_293' title='bbox 902 3735 1263 3807; x_wconf 86' lang='lat' dir='ltr'><strong>sufficiens</strong></span> <span class='ocrx_word' id='word_1_294' title='bbox 1318 3735 1798 3825; x_wconf 89' lang='lat' dir='ltr'><strong>adipiscatur,</strong></span> <span class='ocrx_word' id='word_1_295' title='bbox 1857 3735 1967 3807; x_wconf 86' lang='lat' dir='ltr'><strong>vel</strong></span> <span class='ocrx_word' id='word_1_296' title='bbox 2023 3735 2312 3807; x_wconf 90' lang='lat' dir='ltr'><strong>aliunde</strong></span> <span class='ocrx_word' id='word_1_297' title='bbox 2371 3735 2638 3806; x_wconf 89' lang='lat' dir='ltr'><strong>habeat</strong></span> <span class='ocrx_word' id='word_1_298' title='bbox 2694 3736 2886 3806; x_wconf 87' lang='lat' dir='ltr'><strong>unde</strong></span> 
     </span>
     <span class='ocr_line' id='line_1_33' title="bbox 191 3844 900 3937; baseline 0.001 -24"><span class='ocrx_word' id='word_1_299' title='bbox 191 3871 235 3913; x_wconf 61' lang='lat' dir='ltr'><strong>a&gt;</strong></span> <span class='ocrx_word' id='word_1_300' title='bbox 286 3844 532 3916; x_wconf 83' lang='lat' dir='ltr'><strong>vivere</strong></span> <span class='ocrx_word' id='word_1_301' title='bbox 570 3847 818 3937; x_wconf 91' lang='lat' dir='ltr'><strong>possit.</strong></span> <span class='ocrx_word' id='word_1_302' title='bbox 863 3870 900 3914; x_wconf 80' lang='lat'><strong>»</strong></span> 
     </span>
    </p>

    <p class='ocr_par' dir='ltr' id='par_1_6' title="bbox 182 3951 2885 4381">
     <span class='ocr_line' id='line_1_34' title="bbox 358 3951 2883 4050; baseline 0.002 -26"><span class='ocrx_word' id='word_1_303' title='bbox 358 3955 528 4027; x_wconf 80' lang='grc'><strong>411.</strong></span> <span class='ocrx_word' id='word_1_304' title='bbox 593 3955 1098 4029; x_wconf 88' lang='lat' dir='ltr'><strong>Patrimonium</strong></span> <span class='ocrx_word' id='word_1_305' title='bbox 1153 3956 1367 4027; x_wconf 90' lang='lat' dir='ltr'><strong>etiam</strong></span> <span class='ocrx_word' id='word_1_306' title='bbox 1403 3957 1738 4030; x_wconf 90' lang='lat' dir='ltr'><strong>constitui</strong></span> <span class='ocrx_word' id='word_1_307' title='bbox 1779 3964 2009 4047; x_wconf 89' lang='lat' dir='ltr'><strong>potest</strong></span> <span class='ocrx_word' id='word_1_308' title='bbox 2047 3957 2120 4027; x_wconf 91' lang='lat' dir='ltr'><strong>in</strong></span> <span class='ocrx_word' id='word_1_309' title='bbox 2156 3956 2599 4045; x_wconf 77' lang='lat' dir='ltr'><strong>obligatione</strong></span> <span class='ocrx_word' id='word_1_310' title='bbox 2638 3951 2883 4050; x_wconf 92' lang='lat' dir='ltr'><strong>(modo</strong></span> 
     </span>
     <span class='ocr_line' id='line_1_35' title="bbox 186 4067 2884 4162; baseline -0.001 -22"><span class='ocrx_word' id='word_1_311' title='bbox 186 4086 360 4140; x_wconf 88' lang='lat' dir='ltr'><strong>non</strong></span> <span class='ocrx_word' id='word_1_312' title='bbox 414 4068 505 4138; x_wconf 92' lang='lat' dir='ltr'><strong>sit</strong></span> <span class='ocrx_word' id='word_1_313' title='bbox 556 4068 976 4160; x_wconf 89' lang='lat' dir='ltr'><strong>personalis,</strong></span> <span class='ocrx_word' id='word_1_314' title='bbox 1037 4074 1113 4140; x_wconf 90' lang='lat' dir='ltr'><strong>ut</strong></span> <span class='ocrx_word' id='word_1_315' title='bbox 1166 4067 1405 4140; x_wconf 87' lang='lat' dir='ltr'><strong>videre</strong></span> <span class='ocrx_word' id='word_1_316' title='bbox 1459 4077 1567 4140; x_wconf 90' lang='lat' dir='ltr'><strong>est</strong></span> <span class='ocrx_word' id='word_1_317' title='bbox 1621 4068 1836 4159; x_wconf 86' lang='lat' dir='ltr'><strong>paulo</strong></span> <span class='ocrx_word' id='word_1_318' title='bbox 1876 4078 2035 4159; x_wconf 91' lang='lat' dir='ltr'><strong>post</strong></span> <span class='ocrx_word' id='word_1_319' title='bbox 2088 4088 2163 4140; x_wconf 81' lang='lat' dir='ltr'><strong>n.</strong></span> <span class='ocrx_word' id='word_1_320' title='bbox 2204 4068 2413 4162; x_wconf 78' lang='grc'><strong>419.)</strong></span> <span class='ocrx_word' id='word_1_321' title='bbox 2471 4067 2884 4160; x_wconf 88' lang='lat' dir='ltr'><strong>persolven-</strong></span> 
     </span>
     <span class='ocr_line' id='line_1_36' title="bbox 182 4180 2885 4271; baseline -0.002 -17"><span class='ocrx_word' id='word_1_322' title='bbox 182 4182 266 4254; x_wconf 88' lang='lat' dir='ltr'><strong>di</strong></span> <span class='ocrx_word' id='word_1_323' title='bbox 337 4180 731 4267; x_wconf 86' lang='lat' dir='ltr'><strong>quotannis</strong></span> <span class='ocrx_word' id='word_1_324' title='bbox 782 4198 1131 4250; x_wconf 89' lang='lat' dir='ltr'><strong>summam</strong></span> <span class='ocrx_word' id='word_1_325' title='bbox 1170 4180 1653 4269; x_wconf 89' lang='lat' dir='ltr'><strong>pecuniariam</strong></span> <span class='ocrx_word' id='word_1_326' title='bbox 1692 4181 1888 4252; x_wconf 86' lang='lat' dir='ltr'><strong>iuxta</strong></span> <span class='ocrx_word' id='word_1_327' title='bbox 1932 4188 2165 4253; x_wconf 85' lang='lat' dir='ltr'><strong>taxam</strong></span> <span class='ocrx_word' id='word_1_328' title='bbox 2202 4180 2650 4271; x_wconf 88' lang='lat' dir='ltr'><strong>synodalem,</strong></span> <span class='ocrx_word' id='word_1_329' title='bbox 2695 4195 2885 4268; x_wconf 87' lang='lat' dir='ltr'><strong>quae</strong></span> 
     </span>
     <span class='ocr_line' id='line_1_37' title="bbox 184 4289 2882 4381; baseline -0.002 -16"><span class='ocrx_word' id='word_1_330' title='bbox 184 4290 556 4381; x_wconf 81' lang='lat' dir='ltr'><strong>obligatio</strong></span> <span class='ocrx_word' id='word_1_331' title='bbox 592 4291 665 4361; x_wconf 91' lang='lat' dir='ltr'><strong>in</strong></span> <span class='ocrx_word' id='word_1_332' title='bbox 704 4289 924 4362; x_wconf 81' lang='lat' dir='ltr'><strong>forma</strong></span> <span class='ocrx_word' id='word_1_333' title='bbox 980 4291 1151 4362; x_wconf 91' lang='lat' dir='ltr'><strong>iuris</strong></span> <span class='ocrx_word' id='word_1_334' title='bbox 1205 4290 1435 4361; x_wconf 80' lang='lat' dir='ltr'><strong>valida</strong></span> <span class='ocrx_word' id='word_1_335' title='bbox 1488 4292 1743 4362; x_wconf 90' lang='lat' dir='ltr'><strong>emissa</strong></span> <span class='ocrx_word' id='word_1_336' title='bbox 1798 4294 2250 4363; x_wconf 85' lang='lat' dir='ltr'><strong>securitatem</strong></span> <span class='ocrx_word' id='word_1_337' title='bbox 2309 4289 2751 4381; x_wconf 79' lang='lat' dir='ltr'><strong>praeseferat</strong></span> <span class='ocrx_word' id='word_1_338' title='bbox 2804 4289 2882 4359; x_wconf 91' lang='lat' dir='ltr'><strong>in</strong></span> 
     </span>
    </p>

    <p class='ocr_par' dir='ltr' id='par_1_7' title="bbox 171 4400 2887 4718">
     <span class='ocr_line' id='line_1_38' title="bbox 176 4400 2883 4491; baseline -0.003 -14"><span class='ocrx_word' id='word_1_339' title='bbox 176 4402 422 4477; x_wconf 85' lang='lat' dir='ltr'><strong>bonis</strong></span> <span class='ocrx_word' id='word_1_340' title='bbox 451 4401 857 4488; x_wconf 81' lang='lat' dir='ltr'><strong>stabilibuS,</strong></span> <span class='ocrx_word' id='word_1_341' title='bbox 884 4420 1068 4491; x_wconf 90' lang='lat' dir='ltr'><strong>quae</strong></span> <span class='ocrx_word' id='word_1_342' title='bbox 1109 4401 1199 4473; x_wconf 89' lang='lat' dir='ltr'><strong>ad</strong></span> <span class='ocrx_word' id='word_1_343' title='bbox 1226 4420 1379 4473; x_wconf 89' lang='lat' dir='ltr'><strong>eam</strong></span> <span class='ocrx_word' id='word_1_344' title='bbox 1412 4401 1953 4491; x_wconf 86' lang='lat' dir='ltr'><strong>persolvendam</strong></span> <span class='ocrx_word' id='word_1_345' title='bbox 1982 4404 2125 4474; x_wconf 89' lang='lat' dir='ltr'><strong>sint</strong></span> <span class='ocrx_word' id='word_1_346' title='bbox 2165 4403 2452 4474; x_wconf 89' lang='lat' dir='ltr'><strong>idonea.</strong></span> <span class='ocrx_word' id='word_1_347' title='bbox 2486 4400 2656 4473; x_wconf 89' lang='lat' dir='ltr'><strong>Cum</strong></span> <span class='ocrx_word' id='word_1_348' title='bbox 2691 4401 2883 4472; x_wconf 91' lang='lat' dir='ltr'><strong>enim</strong></span> 
     </span>
     <span class='ocr_line' id='line_1_39' title="bbox 171 4508 2885 4605; baseline -0.001 -17"><span class='ocrx_word' id='word_1_349' title='bbox 171 4515 319 4588; x_wconf 82' lang='lat' dir='ltr'><strong>hic</strong></span> <span class='ocrx_word' id='word_1_350' title='bbox 380 4531 623 4584; x_wconf 88' lang='lat' dir='ltr'><strong>revera</strong></span> <span class='ocrx_word' id='word_1_351' title='bbox 677 4531 883 4584; x_wconf 89' lang='lat' dir='ltr'><strong>casus</strong></span> <span class='ocrx_word' id='word_1_352' title='bbox 936 4513 1309 4584; x_wconf 87' lang='lat' dir='ltr'><strong>accidisset</strong></span> <span class='ocrx_word' id='word_1_353' title='bbox 1362 4512 1433 4582; x_wconf 93' lang='lat' dir='ltr'><strong>in</strong></span> <span class='ocrx_word' id='word_1_354' title='bbox 1492 4512 1837 4605; x_wconf 76' lang='lat' dir='ltr'><strong>Urqellen.</strong></span> <span class='ocrx_word' id='word_1_355' title='bbox 1904 4513 2074 4584; x_wconf 83' lang='lat' dir='ltr'><strong>Ord.</strong></span> <span class='ocrx_word' id='word_1_356' title='bbox 2141 4514 2256 4583; x_wconf 63' lang='lat'><strong>13„</strong></span> <span class='ocrx_word' id='word_1_357' title='bbox 2316 4508 2479 4584; x_wconf 90' lang='lat' dir='ltr'><strong>Iun.</strong></span> <span class='ocrx_word' id='word_1_358' title='bbox 2547 4514 2759 4584; x_wconf 81' lang='grc'><strong>1743.</strong></span> <span class='ocrx_word' id='word_1_359' title='bbox 2811 4518 2885 4584; x_wconf 90' lang='lat' dir='ltr'><strong>et</strong></span> 
     </span>
     <span class='ocr_line' id='line_1_40' title="bbox 171 4621 2887 4718; baseline -0.002 -18"><span class='ocrx_word' id='word_1_360' title='bbox 171 4624 693 4717; x_wconf 79' lang='lat' dir='ltr'><strong>dubitaretur,</strong></span> <span class='ocrx_word' id='word_1_361' title='bbox 747 4645 842 4697; x_wconf 91' lang='lat' dir='ltr'><strong>an</strong></span> <span class='ocrx_word' id='word_1_362' title='bbox 893 4631 1250 4698; x_wconf 88' lang='lat' dir='ltr'><strong>constaret</strong></span> <span class='ocrx_word' id='word_1_363' title='bbox 1282 4624 1372 4696; x_wconf 92' lang='lat' dir='ltr'><strong>de</strong></span> <span class='ocrx_word' id='word_1_364' title='bbox 1410 4624 1724 4717; x_wconf 84' lang='lat' dir='ltr'><strong>legitima</strong></span> <span class='ocrx_word' id='word_1_365' title='bbox 1778 4625 2286 4698; x_wconf 90' lang='lat' dir='ltr'><strong>constitutione</strong></span> <span class='ocrx_word' id='word_1_366' title='bbox 2321 4626 2738 4718; x_wconf 91' lang='lat' dir='ltr'><strong>patrimonii</strong></span> <span class='ocrx_word' id='word_1_367' title='bbox 2789 4621 2887 4696; x_wconf 91' lang='lat' dir='ltr'><strong>ad</strong></span> 
     </span>
    </p>
   </div>
  </div>
 </body>
</html>
