3497 5235
559 330 640 394 58
1294 329 1660 389 humationi·
1700 329 1753 389 Β.
1780 329 1962 405 Oongr.
1990 330 2136 390 Ocno.
2176 331 2447 406 expositio.

561 460 1003 556 spiciendum
1041 468 1175 550 est,
1232 462 1403 552 quid
1459 462 1528 534 in
1584 470 1819 535 mente
1875 461 2207 536 fundator
2256 462 2620 552 habuerit,
2664 463 2952 535 minime
3002 482 3196 551 vero,

564 577 736 666 quid
788 575 1085 667 posthac
1133 593 1219 647 ex
1272 576 1713 648 auctoritatis
1763 576 1916 667 lege
1968 583 2316 648 statutum
2367 576 2602 647 fuerit.
2662 572 2745 648 ld
2796 576 2982 647 enim
3037 593 3207 648 con-

564 688 889 761 firmatur
954 704 1039 759 ex
1107 686 1581 760 declaratione
1653 685 1725 760 S.
1767 686 2340 780 Congregationis
2406 683 2643 778 Episc.
2697 692 2767 759 et
2816 683 3074 779 Regul.
3128 688 3204 760 in

436 828 448 839 ·
564 799 948 873 Bononien.
983 817 1186 889 super
1211 816 1355 869 rev.
1393 799 1594 870 Decr.
1631 800 1747 871 26.
1786 800 1979 889 Sept.
2021 800 2264 888 1856„
2321 800 2394 871 in
2446 817 2588 888 qua
2623 797 2879 871 Dosius
2914 799 3206 889 quidam

564 911 812 983 incolis
861 909 1235 1001 parochiae
1289 917 1742 1000 nuncupatae
1797 912 2176 1002 Leprosetti
2237 911 2345 982 ius
2395 910 2779 999 reliquerat
2831 910 3206 983 obtinendi

563 1023 823 1108 locum,
879 1020 1244 1092 occasione
1297 1019 1756 1108 infirmitatis,
1812 1022 1885 1092 in
1939 1022 2248 1110 quodam
2289 1021 2619 1111 hospitali
2657 1023 3043 1094 curationis
3078 1021 3211 1092 ba-

564 1134 845 1207 bendae
897 1150 1136 1203 causa.
1193 1128 1406 1203 Initio
1457 1132 1752 1204 huiusce
1804 1132 2062 1203 saeculi
2116 1133 2206 1203 ab
2260 1150 2343 1204 ea
2395 1132 2727 1222 parochia
2792 1133 3061 1206 incolae
3114 1151 3204 1206 ex

569 1245 874 1317 maxima
929 1250 1127 1333 parte
1180 1243 1479 1314 seiuncti
1533 1242 1840 1332 fuerant,
1899 1261 1982 1314 ac
2013 1243 2391 1336 parochiae
2428 1241 2499 1315 S.
2532 1242 3050 1317 Bartholomaei
3086 1263 3209 1317 su-

569 1354 951 1450 peradditi3
1007 1356 1249 1443 itaque
1298 1353 1373 1424 hi
1427 1371 1513 1424 ex
1565 1353 1848 1426 decreto
1916 1351 2433 1446 Archiepiscopi
2503 1356 2651 1428 iure
2720 1374 2848 1447 per
2914 1354 3204 1429 Dosium

570 1467 808 1539 relicto
861 1466 1053 1537 exuti
1114 1464 1424 1537 fuerant.
1493 1462 1873 1537 Demortuo
1933 1462 2514 1557 ArchiepiscopO,
2572 1463 2642 1538 S.
2683 1465 3205 1540 Bartholomaei

570 1576 946 1669 parochuS,
1002 1576 1116 1649 cui
1168 1575 1472 1646 maxima
1525 1594 1690 1666 pars
1742 1579 2108 1668 paroeciae
2162 1579 2539 1669 Leprosetti
2607 1579 3037 1667 obvenerat,
3094 1580 3206 1651 ius

572 1691 908 1762 amissum
961 1688 1152 1778 apud
1204 1687 1275 1759 S.
1316 1684 1940 1780 Congregationem
1991 1698 2406 1779 persecutus
2458 1698 2590 1779 est,
2642 1699 2713 1764 et
2747 1687 2891 1762 EE.
2925 1688 3056 1762 ΡΡ.
3098 1696 3212 1762 ta-

573 1801 776 1874 metsi
845 1797 936 1870 ab
990 1798 1178 1871 edito
1231 1795 1750 1891 Archiepiseopi
1803 1801 2084 1873 decreto
2147 1806 2423 1873 tautum
2494 1804 2830 1895 temporis
2897 1801 3213 1875 effluxis-

575 1919 708 1999 set,
765 1910 1087 2003 petitioni
1142 1908 1430 1998 parochi
1484 1911 1936 1984 reclamantis
1985 1913 2444 1985 adnuendum
2517 1932 2672 1985 esse
2738 1920 3200 2001 censuerunt,

571 2025 914 2127 iuxtaque
965 2027 1273 2092 mentem
1328 2022 1687 2093 testatoris
1757 2042 2127 2095 numerum
2183 2031 2282 2097 tot
2351 2026 2657 2097 locorum
2727 2026 2802 2097 in
2876 2023 3211 2115 hospitali

573 2132 886 2222 antiquis
936 2132 1185 2205 incolis
1236 2132 1612 2222 parochiae
1665 2133 2044 2226 Leprosetti
2080 2137 2629 2209 adiudicandum
2669 2156 2849 2225 esse,
2890 2143 3062 2226 quot
3098 2153 3217 2208 eo·

571 2245 891 2317 rumdem
942 2244 1333 2316 incolarum
1370 2263 1690 2336 numero,
1732 2245 1916 2319 tacta
1955 2250 2432 2339 proportione,
2471 2251 2954 2339 responderet.
2995 2244 3211 2319 Haud

575 2355 897 2428 absimile
932 2356 1330 2446 exemplum
1371 2357 1664 2447 praebet
1701 2359 1948 2431 eadem
1987 2361 2057 2429 S.
2091 2358 2164 2430 C.
2200 2360 2275 2430 in
2314 2361 2579 2450 Trejen.
2615 2360 2900 2432 Nomin.
2940 2358 3053 2428 14.
3081 2355 3220 2429 De-

577 2467 881 2541 cembris
922 2468 1133 2540 1860.
1175 2474 1247 2541 et
1282 2469 1351 2539 7.
1394 2465 1600 2540 Febr.
1649 2470 1893 2560 1862„
1952 2488 2230 2543 necnon
2281 2473 2351 2542 in
2407 2471 2759 2543 Narnien.
2804 2472 3001 2545 Subs.
3048 2471 3210 2543 Dot.

586 2581 701 2653 15.
742 2576 947 2652 Mart.
995 2579 1206 2653 1861.
1249 2579 1340 2652 ad
1382 2579 1447 2651 1.
1492 2587 1562 2653 et
1590 2582 1661 2652 2.

726 2693 847 2766 21.
893 2691 1278 2765 Adeundus
1330 2692 1403 2763 in
1453 2692 1589 2765 hac
1641 2695 1935 2767 materia
1987 2694 2076 2769 de
2128 2694 2528 2767 confinibus
2587 2691 2844 2784 Ioseph
2908 2693 2996 2765 de
3047 2689 3216 2763 Pro-

576 2809 802 2900 speris
854 2808 928 2878 in
975 2811 1284 2879 tractatu
1334 2805 1417 2877 de
1453 2806 1700 2879 Territ.
1744 2827 2011 2899 separ„
2065 2808 2188 2897 qui
2241 2808 2411 2879 iuris
2464 2811 2916 2898 quaestiones
2950 2823 3220 2896 expen-

576 2921 706 2994 dit.
747 2916 869 2992 Cui
921 2936 1085 2990 vero
1135 2918 1414 3008 placeat
1465 2917 1882 2990 dioeceseon
1917 2920 2461 3011 descriptionem
2498 2938 2659 2992 cum
2693 2920 2839 2992 suis
2871 2916 3218 2990 limitibus

575 3032 796 3105 oculis
845 3031 1219 3122 inspicere,
1281 3030 1339 3102 is
1389 3029 1600 3103 adeat
1651 3033 2009 3123 egregium
2062 3050 2239 3122 opus
2288 3029 2700 3122 Hieronymi
2750 3028 2964 3118 Petri,
3023 3027 3219 3120 quod

575 3143 984 3218 inscribitur
1024 3143 1197 3215 Orbe
1222 3143 1577 3225 catholico,
1612 3144 1798 3216 ossio
1833 3144 2117 3216 Atlante
2146 3140 3226 3236 Geoqrafico-Storico-Ecclesia-

578 3257 783 3338 stico,
828 3254 1070 3348 prima
1112 3260 1342 3346 parte.
1410 3250 1497 3324 In
1548 3274 1630 3327 eo
1681 3255 1990 3328 breviter
2041 3242 2419 3347 exponitur
2464 3253 2755 3326 historia
2807 3254 3098 3344 originis
3149 3258 3229 3324 et

578 3385 990 3460 progressus
1042 3365 1493 3439 ecclesiarum
1556 3367 1632 3438 in
1695 3366 1836 3438 fide
1905 3367 2288 3455 catholica,
2345 3373 2416 3439 et
2481 3367 2774 3455 insuper
2841 3364 3228 3438 delineatio

579 3481 1096 3570 provinciarum
1149 3495 1231 3549 ac
1282 3477 1724 3565 dioeceseon,
1785 3480 1861 3550 in
1912 3495 2093 3567 quas
2142 3478 2489 3551 catholica
2542 3476 2718 3549 fides
2766 3477 3046 3548 invecta
3082 3479 3220 3545 est.

578 3587 730 3664 Hoc
780 3610 961 3682 opus
1011 3589 1549 3663 commendatur
1613 3591 1917 3662 maxime
1978 3596 2266 3682 propter
2334 3590 2699 3677 notioneS,
2757 3605 2942 3679 quae
3013 3585 3227 3676 vulgo

581 3704 966 3778 statistiche
1017 3710 1383 3792 vocantur,
1460 3721 1546 3775 ex
1611 3704 2056 3776 documentis
2121 3705 2312 3775 omni
2363 3705 2779 3794 exceptione
2843 3697 3234 3772 maioribus

580 3820 867 3910 petitaS‚
926 3818 1193 3907 quippe
1245 3834 1429 3905 quae
1482 3818 1753 3889 auctori
1807 3815 2304 3907 suppeditatae
2354 3823 2522 3889 sunt
2576 3815 2666 3888 ab
2718 3816 2892 3907 ipsis
2939 3809 3233 3904 Episco-

582 3932 720 4022 pis3
778 3927 1041 4019 quibus
1090 3935 1457 4021 praeterea
1512 3945 1596 4000 ex
1650 3929 1842 3999 omni
1895 3927 2038 4000 fere
2091 3935 2294 4018 parte
2337 3926 2656 4017 tabulae,
2699 3945 2884 4017 quae
2921 3923 3232 3997 audiunt

582 4040 1094 4120 dimostrative‚
1148 4044 1218 4110 et
1271 4040 1343 4110 in
1395 4039 1623 4109 lucem
1678 4038 2014 4126 eduntur,
2073 4038 2432 4111 exhibitae
2485 4037 2799 4127 fuerunt,
2857 4043 3073 4126 atque
3112 4053 3237 4108 eo-

582 4171 736 4223 rum
790 4152 1252 4245 recognitioni
1303 4149 1693 4239 subiectae,
1752 4152 2352 4241 quemadmodum
2405 4153 2554 4243 ipse
2605 4152 2679 4222 in
2731 4150 2964 4240 operis
3023 4148 3234 4220 initio

583 4270 910 4337 testatur.
970 4262 1172 4336 Anno
1214 4263 1423 4335 1859.
1468 4261 1659 4334 edita
1711 4270 1818 4335 est
1872 4263 2085 4334 etiam
2138 4263 2445 4336 secunda
2472 4282 2682 4355 pars,
2716 4263 2790 4333 in
2828 4278 2970 4350 qua
3006 4259 3236 4333 eccle-

585 4376 867 4448 siastica
917 4372 1243 4468 Europae
1294 4375 1512 4447 totius
1565 4374 1988 4466 geographia
2026 4375 2221 4447 iuxta
2257 4377 2600 4447 rationem
2641 4373 3072 4467 propositam
3109 4370 3240 4444 de-

582 4487 942 4560 scribitur.
1001 4484 1249 4579 Operis
1297 4486 1590 4559 buiusce
1647 4487 2101 4578 magnificum
2156 4485 2517 4576 exemplar
2568 4485 2659 4558 ab
2696 4492 2982 4557 auctore
3019 4481 3240 4557 SSmo

584 4598 668 4672 D.
711 4597 797 4672 N.
842 4620 1134 4674 munere
1186 4602 1581 4690 dimissum,
1638 4602 1889 4674 eadem
1952 4599 2308 4673 Sanctitas
2369 4597 2512 4672 Sua
2581 4598 2653 4673 S.
2695 4597 3242 4692 Congregationi

584 4715 994 4807 particulari
1053 4713 1341 4787 Conciiii
1398 4716 1583 4787 dono
1636 4715 1995 4787 remittere
2047 4715 2340 4806 dignata
2409 4719 2542 4787 est.
