3497 5235
564 291 693 354 472
890 364 897 371 ὁ
1327 294 1693 354 hott-aetionis
1733 294 1788 352 8.
1816 295 1998 369 Oonssr.
2026 295 2173 354 σοι..
2211 291 2481 368 apo-tum

569 453 608 496 ι
650 427 1266 515 meditationibus»,
1306 429 1517 520 vulgo
1551 427 2044 520 spiritualibus
2081 427 2458 514 exercitiis,
2497 432 2753 499 vacent
2789 442 2917 516 per
2950 423 3237 513 aliquot

570 563 609 606 ι
647 540 801 613 dies
852 540 927 612 in
984 540 1225 629 aliqua
1276 539 1486 612 domo
1538 534 1917 632 religiosa?
1956 565 1995 608 ι

716 764 885 834 388.
928 758 1276 844 Quoniam
1327 780 1414 833 ex
1468 762 1782 853 Apostoli
1853 765 2126 838 monitu
2178 765 2446 836 nemini
2505 766 2643 839 cito
2702 783 2957 837 manus
3009 764 3234 855 impo-

567 874 839 946 nendae
890 879 1087 954 sunt,
1123 870 1392 945 Beued.
1436 870 1639 945 XIII.
1685 876 1758 946 in
1794 895 1924 947 sua
1961 872 2438 948 Instructione
2475 879 2723 949 merito
2767 876 2840 947 S.
2882 873 3228 965 congreg.

569 985 662 1057 ab
714 981 1083 1076 Episcopis
1132 984 1410 1057 edoceri
1464 986 1928 1076 praescribit,
1983 1006 2121 1074 an,
2182 1005 2368 1076 quae
2439 1004 2564 1078 per
2614 1005 2852 1059 sacros
2920 1003 3237 1058 canones

567 1098 843 1169 sancita
895 1103 1092 1182 sunt,
1133 1096 1707 1187 praemittantur,
1750 1098 2158 1187 antequam
2195 1099 2454 1189 aliquis
2505 1098 2613 1171 vel
2688 1098 2780 1171 ad
2830 1105 3229 1184 tonsuram,

568 1206 682 1278 vel
732 1207 1039 1278 minores
1092 1209 1537 1296 maioresque
1607 1204 1912 1282 Ordines
1980 1211 2426 1285 admittatur.
2486 1208 2807 1284 Iamvero
2876 1228 3236 1283 nonnemo

567 1319 787 1407 videt,
831 1320 902 1391 in
954 1319 1091 1391 bac
1144 1321 1566 1408 quaestione
1619 1329 2017 1413 respectum
2070 1322 2321 1395 baberi
2372 1324 2463 1395 ad
2515 1324 3055 1414 inquisitionem
3109 1340 3240 1395 seu

568 1448 894 1518 examen,
936 1429 1130 1520 quod
1182 1431 1481 1521 quilibet
1534 1429 1929 1524 Episcopus
1992 1433 2082 1507 de
2134 1434 2693 1508 ordinandorum
2762 1434 3240 1526 qualitatibus

568 1543 1026 1635 praemittere
1078 1548 1406 1631 tenetur,
1464 1551 1543 1617 ut
1597 1553 1833 1616 certus
1883 1563 2039 1617 esse
2092 1547 2361 1636 possit,
2412 1547 2604 1635 quod
2656 1549 2753 1635 is,
2811 1564 3029 1637 quem
3083 1547 3238 1638 ipse

568 1657 1026 1729 ordinaturus
1061 1663 1194 1743 est,
1230 1674 1466 1746 neque
1503 1657 1868 1748 indignus,
1903 1675 2136 1748 neque
2164 1659 2450 1752 ineptus
2485 1659 2576 1731 ad
2614 1655 2982 1744 Ordinem,
3015 1674 3234 1746 quem

569 1776 886 1861 exoptat,
926 1757 1455 1862 suscipiendum
1511 1771 1931 1861 reperiatur.
1970 1766 2164 1852 Quae
2203 1788 2365 1843 vero
2399 1771 2544 1843 sint
2595 1768 3004 1842 huiusmodi
3056 1786 3240 1859 qua·
3343 1843 3349 1847 ,

567 1882 834 1970 litateS,
876 1897 1205 1971 quaeque
1238 1880 1385 1951 sint
1420 1882 1938 1954 controversiae
1976 1882 2261 1954 easdem
2299 1882 2785 1976 respicientes,
2827 1882 3044 1952 nimis
3081 1881 3240 1952 Ion-

574 2014 742 2087 gum
792 2001 1037 2066 contra
1089 1993 1399 2066 instituti
1453 1993 1675 2067 nostri
1728 1996 2077 2065 rationem
2130 1993 2309 2067 foret
2359 1995 2670 2083 edicere,
2728 1993 2856 2067 sed
2910 2001 2987 2066 et
3039 1994 3240 2066 insu-

573 2125 699 2199 per
752 2105 1004 2177 inutile
1069 2104 1186 2175 bic
1249 2106 1587 2195 persequi
1658 2105 2135 2194 arbitramur;
2198 2106 2778 2198 quandoquidem
2849 2107 3117 2196 cuique
3167 2107 3243 2179 in

575 2224 909 2311 promptu
960 2222 1131 2288 sunt
1181 2217 1590 2289 sanctiones
1642 2218 1716 2288 in
1768 2219 1920 2288 iure
1972 2219 2315 2291 canonico
2384 2217 2477 2290 ad
2534 2219 2705 2310 Cap.
2761 2218 2844 2290 de
2893 2225 3133 2291 aetate
3177 2224 3245 2292 et

568 2330 823 2421 qualit.
864 2328 1018 2400 ord.
1052 2327 1288 2419 praef.
1332 2328 1453 2399 lib.
1496 2329 1553 2399 Ι.
1596 2329 1709 2402 tit.
1755 2329 1883 2402 XI.
1946 2335 2018 2402 et
2069 2329 2160 2401 ab
2216 2329 2726 2421 interpretibus
2759 2329 3242 2427 ⁴abundanter
3323 2320 3336 2331 Τ

573 2445 963 2535 expositae,
1004 2443 1300 2515 adiectis
1352 2443 1465 2530 iis,
1521 2460 1709 2531 quae
1762 2463 1802 2514 a
1855 2441 2066 2515 Conc.
2109 2439 2299 2515 Trid.
2357 2449 2431 2517 et
2481 2462 2523 2514 a
2574 2440 2803 2515 Sacris
2838 2440 3247 2535 Congrega-

573 2554 891 2629 tionibus
944 2553 1171 2627 almae
1225 2550 1436 2627 Urbis
1487 2557 1760 2628 sancita
1814 2555 2323 2647 declarataque
2375 2561 2570 2627 sunt.
2610 2550 2919 2627 Pronum
2975 2561 3088 2629 est
3138 2556 3246 2628 in-

572 2686 786 2758 super
836 2664 1206 2760 Episcopis
1257 2686 1341 2740 ea
1394 2668 1764 2740 consulere
1816 2675 1885 2740 et
1936 2670 2170 2759 sequi,
2212 2686 2396 2757 quae
2448 2665 2719 2739 Bened.
2776 2663 2991 2738 XIII.
3031 2685 3242 2758 prae·

572 2780 854 2870 scripsit
904 2779 978 2851 in
1033 2777 1241 2852 Conc.
1285 2776 1496 2851 Rom.
1540 2780 1712 2851 anni
1770 2780 1984 2852 1725.
2036 2780 2171 2852 Tit.
2219 2780 2339 2853 IV.
2381 2796 2659 2851 necnon
2695 2779 2769 2848 in
2812 2775 3119 2851 Constit.
3161 2781 3242 2851 In

572 2914 890 2986 supremo
941 2889 1028 2991 (a
1075 2891 1150 2989 ξ.
1194 2892 1264 2966 4.
1322 2893 1417 2966 ad
1468 2889 1619 2988 7.),
1672 2912 1890 2983 quam
1943 2889 2191 2965 Innoc.
2245 2887 2449 2962 XIII.
2505 2889 2799 2962 Constit.
2857 2891 3245 2982 Apostolici

570 3007 952 3079 ministerii
989 3005 1460 3093 confirmavit,
1490 3012 1561 3078 et
1597 3003 1934 3076 omnibus
1961 3000 2330 3095 Episcopis
2368 3004 2469 3074 uti
2507 3019 2828 3075 normam
2866 3020 2997 3094 pro
3037 3009 3246 3075 tuen-

572 3119 665 3192 da
718 3115 1078 3191 Ecclesiae
1144 3117 1520 3207 disciplina
1592 3117 1800 3187 enixe
1853 3115 2401 3187 commendavit.
2469 3110 2553 3186 Id
2614 3131 2779 3186 vero
2844 3131 2927 3186 eo
2983 3116 3232 3206 magis,

574 3228 768 3319 quod
821 3230 973 3320 ipse
1023 3226 1349 3301 Pontifex
1419 3228 1495 3297 in
1561 3227 1696 3299 boc
1745 3233 1818 3298 et
1886 3224 2352 3316 sequentibus
2405 3223 2912 3298 Benedictinae
2980 3227 3241 3298 instru-

575 3342 830 3414 ctionis
883 3341 1240 3432 capitibus
1278 3338 1371 3411 ad
1421 3358 1579 3412 eam
1616 3337 1932 3411 alludere
1978 3336 2354 3409 manifesto
2390 3336 2771 3429 colligitur.
2814 3333 3017 3409 Haec
3065 3333 3238 3408 Cou-

577 3453 853 3525 stitutio
905 3452 1163 3543 legitur
1214 3452 1287 3523 in
1339 3452 1701 3524 volumine
1756 3446 1893 3521 111.
1953 3449 2088 3521 sub
2143 3468 2342 3520 num.
2385 3450 2507 3521 31.

722 3565 891 3636 389.
933 3562 1085 3636 Duo
1139 3565 1375 3654 capita
1426 3561 1844 3654 singulatim
1912 3560 2334 3651 exponenda
2386 3566 2813 3647 sumuntur,
2872 3578 3099 3632 unum
3143 3558 3230 3632 de

578 3676 787 3750 titulo
836 3694 1080 3749 sacrae
1133 3674 1627 3759 ordinationis,
1669 3674 1974 3745 alterum
2026 3673 2117 3746 de
2168 3674 2388 3744 sacris
2439 3672 2818 3744 exercitiis,

1250 3898 1389 3952 Art.
1425 3898 1475 3951 1.
1513 3896 1608 3951 De
1642 3896 1830 3951 titulo
1868 3910 2095 3951 sacrae
2133 3894 2575 3949 ordinationis.

715 4071 1135 4135 Suntnmuu.
1189 4068 1338 4132 390.
1393 4062 1739 4131 Necessitas
1791 4062 1954 4131 tituli
2001 4084 2052 4127 s.
2100 4061 2602 4129 ordinationibus
2648 4083 2681 4128 a
2726 4061 2903 4129 Trid.
2956 4062 3220 4128 Patribus

583 4172 996 4257 praestituta,
1047 4168 1123 4234 ab
1171 4172 1386 4234 innoc.
1426 4169 1530 4232 Xl.
1586 4167 1835 4232 enixius
1883 4164 2193 4231 Inculcata
2244 4176 2360 4231 est.
2398 4202 2442 4214 -
2488 4167 2639 4230 391.
2695 4168 2901 4231 Verus
2950 4177 3016 4232 et
3061 4182 3219 4250 prae·

582 4276 809 4360 cipuus
857 4270 1271 4339 ordinationis
1320 4270 1541 4336 titulus
1586 4281 1683 4334 est
1729 4268 1915 4333 unice
1965 4266 2378 4332 beneficium.
2428 4268 2651 4333 Pensio
2697 4278 2908 4332 autem
2947 4279 3014 4332 et
3047 4262 3218 4353 patri·

583 4376 869 4442 monium
919 4394 1046 4442 non
1093 4375 1475 4451 admittitur,
1527 4371 1641 4438 nisi
1692 4389 1772 4436 ex
1821 4369 2316 4456 dispensatione.
2363 4371 2533 4447 Quae
2567 4368 2955 4455 dispensatio
2989 4389 3110 4434 non
3138 4374 3216 4433 est

583 4479 991 4545 concedenda
1040 4479 1155 4545 nisi
1208 4477 1288 4543 ob
1335 4476 1771 4542 necessitatem
1819 4483 1884 4538 et
1936 4473 2271 4539 utilitatem
2321 4472 2660 4538 Ecclesiae.
2690 4507 2735 4523 -
2765 4474 2924 4537 392.
2975 4475 3040 4538 ln
3086 4487 3215 4556 qua-

584 4579 743 4645 libet
789 4580 1063 4647 dioecesi
1116 4591 1316 4646 exstat
1363 4580 1730 4666 praestituta
1783 4585 1917 4640 taxa
1948 4621 1966 4656 ,
2017 4593 2180 4661 quae
2228 4592 2548 4662 congruae
2592 4575 2936 4641 sacerdotis
2984 4569 3211 4641 tuitioni

583 4679 873 4746 sufficiat.
910 4717 953 4730 -
983 4684 1134 4747 393.
1186 4683 1249 4749 Si
1285 4681 1427 4766 quis
1458 4667 1791 4747 ordinatur
1825 4678 2011 4748 titulo
2045 4676 2362 4756 beneficii,
2399 4675 2573 4764 quod
2605 4676 2994 4764 praedictam
3028 4686 3206 4746 taxam
