3497 5235
555 257 676 323 2¹16
1315 259 1686 320 latix-notioni·
1724 260 1780 318 Β.
1802 260 1991 337 Oongr.
2018 261 2168 320 (lonc.
2205 259 2479 335 expo-itio.

560 388 648 463 In
701 392 1128 465 Acen-arum
1179 394 1521 484 23.-Aug.
1568 393 1784 464 1727.
1841 390 2019 463 dub.
2079 392 2150 462 5.
2210 388 2607 482 Episcopus
2657 391 2964 480 poenam
3015 386 3223 462 duca-

558 510 792 575 torum
852 505 940 574 14
994 511 1238 577 contra
1294 505 1708 592 canonicos,
1768 505 1891 593 qui
1945 501 2454 575 collationibus
2503 519 2794 574 casuum
2860 501 3224 573 moralium

558 622 632 687 et
681 634 1039 687 sacrorum
1095 616 1358 686 rituum
1396 634 1538 687 non
1579 616 2052 704 interessent;
2110 620 2186 686 at
2237 616 2311 685 S.
2351 612 2606 704 Congr.
2648 631 2950 706 poenam
3002 614 3221 703 ipsam

561 728 653 801 ad
706 746 928 799 unum
983 728 1325 800 ducatum
1377 744 1505 818 pro
1551 726 1877 817 qualibet
1929 728 2080 799 vice
2134 726 2375 797 reduci
2431 725 2658 796 iussit.

704 841 873 911 210.
913 836 1107 910 Circa
1149 839 1571 910 muletarum
1610 839 2161 910 destinationem
2189 843 2262 909 et
2291 855 2498 907 usum
2535 831 2942 926 S.C.Cong.
2976 830 3222 928 (penes

555 947 826 1023 Bened.
861 947 1052 1021 XIV.
1095 951 1227 1022 loc.
1261 952 1382 1023 cit.
1426 970 1582 1040 cap.
1619 950 1738 1023 40.
1782 970 1857 1020 n.
1894 947 2031 1046 1.).
2072 947 2393 1040 Fagnani
2449 948 2741 1038 vestigia
2795 954 3038 1019 secuta
3090 947 3223 1018 tria

555 1061 737 1134 baec
786 1063 1225 1151 declaravit,
1295 1062 1624 1134 videlicet
1676 1062 1932 1151 primo,
1993 1059 2295 1132 mulctas
2355 1079 2396 1130 a
2451 1055 2864 1132 Tridentino
2916 1059 3224 1130 inflictas

558 1173 830 1247 clericis
881 1193 1026 1245 non
1078 1172 1559 1245 residentibus
1610 1180 1736 1244 aut
1789 1171 2315 1244 concubinariis
2368 1188 2650 1261 semper
2694 1171 2865 1242 locis
2902 1170 3035 1260 piis
3071 1188 3221 1243 esse

558 1286 1078 1378 applicandas;
1144 1286 1510 1374 secundO,
1580 1285 1886 1356 mulctas
1939 1284 2585 1371 indeterminatas,
2655 1299 2842 1372 quae
2893 1279 3221 1374 Episcopi

556 1396 849 1470 arbitrio
901 1397 1410 1486 decernuntur,
1468 1396 1795 1467 similiter
1848 1414 1990 1467 non
2045 1413 2249 1486 posse
2313 1395 2448 1466 nisi
2513 1395 2585 1466 in
2636 1412 2850 1485 opera
2904 1394 3021 1483 pia
3073 1412 3227 1467 ero-

557 1508 751 1600 gari;
809 1509 1045 1597 tertio,
1102 1525 1400 1599 poenaS,
1459 1526 1641 1597 quas
1692 1513 1887 1578 certa
1944 1524 2275 1578 mensura
2313 1506 2696 1597 designant
2736 1523 3072 1594 canones,
3116 1508 3228 1579 vel

553 1621 938 1711 synodicae
987 1621 1559 1708 constitutioneS,
1617 1619 1889 1692 servari
1939 1637 2147 1710 posse
2198 1619 2514 1710 integras
2564 1619 2802 1711 egenti
2838 1615 3215 1710 Episcopo,

557 1733 617 1804 si
668 1751 830 1804 rere
882 1740 1116 1823 egeat.

699 1845 871 1915 211.
927 1841 1290 1934 Quidquid
1330 1862 1489 1916 vero
1532 1843 1626 1916 sit
1663 1842 1752 1915 de
1790 1848 2105 1933 tempore
2141 1841 2572 1930 antiquiore,
2614 1859 2758 1930 quo
2795 1841 2993 1912 iuxta
3031 1858 3226 1912 men-

549 1964 693 2031 tem
750 1954 823 2026 S.
866 1954 1119 2047 Congr.
1179 1955 1693 2028 autumabatur
1743 1951 2175 2044 Episcopum
2230 1958 2556 2043 egentem
2609 1953 2765 2023 sine
2818 1953 2964 2023 ulla
3017 1953 3221 2024 venia

551 2066 858 2138 mulctas
912 2068 1085 2139 istas
1135 2066 1273 2137 sibi
1329 2068 1632 2138 retinere
1687 2083 1921 2158 posse,
1980 2065 2174 2135 baud
2214 2065 2312 2136 ita
2366 2064 2639 2155 pridem
2697 2063 3043 2151 obtinuit,
3105 2069 3218 2152 ut,

551 2180 833 2269 quoties
886 2176 1280 2270 Episcopus
1330 2179 1466 2250 sibi
1520 2179 1928 2252 huiusmodi
1994 2178 2495 2251 mulctatitiam
2565 2180 2945 2269 pecuniam
2999 2179 3227 2269 appli-

551 2290 696 2362 cari
764 2292 1059 2381 cupiat,
1134 2293 1207 2363 S.
1265 2288 1340 2361 C.
1406 2293 1695 2362 omnino
1769 2291 2028 2379 adeat,
2101 2308 2286 2380 quae
2355 2284 2625 2381 (prout
2694 2292 2766 2361 in
2834 2290 3220 2362 Novar-ten.

556 2401 671 2470 11.
715 2398 878 2473 Maii
938 2398 1205 2495 1658.)
1260 2424 1296 2466 ι
1330 2420 1455 2493 pro
1508 2402 1919 2474 diversitate
1965 2404 2663 2475 circumstantiarum
2718 2408 2791 2474 et
2842 2399 3223 2494 Episcopo-

552 2534 594 2581 ›
635 2530 829 2599 rum,
886 2520 1097 2603 prout
1166 2514 1340 2603 ipsis
1406 2520 1480 2586 et
1547 2531 1791 2585 eorum
1863 2516 2255 2605 integritati
2309 2534 2391 2586 ac
2443 2514 2746 2587 bonitati
2806 2516 3032 2606 magis
3100 2520 3221 2587 aut

553 2647 595 2694 ›
635 2623 872 2695 minus
923 2625 1106 2712 fidit,
1146 2627 1404 2697 similia
1461 2627 1737 2697 indulta
1778 2627 2185 2717 applicandi
2242 2646 2509 2720 poenas
2555 2629 3007 2719 pecuniarias
3057 2647 3224 2700 con-

551 2758 593 2805 ›
630 2736 869 2806 cessit.
904 2759 942 2804 ι»
998 2733 1195 2818 Quae
1248 2744 1490 2809 tamen
1563 2739 1840 2810 indulta
1898 2758 2267 2828 uunquam
2342 2740 2415 2810 in
2485 2748 2911 2831 perpetuum
2965 2741 3223 2833 imper-

547 2848 830 2921 tiuntur
878 2846 1104 2944 (teste
1141 2852 1388 2924 eodem
1424 2850 1696 2924 Bened.
1738 2849 1931 2923 XIV.
1974 2852 2105 2925 loc.
2149 2854 2272 2926 cit.
2329 2872 2527 2926 num.
2566 2851 2710 2950 2.)‚
2767 2854 2894 2925 sed
2940 2861 3217 2926 tantum

548 2961 640 3034 ad
692 2967 999 3055 tempus.

696 3077 866 3148 212.
925 3073 1190 3151 Iurerit
1225 3076 1344 3148 hic
1382 3077 1454 3148 in
1492 3077 2106 3150 confirmationem
2159 3095 2407 3149 earum
2460 3094 2723 3165 rerum,
2780 3093 2968 3166 quae
3014 3074 3216 3147 modo

547 3189 912 3279 expositae
964 3195 1160 3276 sunt,
1202 3188 1462 3261 referre
1515 3190 1587 3261 S.
1630 3186 1704 3259 C.
1747 3189 2112 3262 decretum
2164 3189 2303 3261 diei
2363 3190 2478 3261 15.
2521 3185 2680 3259 Ian.
2730 3189 2943 3260 1656.
2997 3190 3219 3260 adno-

546 3308 779 3375 tatum
817 3298 945 3370 lib.
985 3300 1100 3371 19.
1135 3301 1400 3372 decret.
1438 3320 1600 3392 pag.
1627 3302 1796 3373 5:34.
1842 3301 1932 3372 ad
1972 3297 2400 3392 Episcopum
2438 3301 2986 3391 anglonensem,
3028 3300 3216 3391 quod

545 3430 631 3484 ex
685 3409 955 3482 Bened.
989 3408 1181 3481 xlv.
1225 3413 1354 3484 loc.
1389 3414 1508 3484 cit.
1552 3413 2048 3484 exscribimus
2111 3436 2149 3478 (ι
2182 3411 2442 3484 SSmus
2479 3409 2563 3482 D.
2602 3408 2724 3500 N.‚
2776 3413 3023 3483 audita
3060 3428 3221 3483 sen·

548 3524 851 3594 »tentia
904 3523 977 3595 S.
1019 3521 1095 3594 C.
1135 3521 1390 3613 Conc.,
1448 3524 1631 3595 reris
1681 3524 2160 3597 existentibus
2215 3524 2554 3612 narratiS,
2615 3524 2684 3594 in
2742 3522 3009 3612 quibus
3065 3541 3215 3614 gra-

546 3659 586 3702 »
625 3641 833 3706 vatur
882 3636 1316 3708 conscientia
1370 3637 1593 3727 ipsius
1630 3638 1957 3725 oratoris,
2012 3636 2325 3727 benigne
2378 3636 2663 3720 annuit,
2720 3642 2801 3707 ut
2838 3651 2968 3725 per
3006 3636 3216 3707 trien·

547 3769 587 3812 v
627 3748 822 3818 nium
879 3749 1242 3839 percipere
1294 3749 1517 3837 possit
1571 3765 1840 3836 poenas
1890 3756 1962 3821 et
2015 3749 2318 3819 mulctas
2369 3747 2848 3839 pecuniariam,
2900 3764 3086 3835 quae·
3136 3744 3208 3815 in

546 3882 586 3925 v
624 3859 845 3931 sacris
880 3857 1276 3930 canonibus
1324 3876 1451 3928 seu
1490 3860 1784 3930 statutis
1833 3859 2301 3949 synodalibus
2341 3877 2465 3950 pro
2502 3859 2781 3930 delictis
2825 3858 2916 3928 ad
2953 3864 3209 3929 certam

544 3994 584 4037 ιι
622 3989 976 4041 summam
1031 3968 1318 4041 fuerunt
1371 3969 1796 4060 praefinitae
1829 4022 1849 4058 ,
1917 3989 2060 4042 non
2114 3978 2354 4042 autem
2411 3988 2677 4061 poenas
2732 3976 2804 4041 et
2856 3969 3201 4053 mulcta3‚

542 4105 582 4148 v
622 4099 808 4171 quae
861 4082 972 4153 vel
1025 4081 1116 4152 ab
1172 4082 1325 4152 eius
1379 4082 1673 4154 arbitrio
1730 4082 2097 4171 pendent,
2166 4081 2276 4154 vel
2334 4100 2458 4172 per
2509 4083 2960 4169 sententias,
3017 4077 3207 4150 nulla

540 4214 578 4260 ι»
617 4192 1095 4282 praecedente
1162 4212 1517 4265 canonum
1590 4193 1698 4264 rel
1756 4200 2186 4265 statutorum
2254 4193 2707 4284 synodalium
2780 4192 3219 4265 determina-f

544 4324 582 4369 s
621 4305 839 4389 tione,
883 4306 1377 4394 imponuntur,
1419 4323 1553 4377 nec
1604 4323 1875 4394 poenas
1925 4305 2339 4377 clericorum
2396 4324 2534 4375 non
2585 4303 3046 4376 residentium
3095 4297 3206 4370 vel

544 4437 584 4480 v
622 4415 1316 4505 concubinariorum,
1368 4435 1553 4506 quae
1607 4417 1744 4507 piis
1799 4416 1970 4489 locis
2023 4417 2311 4488 omnino
2363 4416 2844 4506 applicentur.
2881 4439 2921 4481 »

687 4527 858 4596 213.
914 4524 1116 4609 Quod
1145 4529 1202 4598 si
1232 4534 1580 4599 statutum
1621 4528 1966 4619 synodale
2005 4547 2303 4619 poenam
2345 4528 2832 4618 pecuniariam
2870 4526 3005 4620 piis
3042 4521 3205 4595 locis

543 4635 1047 4727 applicandam
1102 4656 1259 4712 esse
1308 4640 1715 4728 sanciverit,
1776 4649 1923 4713 tum
1988 4663 2027 4705 ι
2058 4643 2289 4713 sciant
2339 4637 2670 4733 Episcopi
2722 4634 2993 4733 (verba
3041 4635 3207 4708 sunt
