3497 5235
647 346 769 410 508
1403 352 1773 410 humationi·
1813 352 1865 410 8.
1894 352 2076 427 congr.
2106 351 2251 410 oono.
2288 350 2563 424 exponitis.

643 504 786 576 seq.
826 491 889 557 et
926 506 1081 578 cap.
1125 485 1245 558 76.
1294 505 1422 577 per
1456 494 1583 560 tot.
1621 513 1657 554 ι
1726 485 1946 561 Usum
2000 487 2194 558 hunc
2242 485 2554 557 retinent
2605 481 2840 554 adbuc
2890 479 3087 551 bisce
3133 482 3293 550 tem-

645 595 944 686 poribus
997 616 1139 669 non
1196 616 1465 688 paucae
1518 599 1876 672 dioeceses
1931 598 2115 670 ultra
2168 603 2488 669 montes:
2545 595 2778 666 solent
2830 594 3017 664 enim
3057 589 3288 677 semel,

643 706 756 779 vel
806 706 944 795 bis,
1003 715 1221 798 atque
1273 711 1485 781 etiam
1543 712 1812 800 pluries
1862 711 1936 782 in
1991 727 2180 781 anno
2233 705 2640 779 huiusmodi
2693 710 3088 777 conventus
3130 702 3294 774 cele-

643 815 880 905 brare,
924 820 995 889 in
1029 819 1294 908 quibus
1347 820 1435 892 de
1473 821 1855 912 theologia,
1913 821 2001 893 de
2038 818 2432 910 Scriptura,
2491 819 2579 892 de
2623 818 2843 889 sacris
2879 813 3288 900 canonibuS,

646 929 948 1019 aliisque
1009 950 1370 1003 sacrarum
1440 933 1898 1004 scientiarum
1969 931 2293 1023 partibus
2364 929 2644 1021 publice
2712 930 3150 1019 disputatur.
3218 921 3294 996 Id

641 1041 835 1111 enim
889 1044 1154 1134 passim
1208 1043 1563 1135 colligitur
1614 1062 1699 1117 ex
1736 1043 2207 1116 relationibus
2258 1039 2768 1134 Episcoporum
2818 1041 2909 1112 de
2960 1045 3160 1112 statu
3192 1055 3297 1109 ea·

644 1152 965 1224 rumdem
1021 1154 1465 1226 dioeceseon.

791 1262 959 1334 458.
1022 1261 1175 1336 ‹In
1228 1261 1436 1338 Italia
1493 1267 1834 1340 inusitata
1888 1274 1960 1341 et
2011 1267 2156 1339 fere
2208 1265 2533 1337 inaudita
2603 1269 2810 1337 erant
2876 1260 3144 1333 similia
3194 1278 3297 1331 ca·-

649 1399 686 1441 ›
729 1374 953 1464 pitula
1000 1376 1467 1466 parochorum
1508 1397 1593 1449 ex
1631 1380 1932 1467 ratione,
1975 1396 2188 1469 quam
2228 1376 2520 1449 adducit
2572 1376 2761 1446 idem
2797 1371 3297 1444 Thomassinus

646 1512 683 1554 ›
724 1486 912 1558 dicto
965 1507 1122 1578 cap.
1166 1487 1285 1560 76.
1330 1509 1523 1561 num.
1565 1488 1678 1572 3.,
1733 1491 1900 1579 quia
1955 1507 2212 1580 nempe
2266 1506 2511 1559 omnes
2545 1484 2799 1559 Italiae
2834 1481 3298 1575 Episcopatus

646 1621 684 1665 >
726 1605 870 1669 tam
925 1601 1249 1689 angustis
1300 1600 1648 1673 limitibus
1700 1601 2252 1691 concluduntur,
2308 1607 2387 1671 ut
2438 1616 2723 1670 necesse
2763 1614 2905 1668 non
2943 1594 3161 1666 fuerit
3189 1610 3298 1665 eos

646 1732 686 1773 »
727 1709 797 1779 in
853 1709 1093 1800 plures
1143 1710 1539 1784 decanatus
1571 1764 1589 1797 ,
1665 1731 1790 1785 seu
1845 1712 2464 1784 archidiaconatus
2516 1708 2780 1783 dividi:
2855 1707 3301 1797 episcopatus

649 1844 686 1886 ›
727 1838 890 1891 vero
928 1820 1205 1892 illarum
1249 1824 1555 1911 partium
1596 1824 1782 1895 ultra
1823 1830 2096 1895 montes
2147 1823 2352 1913 longe
2390 1822 2674 1911 lateque
2724 1816 3292 1910 porrigebantur,

646 1952 683 1997 ›
723 1936 805 2002 ut
853 1948 974 2002 eos
1011 1933 1084 2003 in
1121 1932 1362 2022 plures
1395 1933 1788 2007 decanatus
1843 1935 2062 2007 dividi
2102 1952 2241 2006 non
2294 1934 2523 2006 solum
2566 1938 3052 2024 opportunum
3090 1933 3296 2016 esset,

646 2041 851 2115 »sed
904 2062 1120 2134 prope
1177 2046 1682 2117 necessarium.

787 2154 956 2225 459.
1019 2181 1056 2223 ›
1092 2153 1307 2227 Divus
1355 2155 1644 2228 Carolus
1693 2155 2160 2230 Borromaeus
2212 2159 2483 2248 primus
2534 2158 2609 2228 in
2662 2151 2876 2227 Italia
2927 2152 3118 2241 fuit,
3184 2152 3301 2242 qui

646 2289 682 2331 »
725 2267 1137 2358 praecepit,
1209 2274 1289 2339 ut
1340 2268 1601 2359 singuli
1655 2266 1984 2360 Episcopi
2039 2288 2206 2341 suas
2258 2271 2615 2343 dioeceses
2668 2268 2741 2337 in
2796 2266 3031 2335 varias
3088 2264 3302 2354 parti·

641 2402 679 2442 ι»
720 2383 965 2448 rentur
1017 2380 1516 2469 regiunculaS,
1591 2389 1661 2452 et
1718 2382 2104 2470 unicuique
2171 2400 2413 2454 eorum
2486 2379 3066 2452 archidiaconum
3101 2429 3120 2463 ‚
3197 2374 3307 2447 vel

643 2510 683 2554 ιι
725 2488 1459 2579 archipresbyterum,
1536 2510 1659 2563 seu
1716 2493 2198 2582 praepositum
2253 2492 2559 2564 ruralem
2612 2489 2745 2562 sub
2799 2489 3151 2578 qualitate
3205 2487 3306 2557 vi-

641 2622 681 2666 »
721 2599 886 2670 carii
928 2599 1194 2672 foranei
1236 2605 1728 2694 praeficerent.
1773 2605 1925 2677 istis
1965 2606 2428 2697 iniungendO,
2473 2614 2549 2679 ut
2597 2603 2897 2695 singulis
2935 2601 3304 2675 mensibus

642 2734 679 2777 ν
720 2729 964 2783 omnes
1019 2715 1360 2803 parochos
1412 2718 1519 2787 sui
1576 2718 1906 2788 territorii
1960 2726 2468 2809 congregarent
2529 2716 2620 2788 ad
2680 2715 3008 2787 effectum
3064 2713 3306 2787 confe-

640 2847 680 2889 ι
720 2825 919 2896 rendi
973 2826 1062 2897 de
1118 2828 1390 2899 ratione
1445 2846 1528 2899 ac
1567 2830 1774 2900 modo
1827 2829 2012 2901 bene
2065 2829 2353 2920 regendi
2408 2827 2805 2919 parochiaS,
2864 2826 2953 2898 de
2990 2825 3307 2897 difficul-

642 2937 990 3009 »tatibus
1042 2958 1168 3010 seu
1220 2941 1616 3030 scrupuli5‚
1675 2940 1764 3011 de
1819 2941 2104 3012 casibus
2153 2940 2657 3026 conscientiae,
2712 2939 2804 3010 de
2857 2937 3094 3009 causis
3155 2938 3304 3008 sive

641 3074 678 3114 »
719 3050 1005 3122 casibus
1057 3055 1461 3139 reservatis,
1520 3072 1603 3123 ac
1655 3054 1869 3124 etiam
1926 3054 2012 3125 de
2066 3051 2693 3125 constitutionibus
2747 3047 3195 3140 Synodorum
3233 3054 3305 3120 et

638 3186 676 3227 ›
715 3161 1211 3250 Conciliorum,
1271 3171 1349 3236 ut
1402 3164 1545 3235 late
1598 3162 1906 3236 habetur
1959 3165 2031 3234 in
2090 3163 2296 3236 Cone.
2341 3163 2398 3233 I.
2441 3161 2624 3234 Med.
2667 3179 2824 3252 cap.
2863 3160 2988 3233 29.
3034 3168 3107 3232 et
3159 3159 3302 3230 late

638 3299 676 3339 ι»
720 3275 1170 3363 prosequitur
1221 3271 1587 3345 Thomass.
1647 3294 1803 3366 cap.
1849 3275 1966 3347 76.
2011 3294 2204 3347 num.
2249 3274 2323 3348 3.

782 3384 948 3457 460.
994 3411 1030 3452 ›
1071 3383 1413 3479 Exemplo
1449 3384 1532 3456 D.
1566 3386 1790 3458 Caroli
1831 3385 2228 3460 Borromaei
2270 3389 2508 3480 plures
2546 3387 2802 3461 deinde
2839 3384 3096 3459 Italiae
3132 3385 3300 3479 Epi-

638 3519 675 3560 »
715 3496 908 3588 scopi
963 3496 1508 3571 introduxerunt
1563 3518 1689 3570 seu
1742 3499 2272 3572 demandarunt
2323 3502 2395 3571 in
2450 3519 2691 3572 eorum
2747 3500 3162 3572 civitatibus
3233 3509 3298 3572 et

636 3630 673 3671 2
713 3606 1159 3679 dioecesibus
1211 3612 1794 3701 congregationes
1847 3611 2313 3701 particulares
2382 3612 2685 3702 singulis
2756 3611 3126 3684 mensibus
3194 3611 3301 3682 vel

635 3744 673 3784 ν
714 3718 929 3789 semel
971 3721 1043 3790 in
1081 3719 1527 3792 hebdomada
1566 3722 1942 3794 habendas
1987 3740 2110 3813 per
2147 3722 2490 3812 parochos
2543 3730 2612 3794 et
2665 3741 2912 3795 omnes
2951 3723 3042 3795 de
3080 3723 3296 3808 clero,

634 3856 672 3896 ι»
716 3830 786 3900 in
827 3830 1089 3918 quibus
1124 3850 1483 3903 sacrorum
1531 3835 1793 3905 rituum
1833 3841 1903 3905 et
1939 3834 2416 3906 conscientiae
2465 3853 2676 3907 casus
2729 3843 3303 3926 proponerentur

638 3966 676 4011 >
719 3948 789 4012 et
842 3942 1395 4015 discuterentur.
1433 3971 1469 4011 ι»

778 4051 946 4124 461.
989 4050 1445 4128 Peculiariter
1480 4073 1643 4126 vero
1680 4054 1949 4127 Bened.
1997 4052 2199 4127 XIII.
2245 4059 2316 4129 in
2354 4055 2622 4134 Concil.
2663 4053 2872 4128 Rom.
2915 4077 3044 4129 an.
3076 4057 3297 4130 1725.

630 4164 745 4235 tit.
790 4163 907 4237 15.
967 4184 1124 4257 cap.
1168 4165 1238 4237 9.
1296 4166 1430 4238 hac
1482 4167 1571 4239 de
1625 4186 1698 4238 re
1752 4164 2261 4259 Episcoporum
2317 4166 2683 4240 Romanae
2746 4170 3162 4260 provinciae
3231 4170 3306 4240 in

629 4275 808 4348 baec
861 4276 1074 4348 verba
1127 4279 1444 4351 studium
1498 4280 1858 4351 excitavit:
1921 4302 1958 4344 «ι
1997 4277 2336 4361 Quocirca
2390 4298 2646 4370 operae
2683 4280 2992 4372 pretium
3028 4281 3306 4352 ducant

631 4410 669 4452 »
710 4384 1069 4478 Episcopi,
1128 4407 1553 4478 omnemque
1606 4408 1850 4462 curam
1904 4410 1986 4464 ac
2039 4391 2485 4482 diligentiam
2539 4390 2882 4464 adhibere
2929 4410 3075 4462 non
3112 4391 3313 4463 desi-

632 4523 670 4565 »
711 4506 933 4587 stant,
967 4519 1338 4596 quousque
1377 4505 1986 4594 congregationes,
2033 4513 2179 4577 tum
2219 4506 2291 4576 in
2329 4505 2765 4592 civitatibuS,
2799 4511 2953 4578 tum
2989 4507 3065 4577 in
3101 4504 3312 4577 dioe-

632 4633 670 4675 »
714 4609 998 4683 cesibus
1051 4631 1175 4702 per
1225 4632 1474 4687 omnes
1511 4615 1598 4686 de
1635 4611 1823 4687 cler'o
1858 4617 2076 4688 sacris
2112 4617 2455 4698 initiatos,
2497 4617 2903 4704 canonicoS‚
2947 4617 3310 4707 parochos

632 4741 670 4783 »
710 4726 780 4790 et
832 4721 1302 4795 confessarios
1356 4721 1758 4819 (regulares
1811 4728 2071 4815 etiam,
2130 4727 2513 4801 dummodo
2568 4727 2869 4800 morales
2924 4730 2998 4801 in
3052 4744 3308 4801 eorum
