3497 5235
571 291 689 354 350
1322 289 1690 347 Instructionis
1731 286 1785 344 Β.
1818 286 2000 361 (lougr.
2031 286 2178 345 Οοιιο.
2214 285 2492 360 expositio.

723 450 760 493 ›
800 421 1032 496 Locus
1084 420 1388 513 Capituli
1445 423 1624 494 solet
1675 441 1832 494 esse
1869 427 2104 492 certus
2142 440 2223 493 ac
2259 421 2798 492 determinatus.
2841 417 3227 511 Episcopus

575 564 612 606 ν
656 546 894 609 tamen
948 541 1181 625 potest
1232 532 1637 625 Capitulum
1688 535 1761 604 in
1818 534 1983 605 aula
2035 553 2165 604 sua
2203 551 2619 619 convocare,
2662 533 2796 603 uisi
2835 537 3231 604 controver-

575 676 613 716 >›
652 649 831 720 siam
861 666 1021 718 cum
1061 647 1211 737 ipso
1248 644 1571 735 Capitulo
1607 645 1901 717 habeat.
1936 643 2328 717 Formosin.
2371 645 2454 715 de
2497 652 2647 736 pot.
2690 664 2847 735 cap.
2890 644 3046 716 sede
3081 664 3225 716 vac.

576 787 614 827 ι»
655 766 866 833 tract.
901 757 979 856 3.
1023 779 1139 849 qu.
1185 758 1254 830 6.
1297 777 1373 828 η.
1420 756 1576 839 12.,
1630 776 1880 828 verum
1930 760 1988 828 si
2045 757 2261 846 alibi,
2319 757 2527 828 modo
2583 757 2655 827 in
2708 758 2858 828 loco
2910 757 3225 843 honeste,

578 899 616 939 ι»
658 870 1194 943 convocandum
1246 870 1337 941 sit
1388 869 1833 959 Capitulum,
1893 871 2143 959 nequit
2214 877 2418 941 actus
2467 870 2603 941 hoc
2656 870 2943 940 nomine
3011 870 3233 960 impu-

580 1010 617 1052 »
661 984 896 1074 gnari,
956 981 1145 1071 quod
1200 981 1601 1071 Capitulum
1672 999 1812 1051 non
1869 981 1960 1051 sit
2014 990 2483 1054 convocatum
2538 983 2611 1052 in
2665 981 2816 1052 loco
2870 985 3224 1051 consueto.

581 1121 618 1163 ν
658 1093 865 1165 Card.
922 1093 1013 1165 de
1068 1091 1258 1164 Luca
1313 1093 1395 1164 cle
1449 1092 1613 1185 Req.
1655 1095 1832 1165 disc.
1879 1092 1996 1164 15.
2040 1114 2115 1165 n.
2161 1094 2316 1175 12,
2370 1093 2646 1166 Passer.
2705 1095 2787 1165 de
2837 1093 3031 1165 elect.
3075 1112 3225 1164 can.

581 1232 618 1274 ν
658 1226 815 1296 cap.
864 1206 980 1278 12.
1016 1226 1088 1276 η.
1137 1205 1253 1277 12.
1296 1211 1360 1275 et
1413 1224 1552 1295 seq.

727 1320 890 1389 156.
952 1344 990 1384 »
1029 1311 1328 1387 Demum
1384 1323 1702 1406 tempore
1756 1323 2097 1389 consueto
2148 1318 2518 1388 convocari
2557 1317 2772 1389 debet
2807 1315 3227 1407 Capitulum,

579 1455 617 1499 ›
658 1449 802 1501 non
855 1449 937 1500 eo
991 1436 1231 1501 tamen
1264 1480 1283 1514 ,
1341 1447 1484 1516 quo
1540 1426 1794 1498 Dvina
1850 1428 2346 1517 celebrantur,
2405 1429 2584 1500 alias
2634 1430 3067 1519 capitulares
3121 1429 3237 1499 im·

578 1569 616 1609 7>
656 1559 849 1632 pune
888 1559 1029 1612 non
1066 1544 1506 1630 comparent.
1552 1535 1893 1632 (Leuren.
1939 1542 2100 1612 For.
2142 1542 2294 1613 ben.
2339 1548 2504 1614 tom.
2542 1541 2610 1614 1.
2651 1563 2770 1633 qu.
2812 1542 2981 1613 420.
3029 1560 3104 1611 n.
3139 1536 3234 1632 5.)

730 1655 893 1724 157.
957 1678 993 1720 ν
1034 1649 1234 1733 Quod
1289 1654 1650 1724 concernit
1697 1654 2094 1724 secundum
2129 1655 2581 1743 requisitum,
2626 1672 2867 1725 vocem
2916 1654 2995 1724 in
3049 1651 3238 1743 Capi-

582 1792 618 1833 »
660 1766 808 1836 tulo
860 1763 1159 1851 habent,
1191 1764 1513 1852 adeoquo
1567 1771 1735 1835 sunt
1792 1766 2257 1854 convocandi,
2303 1766 2424 1856 qui
2463 1767 2750 1836 nomine
2788 1765 3098 1856 Capituli
3133 1783 3235 1836 ve-

583 1903 620 1945 »
663 1879 898 1964 niunt,
957 1884 1026 1948 et
1080 1877 1182 1947 sic
1232 1876 1653 1965 regulariter
1689 1878 1818 1948 soli
1856 1879 2223 1967 canonici;
2265 1897 2431 1949 nam
2464 1880 2747 1951 nonnisi
2787 1879 3111 1949 canonici
3141 1873 3234 1972 (l)

585 2016 623 2058 a»
661 1991 962 2061 veniunt
1014 1990 1300 2060 nomine
1352 1989 1703 2077 Capituli,
1764 1992 2142 2079 ipsumque
2196 1991 2668 2063 constituunt.
2729 1987 3125 2083 (Boehmer
3175 1991 3235 2058 in

586 2126 623 2168 »
667 2101 941 2173 Decret.
986 2101 1104 2171 lib.
1135 2099 1206 2171 3.
1232 2102 1345 2173 tit.
1384 2101 1471 2173 11
1485 2156 1501 2170 .
1543 2100 1615 2194 ξ.
1662 2097 1798 2195 6.).
1842 2099 2025 2172 Hinc
2060 2104 2411 2193 sequitur,
2453 2103 2841 2193 dignitates
2879 2100 3232 2173 convocari

587 2239 623 2280 »
667 2231 811 2283 non
864 2212 1161 2300 debere3
1221 2232 1385 2282 nam
1440 2231 1568 2283 eae
1623 2231 1766 2283 non
1821 2213 2161 2286 dicuutur
2210 2215 2297 2286 de
2350 2213 2701 2304 Capitulo,
2751 2215 2887 2286 nisi
2929 2215 3038 2285 vel
3091 2214 3236 2284 iun-

586 2349 623 2391 »
665 2324 982 2411 datione,
1017 2325 1127 2395 vel
1166 2325 1680 2397 cousuetudine
1720 2325 1919 2396 aliud
1958 2325 2304 2398 obtineat.
2347 2323 2583 2414 (Card.
2619 2328 2710 2398 de
2741 2324 2934 2398 Luca
2964 2326 3047 2397 de
3072 2326 3228 2396 Ben.

585 2458 623 2502 ν
665 2435 840 2506 disc.
874 2435 995 2507 46.
1039 2455 1233 2507 num.
1271 2437 1379 2518 1.,
1416 2435 1734 2508 Barbosa
1773 2438 1854 2508 de
1895 2438 2072 2512 Can.
2106 2458 2264 2529 cap.
2297 2438 2416 2512 36.
2456 2460 2529 2510 η.
2567 2436 2750 2532 14).
2785 2436 2984 2509 Idem
3014 2439 3238 2509 dicen·

590 2572 627 2614 2»
674 2546 842 2617 dum
896 2554 1002 2620 est
1056 2549 1143 2621 de
1188 2550 1720 2637 mansionariis,
1765 2552 2034 2642 quippe
2072 2552 2194 2640 qui
2233 2570 2363 2624 nec
2401 2552 2489 2624 (le
2525 2549 2851 2642 Capitulo
2889 2541 3227 2624 dicantur.

587 2685 625 2725 »
666 2656 800 2753 (Cf.
828 2657 1012 2731 Rota
1041 2681 1280 2732 coram
1318 2663 1559 2753 Crispo
1591 2663 1825 2734 Decis.
1860 2664 1980 2735 50.
2016 2684 2089 2734 η.
2122 2664 2245 2736 20.
2286 2670 2356 2735 et
2390 2664 2785 2736 Gerunden.
2820 2662 3237 2735 Servitutum

586 2798 624 2839 »
661 2771 786 2843 23.
831 2772 1028 2843 Febr.
1075 2773 1288 2846 1731.
1329 2773 1401 2867 ξ.
1451 2775 1809 2865 Siquidem
1861 2794 2095 2845 coram
2148 2771 2447 2869 Cincio).

735 2907 772 2949 ν
812 2880 996 2963 Quin
1052 2886 1191 2956 imo
1245 2903 1375 2956 nec
1426 2904 1674 2957 omnes
1725 2887 2049 2959 canonici
2122 2887 2557 2959 convocandi
2627 2894 2840 2975 sunt,
2916 2886 3039 2957 sed
3089 2892 3233 2955 tan-

589 3019 625 3060 »
669 3001 818 3065 tum
873 2996 1342 3085 praebendati
1400 2998 1584 3069 intra
1651 3016 2075 3086 numerum,
2132 3005 2202 3070 et
2258 3000 2327 3070 in
2383 2998 2629 3069 ordine
2693 3000 2949 3071 saltem
3018 2997 3232 3067 diaco-

588 3130 625 3172 »
669 3112 880 3177 natus
916 3109 1312 3179 constituti.
1373 3106 1756 3201 (Boehmer
1809 3110 1882 3179 in
1922 3112 2270 3184 Decretal.
2314 3112 2433 3182 lib.
2468 3109 2538 3183 3.
2582 3111 2696 3183 tit.
2735 3109 2850 3182 11.
2893 3109 2970 3205 ἓ.
3006 3110 3069 3181 7.
3096 3106 3222 3199 8.).

589 3243 626 3285 »
666 3216 849 3289 Num
905 3226 1144 3290 autem
1201 3222 1521 3293 canonici
1568 3222 1910 3294 absentes
1949 3223 2246 3294 vocandi
2282 3218 2499 3294 sunt?
2553 3220 2898 3313 Negatur,
2943 3218 3234 3309 exceptis

589 3338 910 3402 »tamen
966 3334 1268 3423 negotiis
1322 3335 1607 3405 maioris
1661 3335 2041 3425 ponderiS,
2099 3342 2177 3406 ut
2229 3342 2400 3407 sunt
2451 3336 2699 3408 electio
2753 3332 3084 3419 Praelati,
3133 3347 3237 3400 re-

590 3468 627 3510 »
669 3444 900 3532 ceptio
955 3445 1493 3532 canonicorum,
1554 3452 1677 3517 aut
1734 3446 2308 3537 praebendarum
2368 3445 2679 3533 collati0,
2737 3453 2809 3518 et
2862 3448 3146 3517 cessatio
3195 3458 3235 3510 a

591 3580 628 3622 ν
670 3555 932 3627 divinis
984 3554 1306 3645 Capitulo
1360 3558 1772 3629 indicenda.
1833 3555 2068 3651 (Idem
2120 3566 2367 3630 auctor
2420 3560 2549 3629 loc.
2593 3558 2712 3629 cit.
2757 3578 2830 3628 u..
2878 3554 3013 3649 9.).

737 3666 901 3736 158.
962 3691 999 3735 »
1038 3664 1352 3740 Tertium
1413 3670 1835 3766 requisitum
1891 3678 1998 3742 est
2032 3723 2050 3757 ,
2126 3677 2204 3742 ut
2260 3671 2546 3761 negotia
2599 3669 3081 3762 capitulariter
3122 3683 3239 3736 ex-

589 3800 628 3846 >
668 3778 1077 3868 pediantur.
1153 3777 1502 3853 Dicuntur
1570 3782 1761 3853 cuim
1833 3783 2119 3875 negotia
2191 3783 2510 3873 expediri
2590 3782 3111 3870 capitulariter,
3179 3774 3237 3845 si

589 3914 628 3957 ν
669 3899 1173 3982 congregatum
1227 3894 1320 3964 sit
1378 3894 1829 3985 Capitulum,
1904 3897 2149 3967 audita
2201 3897 2345 3967 sint
2398 3900 2559 3965 vota
2630 3894 3108 3984 singulorum,
3168 3890 3236 3957 et

590 4025 629 4068 ν
669 4000 1088 4074 deliberatio
1142 4024 1182 4074 a
1236 4008 1682 4096 congregatis
1743 4006 1931 4078 facta
1985 4008 2102 4079 sit.
2176 4004 2423 4096 Neque
2477 4006 2667 4076 enim
2737 4005 2998 4096 singuli
3052 4006 3233 4075 extra

590 4136 629 4179 ν
669 4115 1288 4205 congregationem
1343 4117 1733 4206 capitulum
1786 4120 2283 4206 constituunt,
2354 4125 2423 4189 et
2478 4117 2576 4188 ita
2630 4135 2759 4188 nec
2813 4116 3232 4207 singulorum

587 4246 626 4291 >
668 4242 1059 4298 consensus
1093 4231 1292 4299 extra
1330 4229 1722 4319 capitulum
1778 4230 2238 4320 interpositus
2287 4228 2551 4301 sufficit
2602 4229 2676 4300 in
2723 4230 3023 4321 negotiis
3055 4241 3238 4297 aca-

729 4591 809 4662 (1)
847 4597 1114 4647 canonici
1151 4597 1440 4651 honorarii
1479 4614 1586 4652 non
1625 4604 1860 4665 possunt
1899 4601 2103 4654 habere
2141 4617 2325 4654 vocem
2364 4602 2613 4656 activam
2648 4606 2705 4654 et
2732 4602 3007 4668 passivam
3039 4598 3091 4649 in
3128 4593 3244 4647 Ct-

587 4671 787 4740 pitulo‚
832 4690 929 4726 nec
965 4680 1411 4742 praecedentiam
1449 4683 1510 4734 in
1551 4685 1767 4737 stallis.
1825 4686 2243 4739 Ventimn'lien.
2289 4687 2375 4740 17.
2405 4688 2535 4741 Dee.
2568 4686 2727 4740 1836.
