3497 5235
601 296 724 372 Gap.
751 299 821 356 11.
861 297 934 355 Do
972 297 1237 372 Episcopo,
1277 297 1688 371 Arohiepiooepo,
1725 296 1957 355 Primt·
1998 297 2056 354 ot
2093 296 2419 354 Patrium
2463 295 2519 369 5.
2548 298 2599 354 8.
2830 292 2944 357 195

293 455 325 498 ι
359 426 747 521 Episcopus
798 432 1092 523 originis
1146 432 1411 503 iniuste
1464 432 1898 524 denegavit3
1955 433 2180 503 utitur
2230 433 2422 505 enim
2477 433 2629 504 iure
2677 450 2833 521 suo,
2876 439 2947 505 et

291 572 325 617 ›
359 549 559 637 quia,
614 553 699 619 ut
751 547 826 618 in
878 565 1048 619 casu
1101 545 1562 637 supponitur,
1618 544 1861 614 omnia
1923 544 2268 635 requisita
2324 544 2416 615 ad
2468 542 2946 615 obtinendum

288 685 320 728 ι
352 660 779 732 domicilium
817 660 1105 751 implet3
1147 664 1219 730 et
1257 658 1356 730 ita
1394 657 1780 730 dicendum
1818 657 1907 729 de
1945 657 2095 744 illo,
2136 656 2263 747 qui
2297 655 2388 727 ob
2426 655 2697 729 dictum
2725 657 2943 728 finem

284 796 319 841 ι
350 772 768 844 beneficium
808 773 881 843 in
917 772 1153 844 aliena
1199 769 1503 843 dioecesi
1559 769 1940 859 quaerit.»
1999 764 2485 864 (Honorantes
2535 768 2690 841 loco
2722 770 2943 842 citato

280 884 444 956 Nota
493 884 737 966 tertio,
787 902 956 974 pag.
997 877 1186 979 99.).

403 996 524 1067 90.
585 986 897 1066 Tametsi
950 993 1213 1084 aliquis
1265 992 1406 1065 duo
1473 992 1585 1065 vel
1638 994 1846 1087 plura
1900 992 2261 1065 domicilia
2330 992 2591 1085 legalia
2642 992 2938 1065 insimul

215 1108 477 1198 ·possit
543 1106 914 1196 obtinere,
972 1105 1443 1177 nihilominus
1513 1105 1606 1177 ad
1667 1106 1999 1178 effectum
2070 1105 2542 1177 ordinationis
2610 1104 2753 1176 duo
2821 1104 2936 1178 vel

278 1219 461 1309 plura
514 1218 876 1291 domicilia
929 1218 1361 1289 simultanea
1401 1218 1727 1310 componi
1768 1222 2139 1307 nequeunt
2192 1218 2265 1288 in
2321 1216 2623 1288 diversis
2658 1217 2939 1290 dioece-

277 1330 481 1402 sibus.
522 1328 741 1403 Ratio
768 1336 904 1418 est,
947 1330 1119 1420 quia
1153 1347 1241 1400 ex
1278 1328 1564 1402 duabus
1600 1328 2134 1401 conditionibus
2170 1329 2262 1401 ab
2300 1325 2722 1402 Innocentio
2760 1325 2930 1400 XII.

277 1444 717 1535 praescriptis
786 1441 1042 1514 ambae
1110 1442 1490 1514 convenire
1545 1448 1921 1530 nequeunt
1969 1443 2043 1512 in
2098 1441 2380 1514 duobus
2441 1443 2554 1514 vel
2606 1440 2938 1533 pluribus

275 1555 660 1627 domiciliis.
717 1551 875 1626 Non
927 1553 1272 1626 habitatio
1314 1553 1719 1626 decennalis
1751 1576 1783 1639 ,·
1837 1572 2151 1644 namque
2202 1554 2380 1627 baec
2430 1554 2731 1643 requirit
2783 1553 2941 1625 ani-

274 1686 444 1738 mum
493 1667 766 1739 ibidem
816 1671 1163 1758 perpetuo
1199 1666 1714 1758 permanendi:
1775 1684 1920 1737 non
1972 1666 2265 1738 maioris
2310 1666 2547 1758 partis
2599 1665 2939 1738 bonorum

271 1780 695 1861 constitutio,
732 1777 1354 1868 quandoquidem,
1410 1778 1471 1848 si
1527 1779 1603 1848 in
1656 1796 1803 1849 uno
1856 1777 2007 1849 loco
2061 1777 2397 1849 maiorem
2443 1776 2667 1850 habet
2715 1776 2941 1848 bono-

273 1908 408 1961 rum
455 1896 767 1982 partem,
808 1890 882 1960 in
920 1889 1145 1961 altera
1183 1907 1327 1961 non
1365 1895 1599 1979 potest
1634 1890 1774 1960 nisi
1811 1890 2152 1961 minorem
2190 1891 2524 1963 retinere.
2569 1885 2682 1961 Ita
2718 1888 2940 1961 ratio-

270 2002 540 2076 cinatur
591 2001 930 2074 laudatus
981 2008 1230 2073 auctor
1281 2000 1414 2073 loc.
1455 2002 1577 2072 cit.
1637 2001 1827 2073 Nota
1876 2002 2154 2092 quinte,
2208 2019 2373 2093 pag.
2415 2003 2537 2074 99.

403 2114 508 2187 Ad
562 2112 1083 2205 acquirendum
1138 2112 1574 2185 domicilium
1622 2115 1821 2185 iuxta
1859 2115 2292 2185 sententiam
2332 2113 2654 2186 eiusdem
2691 2119 2938 2185 aucto-

270 2227 356 2298 ris
401 2226 674 2298 sufficit
728 2224 1102 2297 translatio
1152 2223 1503 2297 bonorum
1559 2224 1978 2315 mobilium,
2037 2226 2367 2315 quamvis
2434 2226 2508 2296 in
2575 2226 2933 2298 domicilio

269 2339 499 2411 relicto
551 2337 746 2409 bona
797 2334 1189 2408 immobilia
1240 2343 1758 2428 permaneant3
1815 2336 1950 2408 hoc
1985 2337 2175 2408 enim
2215 2337 2289 2409 in
2327 2356 2497 2409 casu
2535 2337 2714 2409 illud
2750 2355 2937 2410 sem-

269 2469 378 2540 per
425 2468 678 2522 verum
730 2456 867 2536 est,
925 2448 1120 2539 quod
1172 2448 1641 2521 immobilium
1691 2450 1987 2521 istorum
2023 2448 2300 2521 reditus
2353 2449 2445 2521 ad
2498 2448 2731 2521 locum
2766 2449 2935 2521 novi

268 2560 590 2636 domicilii
640 2559 1196 2649 transferantur,
1253 2561 1511 2633 saltem
1568 2562 1981 2650 moraliter3
2041 2562 2114 2633 in
2166 2580 2349 2634 novo
2401 2563 2673 2656 quippe
2709 2563 2937 2636 domi-

264 2675 408 2746 cilio
456 2678 1005 2746 consumuntur.
1046 2668 1226 2745 Vide
1278 2670 1764 2747 Honorantem
1818 2674 1952 2746 loc.
1994 2675 2115 2747 cit.
2160 2675 2348 2748 Nota
2382 2681 2608 2758 sexte,
2645 2694 2722 2766 p.
2762 2676 2927 2749 100.

392 2789 518 2860 91.
560 2783 863 2868 Quando
898 2793 1104 2877 pater
1139 2787 1430 2858 domum
1466 2787 1923 2877 originariam
1963 2787 2359 2877 reliquerit,
2401 2793 2476 2859 et
2508 2788 2584 2858 in
2621 2786 2932 2859 alienam

266 2897 637 2971 dioecesim
671 2898 1287 2989 transmigraverit
1339 2898 1584 2988 ibique
1637 2899 1884 2971 sedem
1935 2900 2296 2985 statuerit,
2336 2897 2527 2969 bona
2562 2899 2928 2986 coemerit,

267 3018 329 3083 et
376 3028 503 3101 pro
556 3010 709 3081 cive
761 3026 839 3080 se
891 3017 1134 3100 gerat,
1190 3011 1250 3081 si
1304 3010 1532 3082 filium
1583 3009 1677 3082 ab
1728 3007 2081 3104 Episcopo
2147 3011 2367 3082 huius
2428 3010 2775 3082 dioecesis
2838 3009 2933 3080 ad

264 3117 559 3193 Ordines
609 3121 1007 3211 promoveri
1059 3121 1402 3211 postulet,
1460 3123 1533 3193 S.
1574 3119 1648 3193 C.
1691 3121 1905 3195 Conc.
1946 3123 2320 3215 praecipit,
2361 3127 2441 3192 ut
2478 3122 2572 3193 ad
2607 3121 2933 3194 tramites

264 3229 818 3305 Innocentianae
870 3232 1352 3306 iuramentum
1407 3241 1752 3326 praestet,
1808 3254 1887 3308 se
1938 3253 2103 3306 vere
2153 3239 2223 3307 et
2274 3234 2564 3308 realiter
2608 3235 2932 3306 animum

263 3341 521 3416 babere
565 3343 834 3415 ibidem
871 3344 1368 3434 permanendi.
1418 3347 1897 3419 Tarraconen.
1944 3347 2279 3419 ordinat.
2318 3347 2433 3417 18.
2475 3345 2640 3438 Apr.
2677 3345 2927 3434 1744„

261 3453 334 3525 in
370 3455 724 3546 quntina
757 3473 889 3526 seu
917 3455 1377 3546 Hydruntina
1419 3456 1591 3530 Ord.
1640 3458 1706 3527 1.
1742 3456 1910 3550 Apr.
1949 3458 2162 3531 1719.
2206 3465 2281 3530 et
2313 3460 2383 3530 8.
2426 3455 2566 3530 Iul.
2610 3458 2932 3532 eiusdem

261 3568 455 3655 anni,
511 3567 586 3638 in
643 3584 789 3657 qua
843 3567 1141 3657 insuper
1193 3569 1266 3639 S.
1306 3565 1563 3661 Congr.
1622 3569 1970 3658 voluerat,
2026 3577 2109 3643 ut
2159 3578 2367 3663 pater
2403 3590 2669 3644 novum
2704 3571 2925 3643 domi·

262 3679 494 3751 cilium
545 3696 677 3772 per
727 3679 1288 3752 instrumentum
1342 3681 1728 3771 emptionis
1780 3682 2212 3755 venditionis
2263 3684 2802 3777 comprobaret3
2859 3689 2931 3756 et

261 3789 428 3862 alibi
477 3791 748 3883 passim
800 3790 1054 3864 eadem
1107 3808 1222 3862 res
1273 3791 1764 3865 confirmatur.

398 3904 520 3975 92.
576 3898 929 3983 Quoniam
980 3920 1147 3974 vero
1193 3904 1267 3975 in
1304 3922 1487 3976 novo
1524 3903 1858 3996 eligendo
1894 3906 2251 3980 domicilio
2282 3906 2670 3980 iuramenti
2707 3907 2931 3980 inter-

257 4014 509 4105 positio
574 4014 969 4106 requiritur
1035 4014 1185 4086 sive
1240 4035 1281 4086 a
1330 4023 1583 4108 patre,
1640 4035 1803 4089 cum
1855 4016 2047 4090 filius
2108 4019 2184 4090 in
2247 4019 2502 4091 minori
2553 4024 2791 4092 aetate
2856 4025 2931 4092 et

259 4126 391 4198 sub
440 4129 668 4219 patris
717 4131 1076 4217 potestate
1128 4134 1480 4217 versatur,
1536 4128 1686 4199 sive
1739 4128 1831 4200 ab
1870 4131 2023 4221 ipso
2060 4130 2234 4219 filio,
2275 4130 2567 4221 quando
2602 4131 2716 4203 sui
2753 4131 2929 4204 iuris

257 4244 389 4325 est,
446 4240 728 4330 quaerit
778 4239 969 4311 idem
1021 4245 1295 4328 auctor,
1353 4260 1448 4311 an
1493 4245 1699 4331 pater
1748 4242 1866 4313 vel
1917 4243 2106 4316 filius
2143 4241 2404 4315 falsum
2441 4243 2927 4316 iuramentum

255 4351 583 4423 emittens
631 4351 1030 4426 conditioni
1064 4349 1156 4423 ab
1193 4347 1630 4424 Innocentio.
1660 4356 2146 4444 praescriptae
2196 4353 2619 4426 satisfaciat.
2660 4350 2813 4436 Qua
2848 4355 2928 4429 in

256 4479 329 4531 re
377 4464 729 4555 triplicem
764 4463 1145 4554 distinguit
1200 4481 1474 4551 casum,
1515 4470 1587 4537 et
1622 4466 1823 4536 iuxta
1859 4464 2390 4538 distinctionem
2426 4465 2717 4540 resolvit
2773 4467 2823 4539 l.
2854 4487 2923 4542 c.

257 4570 441 4646 Nota
471 4575 793 4667 septimo,
827 4593 994 4668 pag.
1041 4576 1207 4647 100.
1249 4582 1320 4648 et
1361 4575 1562 4666 102„
1592 4593 1806 4666 quem
1843 4575 2086 4648 videre
2123 4576 2289 4649 licet
2325 4595 2556 4667 aeque
2593 4598 2677 4653 ac
2708 4580 2929 4675 paulo

259 4690 419 4774 post
446 4687 542 4760 ad
574 4687 768 4761 Nota
801 4692 1080 4771 octavo,
1114 4686 1242 4760 ubi
1277 4686 1369 4760 de
1405 4705 1517 4778 eo,
1559 4688 1685 4780 qui
1719 4689 1910 4761 iurat
1956 4707 2116 4762 cum
2152 4691 2598 4765 restrictione
2635 4693 2923 4781 mentia,
