3497 5235
594 297 712 359 210
1338 297 1707 357 humationi·
1746 298 1801 355 Β.
1828 297 2012 373 congr.
2041 298 2189 357 Oeno.
2228 299 2501 374 expetitio.

596 459 635 501 ›
675 433 1078 505 dinationes
1114 431 1368 504 diebus
1401 432 1630 521 lestis,
1673 433 1747 503 in
1785 432 2051 523 quibus
2089 433 2361 520 fideleS,
2403 432 2647 505 audita
2679 430 2919 521 Missa,
2959 451 3047 505 ex
3078 436 3243 526 Apo-

593 572 630 617 »
672 545 923 617 stolica
959 545 1489 637 dispensatione
1531 544 1870 635 operibus
1904 544 2281 617 servilibus
2329 542 2584 617 vacare
2631 553 2926 636 possunt
2980 546 3057 616 in
3094 564 3246 618 cau-

595 683 633 726 »
676 652 805 731 sa?
846 681 885 726 ›
925 663 995 729 et
1046 675 1465 748 responsum
1518 654 1689 729 fuit:
1736 677 1774 722 α
1813 655 2278 729 Affirmative.
2327 682 2365 724 ι»

743 770 908 842 126.
952 764 1037 839 In
1085 768 1601 860 Portalleqren.
1648 766 1765 840 13.
1807 770 1979 859 Apr.
2026 768 2242 841 1720.
2287 768 2792 844 dubitabatur:
2838 794 2877 835 ι
2920 770 3053 859 An,
3093 789 3247 862 sup-

590 907 629 949 »
671 883 901 974 posita
955 880 1473 953 consuetudine
1511 880 2084 967 immemorabili,
2123 880 2392 954 licitum
2440 882 2534 953 sit
2583 880 2903 955 conterre
2953 883 3245 974 primam

592 1019 631 1061 ιι
671 1002 1067 1078 tonsuram,
1117 998 1189 1063 et
1243 992 1548 1063 minores
1601 987 1906 1062 Ordines
1958 991 2133 1064 feria
2186 998 2387 1064 sexta
2441 1001 2599 1083 post
2654 995 3036 1086 prandium
3092 1002 3245 1068 ante

592 1130 631 1175 ›
673 1105 863 1176 diem
913 1103 1146 1175 sabati
1193 1100 1511 1184 Quatuor
1559 1099 1981 1195 Temporum
2021 1103 2091 1174 in
2130 1099 2349 1175 casu?
2391 1128 2429 1170 ν
2469 1101 2543 1175 S.
2583 1101 2922 1197 Congreg.
2965 1124 3249 1196 respon-

590 1219 739 1291 dit:
784 1239 821 1283 «
860 1215 1300 1288 Affirmative
1354 1214 1592 1303 quoad
1628 1215 1934 1306 primam
1974 1221 2383 1303 tonsuram;
2424 1221 2494 1286 et
2532 1217 2770 1304 quoad
2822 1223 3092 1288 ceteros
3127 1214 3247 1288 Or·

588 1355 627 1399 »
669 1330 875 1402 dines
928 1332 1238 1401 minores
1299 1328 1892 1401 consuetudinem
1959 1329 2590 1401 immemorabilem
2660 1330 2942 1402 tolerari
2996 1350 3240 1422 posse,

587 1467 626 1511 »
668 1443 795 1513 sed
850 1444 1228 1533 expedire,
1295 1447 1374 1513 ut
1425 1438 1821 1531 Episcopus
1873 1458 1949 1513 se
2017 1439 2407 1512 conformet
2476 1438 2873 1513 Pontificali
2926 1440 3245 1516 Romano

584 1577 624 1621 »
673 1554 808 1626 Tit.
841 1554 923 1625 de
959 1554 1136 1624 min.
1174 1553 1428 1627 Orda».
1462 1548 1880 1624 Pontificale
1918 1549 2322 1624 Romanum
2361 1571 2525 1625 vero
2563 1555 2667 1625 sic
2701 1553 2961 1626 habet:
2998 1578 3037 1619 ι
3067 1552 3248 1636 Qua-

582 1689 622 1735 »
663 1671 827 1736 tuor
877 1665 1184 1736 minores
1219 1660 1525 1736 Ordines
1561 1664 1716 1736 dari
1772 1674 2073 1755 possunt
2127 1672 2326 1736 extra
2364 1661 2740 1737 Missarum
2792 1666 3138 1738 solemnia
3174 1669 3246 1739 in

583 1799 622 1844 ›
662 1775 918 1848 diebus
971 1773 1356 1847 Dominicis
1407 1783 1476 1848 et
1529 1776 1729 1850 festis
1781 1776 2233 1869 duplicibus,
2286 1777 2411 1848 sed
2462 1777 2538 1848 in
2593 1796 2801 1849 mane
2855 1784 3163 1850 tantum.
3205 1804 3243 1847 ι

736 1887 899 1958 127.
942 1885 1042 1959 De
1096 1888 1246 1958 loco
1299 1888 1689 1978 peragendi
1744 1906 1985 1961 sacras
2037 1889 2525 1960 ordinationes
2577 1909 2735 1980 cap.
2784 1889 2858 1962 8.
2918 1910 3084 1962 sess.
3123 1890 3242 1963 23.

577 2000 842 2073 diserte
891 2005 1244 2073 statutum
1297 2006 1431 2086 est,
1472 2000 1798 2071 eamdem
1853 2000 1928 2071 in
1981 1999 2402 2087 cathedrali,
2460 2003 2730 2074 vocatis
2781 2020 2865 2073 ac
2915 2019 3250 2091 praesen-

577 2110 776 2184 tibus
826 2113 1215 2199 canoniciS,
1256 2111 1542 2204 publice
1577 2111 2082 2183 celebrandam
2120 2130 2300 2184 esse.
2343 2110 2430 2184 At
2484 2131 2650 2184 vero
2694 2131 2836 2184 nou
2874 2122 2981 2186 est
3035 2115 3249 2186 silen-

577 2224 678 2297 tio
730 2224 1255 2314 praetereunda
1309 2224 1662 2313 exceptio,
1704 2240 1891 2317 quae
1928 2222 2006 2293 fit
2042 2224 2115 2295 in
2160 2223 2472 2296 Meliten.
2516 2225 2637 2295 20.
2680 2221 2973 2296 Novem.
3031 2227 3240 2297 1592.

576 2329 771 2430 (Lib.
818 2337 889 2421 ἵ.
930 2336 1185 2408 decret.
1217 2355 1389 2427 ρας.
1430 2334 1553 2408 96.
1555 2329 1642 2429 ).·
1684 2300 1828 2446 «β’.
1862 2331 1937 2404 C.
1980 2337 2283 2422 censuit,
2336 2336 2394 2405 si
2449 2353 2593 2406 non
2645 2335 2859 2409 tuerit
2892 2339 3245 2413 ordinatio

581 2470 618 2515 »
663 2448 1036 2537 generalis,
1069 2445 1196 2518 sed
1233 2452 1513 2518 tantum
1552 2440 1956 2535 aliquarum
1984 2465 2481 2536 personarum,
2512 2453 2745 2536 potest
2775 2448 3043 2540 ubique
3079 2447 3246 2544 Epi·

580 2582 619 2628 ι
658 2577 919 2652 scopus
969 2576 1124 2633 eam
1179 2558 1445 2632 habere
1499 2558 1712 2631 etiam
1769 2559 1844 2630 in
1896 2558 2173 2650 capella
2228 2577 2359 2631 sua
2412 2560 2718 2652 privata.
2764 2583 2801 2629 >

1459 2826 1598 2879 Art.
1625 2825 1701 2879 V.
1739 2824 1834 2878 De
1872 2824 2386 2880 confirmatione.

701 3043 1130 3106 Suuniinmu.
1170 3039 1316 3101 128.
1372 3035 1553 3103 Solus
1601 3032 1954 3119 Episcopus
2003 3033 2296 3100 minister
2329 3044 2424 3100 est
2451 3054 2665 3100 sacrae
2700 3035 3233 3104 confirmationis.

561 3140 713 3208 Eius
759 3138 1184 3205 conserendae
1219 3148 1596 3219 potestatem
1629 3137 1898 3220 simplici
1934 3136 2245 3203 sacerdoti
2285 3156 2410 3201 non
2447 3149 2658 3223 potest
2706 3138 2875 3204 idem
2911 3139 3236 3230 delegare.

559 3279 604 3291 —
642 3245 791 3309 129.
829 3245 1173 3306 Decretum
1224 3245 1289 3308 S.
1327 3243 1566 3324 Congr.
1603 3239 1682 3304 de
1733 3241 1923 3324 Prop.
1964 3238 2142 3315 Fide,
2198 3259 2327 3324 quo
2376 3241 2697 3306 nonnullis
2744 3262 3061 3308 sacrarum
3100 3247 3238 3308 mis·

555 3346 811 3411 sionum
874 3341 1326 3430 Superioribus
1387 3354 1661 3426 potestas
1724 3339 2142 3407 confirmandi
2204 3361 2283 3406 ex
2332 3342 2677 3429 privilegio
2744 3345 3071 3410 tribuitur.
3124 3348 3239 3426 Qui

556 3451 721 3516 ritus
768 3448 888 3513 hoc
938 3450 1002 3512 in
1051 3467 1192 3510 casu
1240 3447 1475 3512 servari
1526 3445 1779 3510 debeat.
1833 3482 1876 3492 —
1930 3449 2078 3511 130.
2137 3446 2496 3531 Aliquando
2568 3446 2855 3512 Pontifex
2909 3451 3239 3536 Episcopis

552 3561 938 3638 potestatem
976 3548 1117 3614 lacit
1152 3548 1524 3634 designandi
1559 3548 1983 3626 sacerdotem,
2023 3548 2132 3633 qui
2170 3548 2436 3613 chrisma
2473 3549 2780 3614 conserat.
2809 3587 2852 3597 —
2885 3554 3031 3615 131.
3073 3555 3236 3618 Con·

551 3653 821 3719 secratio
870 3651 1222 3716 chrismatis
1283 3664 1347 3716 et
1410 3649 1925 3716 confirmationis
1974 3650 2443 3717 administratio
2496 3652 2660 3717 inter
2708 3652 3086 3719 pontificalia
3138 3675 3235 3719 re·

552 3768 930 3833 censentur,
983 3753 1275 3839 adeoque
1326 3755 1675 3840 Episcopus
1724 3765 2021 3817 neutrum
2079 3754 2140 3818 in
2191 3753 2394 3818 aliena
2447 3753 2722 3819 dioecesi
2760 3773 2949 3840 agere
2984 3769 3230 3843 potes13

554 3880 675 3926 nec
727 3864 915 3926 etiam
965 3862 1030 3925 in
1079 3860 1354 3927 dioecesi
1409 3860 1694 3924 Nullius.
1725 3896 1768 3907 -
1808 3862 1955 3924 132.
1997 3859 2196 3925 Aliter
2229 3870 2322 3923 est
2365 3858 2447 3925 de
2483 3861 2762 3925 ecclesiis
2812 3862 3235 3945 gaudentibus

557 3965 974 4050 exemptione
1024 3963 1266 4049 primae
1314 3973 1379 4028 et
1423 3963 1743 4027 secunlae
1792 3962 2058 4046 speciei.
2088 3998 2132 4009 -
2173 3965 2319 4027 133.
2362 3962 2775 4030 Confirmatio
2813 3976 3101 4049 tempore
3137 3985 3234 4027 sa-

550 4085 692 4131 crae
741 4067 1124 4132 visitationis
1171 4065 1592 4131 administrari
1644 4066 1826 4129 solet.
1884 4068 1959 4130 Et
2008 4064 2166 4150 quid
2220 4066 2282 4129 in
2333 4076 2723 4131 antecessum
2790 4066 3105 4152 agendum
3150 4067 3238 4129 sit

549 4170 627 4235 ab
679 4170 1024 4257 Episcopo.
1056 4204 1100 4215 -
1154 4172 1299 4233 134.
1348 4169 1566 4233 Pueris
1616 4168 1785 4233 inter
1829 4181 2079 4254 septem
2133 4177 2196 4234 et
2244 4169 2587 4234 duodecim
2636 4188 2833 4234 annos
2881 4182 2976 4232 est
3024 4166 3236 4232 conie-

545 4274 771 4339 renda.
801 4310 844 4322 -
885 4278 1030 4339 135.
1069 4276 1218 4338 136.
1258 4275 1404 4338 137.
1447 4274 1582 4337 Non
1632 4283 1889 4337 vetatur
1935 4283 2150 4337 autem
2203 4291 2343 4337 earn
2395 4271 2691 4337 conferre
2727 4274 2915 4336 etiam
2960 4284 3100 4335 ante
3130 4287 3243 4332 se-

542 4377 925 4463 ptennium,
980 4377 1160 4442 iustis
1209 4376 1629 4442 existentibus
1677 4377 1902 4440 causiS.
1965 4378 2134 4453 Quae
2197 4376 2528 4462 speciatim
2592 4375 2711 4440 hae
2773 4376 3019 4460 possint
3069 4392 3235 4436 esse.

541 4514 586 4526 -
626 4482 772 4544 138.
810 4479 996 4556 Quid,
1033 4481 1081 4544 si
1120 4480 1412 4566 Episcopi
1465 4477 1543 4544 ad
1595 4477 2158 4544 Confirmationem
2209 4477 2771 4545 administrandam
2809 4491 3234 4548 arcemnmr,

541 4580 867 4645 saeviente
923 4595 1125 4668 peste.
1164 4616 1210 4629 -
1249 4583 1393 4646 139.
1433 4582 1602 4657 Quae
1650 4582 1732 4646 sit
1780 4582 2041 4648 materia
2101 4578 2638 4646 Confirmationis.
2678 4616 2721 4627 -
2760 4584 2907 4646 140.
2955 4587 3014 4645 ln
3067 4583 3240 4646 Con·

543 4681 914 4752 firmatione
959 4683 1345 4751 adhibentur
1389 4681 1648 4770 patrini.
1683 4720 1727 4733 -
1781 4688 1929 4753 141.
1983 4684 2100 4761 Qui
2149 4701 2383 4751 munus
2431 4682 2667 4770 patrini
2714 4702 2906 4769 agere
2956 4681 3224 4771 possint.
