3497 5235
614 267 733 333 188
1368 269 1737 331 Iam-›ttoni-
1777 269 1831 326 8.
1859 268 2041 343 Gongr.
2068 269 2216 328 Ocno.
2257 267 2538 343 expo-itio.

754 399 1167 477 Notandum
1215 410 1484 493 tamen,
1541 404 1734 496 quod
1788 401 2183 495 Episcopus
2230 403 2566 477 beneficii
2600 421 2747 475 non
2781 408 3001 494 potest
3043 401 3234 474 bene-

611 516 850 589 ficiato
902 513 1205 588 Ordines
1256 515 1576 589 conferre
1627 519 1783 589 sine
1834 516 2436 589 testimonialibus
2470 515 2804 608 Episcopi
2854 516 3142 607 originis,
3174 520 3237 587 et

617 628 910 718 insuper
945 626 1307 714 domicilii,
1362 627 1593 699 sicubi
1643 628 1776 702 hoc
1828 627 2093 700 babeat
2128 627 2628 701 beneficiatus.
2669 625 2845 701 Vide
2879 624 3234 698 Honorant.

618 742 851 813 Prax.
894 741 1083 813 Secr.
1132 739 1319 811 Trib.
1373 738 1517 811 Vic.
1557 758 1715 830 cap.
1758 739 1831 813 8.
1873 738 2061 811 Nota
2107 739 2362 830 primo.
2425 736 2500 834 ξ.
2556 739 2893 813 Secundo.
2940 757 3097 830 paq.
3129 736 3233 810 87.

761 849 1096 935 Quamvis
1147 857 1387 923 autem
1440 851 1532 922 ad
1583 851 1943 936 effectum,
1982 850 2075 923 de
2110 870 2252 941 quo
2290 852 2548 942 agitur,
2588 852 2831 942 plures
2878 854 3239 937 autument,

615 964 1043 1036 beneficium
1094 978 1250 1032 esse
1302 961 1564 1033 debere
1617 959 2073 1034 residentiale
2125 959 2319 1055 (vide
2369 959 2765 1034 Honorant.
2811 964 2862 1033 l.
2901 981 2962 1034 c.
3016 962 3087 1033 in
3132 961 3237 1050 fin.

608 1096 780 1169 paq.
820 1070 1010 1169 88.)‚
1035 1073 1496 1145 nibilominus
1530 1069 1699 1145 S.C.
1741 1070 1952 1145 Conc.
1994 1076 2066 1146 in
2098 1074 2407 1147 Meliten.
2447 1075 2568 1147 26.
2598 1071 2761 1145 Maii
2805 1075 3011 1145 1598.
3048 1068 3245 1165 (apud

614 1187 944 1259 eumdem
995 1182 1514 1280 Honorantem)
1566 1184 1920 1274 definivit,
1980 1207 2019 1252 ‹
2050 1184 2405 1275 sufficere,
2464 1186 2657 1277 quod
2707 1184 3126 1257 beneficium
3166 1182 3249 1254 sit

613 1298 940 1389 simplex.
985 1323 1023 1368 ›

759 1412 829 1483 Si
883 1410 1046 1500 quis
1098 1409 1306 1500 plura
1357 1408 1707 1481 beneficia
1760 1409 2122 1503 possideat
2184 1411 2259 1481 in
2311 1410 2608 1482 diversis
2659 1408 3123 1496 dioecesibus,
3173 1404 3250 1477 ab

611 1541 696 1596 eo
745 1519 1125 1612 Episcop0,
1182 1537 1396 1609 quem
1450 1521 1600 1611 ipse
1656 1521 1985 1593 maluerit
2021 1522 2445 1595 dioeceseon
2498 1523 2807 1611 illarum,
2865 1521 3117 1614 poterit
3160 1536 3256 1589 or-

612 1634 870 1708 dinari.
914 1629 1090 1704 Vide
1141 1626 1537 1703 Honorant.
1583 1633 1633 1702 l.
1676 1653 1738 1704 c.
1771 1652 1943 1725 paq.
1984 1632 2106 1707 87.

759 1745 879 1817 80.
936 1740 1191 1814 Positis
1241 1743 1353 1829 iis,
1412 1760 1599 1832 quae
1652 1746 1741 1817 de
1793 1742 2142 1836 Episcopo
2176 1745 2511 1818 beneficii
2548 1746 2887 1835 diximuS,
2945 1744 3119 1817 illud
3162 1759 3257 1813 se-

613 1858 885 1947 quitur,
918 1862 996 1927 ut
1034 1854 1230 1927 locus
1269 1856 1621 1947 gratuitus
1657 1856 1732 1926 in
1767 1857 2149 1928 seminario
2185 1858 2462 1929 alienae
2489 1858 2895 1930 dioeceseos
2924 1856 3016 1928 ab
3045 1855 3259 1943 aliquo

614 1970 707 2042 ad
759 1968 1159 2040 studiorum
1210 1967 1642 2039 curriculum
1692 1969 2193 2062 complendum
2248 1970 2715 2059 impetratus,
2773 1968 2942 2041 licet
2993 1964 3260 2038 accedat

617 2081 827 2151 istius
880 2080 1356 2152 iuramentum
1410 2087 1756 2171 perpetuo
1809 2082 2150 2153 manendi
2203 2082 2336 2154 sub
2376 2081 2866 2154 iurisdictione
2922 2077 3259 2173 Episcopi,

613 2194 725 2265 cui
780 2192 1113 2265 subditur
1162 2194 1650 2281 seminarium,
1691 2194 1869 2266 satis
1907 2212 2049 2265 non
2085 2196 2204 2282 sit,
2247 2202 2325 2267 ut
2372 2193 2465 2266 ab
2501 2194 2636 2265 hoc
2670 2195 2827 2266 sine
2864 2187 3269 2266 dimissoriis

611 2301 940 2395 Episcopi
969 2304 1261 2395 originis
1287 2304 1598 2376 ordinari
1636 2304 1826 2378 licite
1864 2307 2115 2395 possit,
2145 2305 2750 2395 quemadmodum
2779 2304 3075 2377 resolvit
3111 2299 3177 2372 S.
3198 2296 3262 2370 C.

612 2412 823 2489 Conc.
882 2418 957 2486 in
1014 2417 1266 2507 Spolet.
1309 2424 1380 2488 et
1417 2418 1616 2489 Reat.
1663 2417 1918 2490 Ordin.
1962 2417 2100 2489 diei
2144 2418 2259 2487 11.
2300 2414 2464 2489 Iun.
2513 2417 2725 2490 1840.
2767 2418 2864 2489 ad
2908 2417 3008 2489 ΙΙ.
3052 2412 3208 2486 dub.

756 2530 1094 2619 Sequitur
1144 2529 1388 2617 etiam,
1446 2535 1525 2600 ut
1578 2529 2021 2620 capellaniae
2073 2530 2389 2616 laicaleS‚
2447 2546 2635 2619 quae
2686 2529 2881 2602 inter
2934 2522 3274 2599 beneficia

605 2642 1088 2713 ecclesiastica
1142 2659 1285 2712 non
1362 2649 1855 2731 accensentur,
1911 2643 2078 2714 licet
2155 2648 2542 2735 perpetuae
2612 2643 2804 2729 sint,
2861 2639 3279 2714 canonicum

606 2755 898 2827 titulum
950 2753 1145 2824 baud
1196 2752 1616 2844 praebeant,
1674 2759 1754 2824 ut
1807 2754 1969 2844 quis
2021 2753 2111 2824 ab
2164 2750 2543 2844 Episcopo,
2593 2754 2666 2823 in
2719 2753 2928 2824 cuius
2983 2745 3281 2822 dioecesi

607 2868 900 2940 eaedem
953 2871 1267 2951 exstant,
1308 2866 1461 2936 sine
1499 2865 1915 2937 dimissoriis
1949 2862 2280 2955 Episcopi
2319 2866 2612 2956 originis
2662 2863 2988 2935 ordinari
3044 2865 3275 2952 queat,

607 2985 819 3071 prout
871 2977 1120 3049 eadem
1198 2974 1270 3048 S.
1313 2973 1386 3050 C.
1427 2974 1640 3049 Conc.
1698 2977 1990 3051 resolvit
2064 2980 2140 3049 in
2202 2978 2571 3049 Tiburtina
2629 2976 3100 3068 capellaniae
3177 2970 3282 3041 11.

608 3088 776 3162 Iun.
813 3091 1024 3162 1710.
1065 3084 1227 3187 (lib.
1272 3089 1392 3162 60.
1433 3089 1688 3162 decret.
1721 3109 1890 3182 paq.
1931 3088 2143 3185 239).
2186 3086 2385 3163 Idem
2424 3089 2925 3162 confirmatum
2965 3086 3106 3159 fuit
3141 3088 3287 3176 post

607 3203 852 3294 plures
903 3201 1423 3293 propositiones
1476 3202 1548 3272 in
1593 3201 2007 3273 Ulixbonen.
2053 3202 2292 3274 Occid.
2342 3202 2456 3272 19.
2496 3201 2791 3292 Augusti
2850 3200 3082 3271 1724.
3124 3194 3289 3268 Vide

600 3317 820 3389 etiarn
871 3312 1267 3385 Honorant.
1310 3314 1361 3384 1.
1403 3333 1465 3384 c.
1509 3312 1698 3385 Nota
1748 3313 2026 3404 quinto,
2061 3311 2135 3408 ἓ.
2187 3313 2448 3393 Τιίαἱο,
2476 3331 2647 3404 paq.
2699 3310 2817 3384 90.
3270 3299 3275 3312 ’

752 3426 972 3498 Aliter
1022 3431 1129 3497 est
1183 3425 1271 3497 de
1325 3423 1673 3498 beneficio
1724 3425 2228 3511 ecclesiastico,
2270 3424 2597 3513 quamvis
2667 3442 2755 3495 ex
2819 3422 2985 3515 lege
3044 3418 3299 3494 funda-

603 3541 818 3614 tionis
867 3540 961 3612 sit
1013 3538 1390 3610 amovibile
1444 3537 1535 3609 ad
1596 3547 1876 3625 nutum,
1934 3544 2013 3609 ut
2065 3538 2358 3608 retinuit
2413 3535 2484 3608 S.
2526 3533 2601 3607 C.
2642 3533 2852 3606 Cone.
2917 3537 3000 3607 in
3062 3535 3294 3607 Pient.

602 3672 722 3724 seu
774 3652 1073 3724 Ilcinen.
1120 3650 1373 3722 Ordin.
1420 3650 1534 3721 18.
1576 3646 1715 3721 Iul.
1764 3651 1976 3721 1733.
2034 3649 2129 3720 ad
2184 3647 2253 3721 1.
2293 3654 2358 3720 et
2406 3648 2479 3719 2.
2537 3645 2975 3722 Consulatur
3054 3645 3297 3717 folium

603 3763 838 3835 dictae
890 3780 1150 3834 causae
1199 3758 1273 3856 ξ.
1316 3762 1440 3832 Ht's
1487 3763 1736 3851 positis
1790 3768 1862 3834 et
1912 3778 2099 3850 seq.,
2164 3759 2287 3832 ubi
2360 3760 2493 3831 hoc
2562 3765 3085 3850 argumentum
3143 3757 3301 3830 dili-

608 3880 854 3968 genter
887 3873 1352 3965 expenditur3
1394 3874 1467 3944 id
1504 3875 1695 3945 enim
1753 3874 1848 3946 ibi
1903 3874 2351 3965 potissimum
2386 3872 2814 3959 ostenditur,
2857 3872 3076 3943 aliud
3115 3886 3300 3950 esse,

607 4005 701 4058 an
753 3985 1185 4058 beneficium
1236 3983 1614 4058 amovibile
1667 3991 1913 4075 aptum
1968 3989 2059 4057 sit
2112 3984 2203 4056 ad
2257 3986 2541 4056 titulum
2596 4002 2842 4056 sacrae
2894 3985 3311 4057 ordinatio-

606 4099 717 4169 nis
766 4116 892 4169 seu
946 4096 1353 4188 patrimonii
1404 4097 1588 4168 sacri
1622 4097 2244 4185 constituendum3
2303 4098 2377 4168 in
2431 4115 2572 4186 quo
2628 4096 2970 4187 negativa
3009 4103 3314 4170 senten-

603 4211 705 4283 tia
756 4210 1126 4300 sequenda
1177 4214 1312 4280 est:
1369 4208 1570 4280 deest
1622 4208 1813 4279 enirn
1865 4217 2257 4299 perpetuus
2310 4209 2557 4280 titulus
2594 4227 2721 4299 pro
2757 4210 3316 4281 sustentatione

604 4322 681 4392 in
733 4328 885 4393 tuto
939 4321 1322 4410 ponenda;
1388 4320 1584 4392 aliud
1658 4339 1820 4392 vero
1873 4326 2006 4406 est,
2083 4320 2474 4410 inquirere,
2533 4338 2626 4390 an
2687 4320 3126 4393 huiusmodi
3192 4319 3324 4392 be-

603 4431 933 4504 neficium
988 4433 1132 4505 tale
1184 4433 1303 4521 sit,
1346 4439 1424 4504 ut
1473 4432 1980 4504 beneficiatum
2033 4428 2384 4523 Episcopo
2436 4430 3160 4523 obnoxium-faciat,
3221 4433 3323 4504 ita

602 4548 685 4615 ut
736 4541 827 4613 ab
881 4543 1013 4614 boc
1063 4544 1377 4616 ordinari
1430 4544 1662 4616 valide
1715 4545 1967 4634 possit,
2025 4545 2316 4633 quando
2371 4544 2700 4616 videlicet
2770 4543 2993 4615 aliter
3054 4562 3336 4638 perpe-

601 4661 726 4728 tuo
776 4656 1321 4727 sustentationis
1371 4656 1578 4727 titulo
1629 4655 2131 4728 constituendo
2184 4657 2542 4746 provisum
2594 4656 2713 4728 sit.
