3497 5235
482 390 495 405 ’
1095 456 1293 555 AD
1359 296 2147 556 ιέοΤοΒΕΜ.

1385 738 1863 794 —-—※-—

462 1158 673 1245 Cum
733 1160 1065 1269 provida
1110 1159 1330 1247 SSffii
1399 1161 1497 1244 D.
1536 1161 1634 1246 N.
1676 1188 1932 1259 mem,
1979 1154 2519 1269 Apostolicam
2572 1152 2959 1239 sollicitu-

266 1297 546 1383 dinem
614 1300 718 1382 ad
781 1327 961 1385 eam
1049 1298 1642 1385 ecclesiasticae
1704 1295 2165 1407 disciplinae
2245 1301 2555 1405 partem
2622 1320 2953 1377 conver-

264 1440 479 1538 ωηεν»,
531 1464 742 1544 quae
805 1436 890 1520 in
936 1438 1246 1523 ratione
1290 1440 1391 1522 de
1455 1443 1624 1522 toto
1689 1433 2114 1546 episcopali
2159 1429 2551 1542 regimine
2615 1428 2954 1515 Sanctae

271 1573 462 1660 Sedi
508 1576 615 1658 ab
660 1575 1076 1687 Episcopis
1120 1578 1529 1661 reddenda
1572 1581 1964 1676 versatur,
2008 1572 2495 1684 peculiarem
2548 1568 2957 1653 stabilem-

268 1739 429 1821 que
496 1712 925 1798 osficialem
989 1715 1562 1816 constituisset,
1627 1714 1766 1823 qui
1825 1739 2207 1822 responsa
2288 1705 2701 1818 Episcopis
2766 1705 2957 1815 ipsis

272 1848 760 1935 remittenda
825 1851 1409 1956 conscriberet3
1478 1878 1821 1961 cumque
1889 1879 1989 1936 ex
2031 1846 2426 1957 singulari
2489 1843 2954 1933 Sanctitatis

278 1987 492 2073 Suae
538 1987 970 2074 clementia
1008 1989 1674 2100 indulgentiaque
1717 1993 1819 2074 ad
1887 1987 2273 2074 eiusmodi
2315 2014 2606 2070 munus
2652 1986 2956 2069 obeun-

278 2127 471 2210 dum
536 2153 699 2236 ego
762 2129 1270 2213 renuntiatus
1314 2156 1601 2231 essem,
1645 2155 1741 2213 eo
1788 2155 2019 2213 omne
2085 2125 2324 2209 animi
2378 2124 2534 2253 mei
2600 2123 2953 2209 studium

278 2264 673 2367 conferre,
719 2293 817 2351 eo
881 2294 1157 2351 omnes
1220 2266 1661 2351 industriae
1723 2293 1951 2350 meae
1995 2292 2283 2349 nervos
2338 2263 2754 2349 intendere
2819 2289 2959 2347 ne-

282 2401 638 2487 cessario
680 2402 950 2505 debui,
995 2411 1088 2488 ut
1129 2403 1592 2513 diligentius
1656 2411 1740 2489 et
1789 2401 2291 2503 cumulatius»,
2337 2428 2576 2510 quam
2641 2428 2785 2509 per
2829 2427 2958 2483 me

285 2538 457 2623 fieri
522 2549 817 2650 posset,
863 2540 1446 2651 sapientissimo
1507 2541 1716 2627 tanti
1778 2539 2187 2627 Pontificis
2251 2537 2577 2656 consilio
2641 2537 2985 2655 satisfaf

287 2704 464 2763 cere
530 2679 1112 2765 adlaborarem.
1181 2682 1467 2790 Neque
1535 2680 1744 2766 enim
1826 2678 2293 2789 ceteroquin
2358 2705 2486 2762 me
2551 2676 2957 2786 fugiebat,

286 2812 867 2902 humanissime
914 2822 1226 2920 Lector,
1273 2828 1663 2928 quantum
1708 2819 2128 2928 gravitatis
2171 2846 2265 2902 ac
2316 2816 2684 2926 ponderis
2750 2815 2960 2900 ines-

288 2951 408 3038 set
474 2954 761 3058 officio,
808 2958 1023 3065 quod
1084 2957 1289 3043 meis
1351 2956 1704 3042 humeris
1756 2957 2243 3040 imminebat.
2299 2951 2545 3038 Adest
2606 2955 2960 3064 profecto

169 3140 187 3155 ·
284 3092 793 3200 particularis
855 3097 1369 3181 Urbanorum
1461 3092 1926 3180 Antistitum
2014 3092 2590 3202 Congregatio,
2654 3091 2793 3202 qui
2859 3120 2960 3177 ex

130 3174 211 3399 ἦ
284 3231 779 3341 praescripto
826 3234 1161 3319 Constit.
1208 3262 1269 3317 s.
1319 3262 1420 3316 m.
1458 3235 1763 3320 Bened.
1801 3234 2014 3321 XIV.
2046 3231 2280 3342 incip.
2340 3239 2377 3279 “
2431 3236 2660 3320 Decet
2708 3296 2746 3335 „
2804 3231 2962 3316 diei

148 3439 225 3486 Μ
289 3366 427 3451 23.
478 3369 675 3454 Nov.
728 3368 991 3455 1740.
1066 3371 1641 3482 Episcoporum
1717 3370 2143 3458 relationes
2209 3370 2640 3480 diligenter
2715 3369 2961 3478 inspi-

289 3505 528 3607 ciunt,
574 3507 658 3590 in
721 3507 1260 3618 peculiaribus
1306 3510 1640 3624 comitiis
1702 3516 2131 3620 exponunt,
2179 3518 2286 3612 et,
2331 3536 2541 3619 quae
2609 3508 2770 3592 sint
2832 3534 2959 3590 re-

289 3642 734 3746 scribenda,
778 3654 1258 3756 suggerunt,
1315 3648 1632 3733 maioris
1695 3647 2079 3733 momenti
2157 3647 2500 3758 negotiis
2571 3643 2960 3754 superiori

150 3780 232 3815 χ
287 3782 1121 3868 Eminentissimorum
1166 3790 1499 3870 Patrum
1551 3785 1839 3870 iudicio
1906 3784 2357 3870 reservatis
2405 3785 2656 3869 Adest
2718 3780 2961 3866 etiam

156 3873 231 4047 Νι)
291 3918 739 4006 Cardinalis
826 3922 1088 4009 eidem
1171 3925 1248 4010 S.
1310 3923 1938 4035 Congregationi
2028 3925 2539 4012 Praefectus,
2604 3925 2688 4005 et
2762 3920 2957 4005 item

165 4049 228 4130 [ἢ
288 4059 383 4142 R.
431 4059 522 4142 P.
578 4059 675 4142 D.
714 4089 762 4142 a
827 4060 1157 4147 secretis
1222 4061 1582 4147 eiusdem
1648 4062 1725 4147 S.
1792 4062 2132 4171 Congu,
2197 4062 2331 4146 ille
2397 4061 2605 4144 inter
2673 4062 2961 4145 Patres

171 4187 237 4242 Ὃ
286 4204 801 4307 purpuratos
850 4198 981 4283 hic
1043 4200 1256 4283 inter
1299 4202 1707 4285 Romanae
1753 4201 2022 4287 curiae
2090 4199 2514 4285 Praesules
2579 4197 2963 4300 delectus,

285 4334 887 4447 disciplinarum
955 4337 1672 4422 ecclesiasticarum
1738 4367 1832 4423 ac
1896 4365 2164 4423 rerum
2207 4366 2361 4420 usu
2425 4336 2959 4448 praestantio-

284 4501 430 4575 reS,
478 4503 838 4584 quorum
903 4476 1054 4559 sub
1118 4477 1365 4588 ductu
1428 4505 1522 4561 ac
1584 4475 2123 4562 moderamine
2199 4475 2563 4585 singulae
2628 4497 2964 4584 respon-

286 4611 543 4698 siones
586 4610 867 4723 parari
906 4612 1187 4699 solent.
1236 4613 1504 4700 Nihilo
1547 4621 1819 4700 tamen
1881 4612 2167 4717 seciuS‚
2213 4621 2303 4698 ut
2346 4642 2612 4699 meum
2675 4611 2960 4696 huius-
