3497 5235
558 258 676 322 494
1309 259 1678 318 humationi·
1719 259 1773 316 8.
1803 258 1987 332 ῦοιιςι.
2015 257 2161 317 Oeno.
2202 256 2472 333 expo-itio.

552 394 830 483 agendas
879 393 1205 460 ecclesiam
1256 392 1656 479 ingrediatur
1698 394 1836 459 sine
1888 391 2058 457 talari
2110 405 2320 458 veste.
2356 428 2398 440 -—
2436 395 2586 458 456.
2641 396 2708 458 ln
2758 389 3214 457 conetituendls

558 497 782 584 poenis
831 508 1044 561 contra
1096 514 1226 572 eos,
1278 497 1386 580 qui
1439 495 1691 560 talarem
1728 495 2015 561 habitum
2053 513 2179 560 non
2213 504 2477 582 gerunt,
2517 494 2780 581 expedit
2822 495 2896 559 ad
2934 513 3216 560 censuras

559 620 690 666 non
739 601 905 665 illico
955 599 1326 675 decurrere,
1377 597 1487 663 sed
1536 599 1753 683 potius
1801 596 2207 683 pecuniariae
2257 616 2501 682 poenae
2549 594 3000 683 praeligendae
3044 609 3210 675 sunt,

556 722 718 788 quae
769 713 976 767 tamen
1026 700 1476 766 immoderatae
1525 719 1653 765 non
1711 701 1858 765 sint.
1921 702 2072 765 Nam
2124 703 2185 768 S.
2228 703 2467 786 Congr.
2518 699 2783 766 Concilii
2834 700 3086 766 decreta
3144 700 3215 767 ab

556 806 887 892 Episcopis
934 805 1049 869 lata
1099 803 1420 868 moderata
1469 822 1597 868 non
1643 802 1841 867 semel
1894 814 1990 868 est
2037 822 2102 868 ac
2154 803 2557 889 temperavit.

707 954 875 1024 431.
937 952 1093 1043 Agit
1147 950 1325 1023 baec
1376 949 1870 1041 paragraphus
1922 952 2011 1023 de
2063 952 2347 1023 incessu
2400 952 2473 1024 in
2519 950 2770 1023 habitu
2810 942 3216 1024 aetonsura

558 1066 891 1153 clericali,
952 1066 1074 1153 qui
1131 1063 1389 1153 triplici
1440 1061 1576 1134 sub
1631 1069 1924 1153 aspectu
1961 1063 2392 1135 considerari
2443 1070 2701 1154 potest,
2745 1064 3074 1135 nimirum
3113 1062 3216 1135 vel

558 1187 848 1270 propter
899 1176 1345 1267 privilegium
1404 1174 1533 1246 fori
1586 1182 1657 1247 et
1708 1175 2031 1262 canonis,
2075 1174 2181 1246 vel
2239 1181 2524 1265 propter
2560 1171 2899 1246 Ordinem
2946 1193 3222 1248 sacrum

555 1297 633 1363 et
683 1288 1032 1361 beneficia
1087 1287 1595 1375 ecclesiastica,
1639 1287 1747 1358 vel
1806 1294 2093 1379 propter
2160 1287 2581 1378 qualitatem
2634 1306 2717 1359 ac
2770 1288 3060 1359 modum
3111 1306 3227 1359 ve-

560 1402 776 1474 stium
832 1399 1292 1472 clericalium.
2133 1485 2149 1504 ·

713 1512 880 1582 432.
947 1509 1044 1581 Ad
1099 1511 1432 1601 primum,
1490 1507 1682 1598 quod
1744 1510 2028 1597 attinet,
2088 1528 2235 1581 rem
2309 1509 2742 1581 adamussim
2815 1509 3113 1601 exponit
3161 1514 3229 1581 et

560 1623 872 1713 explicat
908 1618 1264 1692 Giraldius
1301 1620 1417 1692 Ius
1456 1622 1669 1692 Pont.
1701 1620 1787 1691 P.
1826 1622 1921 1692 II.
1955 1626 2120 1693 sect.
2154 1618 2273 1693 93.
2302 1641 2378 1712 p.
2411 1619 2619 1703 939„
2650 1621 2801 1709 ubi,
2844 1622 3232 1712 praemissa

562 1733 1028 1825 dispositione
1058 1730 1271 1803 Cone.
1305 1727 1653 1819 Ti·ident.,
1685 1731 1928 1821 plures
1966 1732 2425 1821 quaestiones
2455 1735 2813 1824 proponit,
2847 1750 3116 1822 easque
3145 1731 3234 1803 ad

562 1863 884 1917 normam
937 1843 1499 1915 declarationum
1530 1838 1626 1929 ,8.
1684 1841 1759 1913 C.
1827 1842 1904 1912 C.
1946 1844 2268 1933 apprime
2320 1844 2635 1914 resolvit.
2703 1840 2959 1933 Itaque
3012 1850 3232 1915 totam

562 1958 752 2029 hanc
787 1956 1170 2027 sectionem
1210 1953 1703 2026 exscribimus:
1759 1975 1795 2019 ‹
1840 1949 1910 2025 Is
1945 1955 2158 2025 etiam
2198 1949 2644 2046 (tonsuratus
2680 1954 2788 2025 vel
2831 1949 3234 2048 minorista)

567 2094 606 2138 »
651 2068 777 2139 fori
834 2066 1197 2158 privilegio
1251 2060 1499 2159 (verba
1553 2071 1723 2137 sunt
1775 2063 2040 2138 Concil.
2084 2061 2399 2137 Trident.
2456 2067 2635 2139 Sess.
2674 2064 2797 2138 23.
2840 2086 2998 2158 cap.
3041 2066 3115 2139 6.
3156 2066 3238 2137 de

568 2205 608 2249 ιν
650 2173 999 2271 Reform.)
1054 2195 1198 2249 non
1253 2177 1585 2267 gaudeat,
1653 2176 1788 2247 nisi
1844 2175 2271 2247 beneficium
2327 2177 2882 2249 ecclesiasticum
2939 2176 3236 2266 babeat,

568 2317 608 2360 ›
650 2297 774 2363 aut
828 2289 1224 2361 clericalem
1280 2288 1606 2360 habitum
1660 2294 1732 2359 et
1789 2293 2150 2359 tonsuram
2223 2287 2550 2361 deterens
2619 2291 2830 2361 alicui
2895 2290 3242 2365 ecclesiae

576 2429 613 2472 ι»
656 2421 744 2473 ex
796 2403 1135 2473 mandato
1171 2400 1500 2493 Episcopi
1541 2401 1906 2485 inserviat,
1950 2403 2061 2472 vel
2099 2401 2172 2472 in
2208 2402 2589 2473 seminario
2624 2402 3075 2489 clericorum,
3118 2407 3244 2474 aut

572 2538 610 2586 ,ν
656 2515 728 2585 in
785 2514 1027 2602 aliqua
1077 2513 1347 2601 schola,
1405 2513 1512 2583 vel
1567 2512 2035 2584 universitate
2088 2511 2178 2583 de
2240 2512 2525 2585 licentia
2596 2511 2957 2606 Episcopi,
3033 2517 3244 2605 quasi

572 2651 611 2697 ›
651 2628 726 2699 in
780 2627 890 2697 via
944 2626 1035 2698 ad
1092 2628 1389 2698 maiores
1440 2622 1745 2697 Ordines
1823 2625 2313 2717 suscipiendos
2384 2634 2730 2698 versetur.
2807 2624 2891 2698 In
2963 2628 3245 2701 clericis

573 2764 610 2807 ι»
655 2756 816 2810 vero
853 2739 1248 2829 coniugatis
1284 2746 1601 2811 servetur
1636 2736 2060 2811 Constitutio
2094 2735 2431 2809 Boniiacii
2465 2736 2698 2827 vul„
2733 2758 2916 2830 qnae
2957 2742 3239 2833 incipit,

573 2876 610 2919 ι»
656 2851 941 2932 Clerici,
976 2851 1097 2941 qui
1149 2870 1305 2922 cum
1358 2850 1622 2930 unicis,
1663 2850 1869 2921 modo
1922 2849 1994 2920 hi
2050 2849 2281 2921 clerici
2337 2850 2638 2922 alicuius
2698 2854 3042 2924 ecclesiae
3097 2871 3247 2926 ser·-

508 2965 523 2978 ’
572 2988 611 3034 ›
653 2965 821 3036 vitio
871 2963 982 3034 vel
1041 2964 1429 3035 ministerio
1487 2961 1578 3032 ab
1631 2958 1985 3051 Episcopo
2037 2960 2389 3051 deputati,
2431 2961 2660 3035 eidem
2699 2965 3042 3036 ecclesiae
3094 2982 3246 3035 ser-

572 3099 611 3142 »
656 3075 851 3146 viant
920 3074 1030 3144 vel
1100 3075 1532 3157 ministrent,
1601 3079 1670 3144 et
1740 3072 2047 3143 clericali
2101 3071 2353 3146 babitu
2406 3080 2478 3145 et
2527 3083 2818 3145 tonsura
2883 3082 3235 3146 utantur:

573 3209 612 3255 ›
652 3185 948 3271 nemini,
993 3185 1231 3274 quoad
1285 3184 1443 3272 hoc,
1488 3183 1854 3275 privilegio
1908 3183 2020 3255 vel
2071 3185 2587 3256 consuetudine
2624 3188 2836 3257 etiam
2876 3187 3244 3257 immemo-

574 3320 613 3366 ›
653 3294 859 3367 rabili
913 3296 1377 3386 suffragante.
1415 3320 1452 3362 ›
1525 3292 1719 3365 Circa
1774 3295 1908 3366 boc
1959 3295 2324 3368 decretum
2398 3296 2599 3386 plura
2654 3306 2896 3368 exorta
2956 3298 3242 3370 fuerunt

571 3408 836 3483 dubia:
900 3431 937 3474 ι
984 3410 1048 3479 1.
1096 3409 1198 3480 An
1253 3409 1551 3481 clericus
1623 3425 1764 3478 non
1840 3407 2166 3479 deserens
2216 3407 2543 3479 habitum
2596 3415 2668 3480 et
2720 3415 3116 3496 tonsuram,
3157 3425 3237 3479 eo

573 3547 612 3591 »
655 3521 835 3613 ipso,
896 3520 1110 3590 etiam
1181 3520 1379 3591 nulla
1450 3518 1928 3611 praecedente
1984 3520 2396 3606 monitione,
2457 3527 2821 3593 remaneat
2893 3521 3236 3611 spoliatus

576 3657 615 3702 »
654 3631 781 3703 fori
839 3624 1250 3722 privilegio?
1306 3632 1377 3701 2.
1428 3630 1529 3702 An
1585 3649 1666 3702 eo
1725 3631 2063 3720 potiatur,
2105 3630 2163 3700 si
2215 3629 2539 3702 habitum
2595 3652 2632 3701 a
2686 3650 2763 3702 se
2818 3633 3079 3723 gestari
3129 3648 3238 3700 so-

574 3768 614 3812 »
653 3743 857 3814 litum
914 3742 1003 3814 ad
1056 3742 1270 3813 breve
1324 3749 1603 3815 tantum
1661 3748 1945 3830 tempus
2001 3737 2353 3831 deponat?
2409 3744 2478 3813 3.
2525 3740 2629 3812 An
2685 3751 2969 3833 praeter
3032 3743 3236 3813 amis-

576 3881 613 3924 »
654 3856 923 3926 sionem
977 3854 1145 3926 dicti
1205 3853 1546 3943 privilegii
1602 3853 2047 3942 intelligatur
2087 3854 2404 3943 privatus
2441 3853 2650 3924 etiam
2709 3856 3072 3945 privilegio
3117 3872 3233 3942 ca-

574 3991 614 4034 »
658 3966 864 4036 nonis
915 3971 985 4036 et
1034 3963 1382 4037 beneficio
1435 3964 1728 4054 capituli
1790 3962 2210 4037 odoardus?
2264 3966 2331 4035 4.
2385 3963 2482 4034 An
2537 3967 2861 4049 amittat,
2929 3969 2987 4037 si
3041 3964 3230 4037 cleri-

575 4102 615 4147 >
656 4078 844 4149 catui
898 4077 1215 4164 omnine,
1259 4077 1497 4148 animo
1540 4096 1602 4144 v.
1650 4095 1716 4167 g.
1760 4075 2223 4148 contrahendi
2267 4077 2820 4164 matrimonium,
2873 4078 2980 4148 vel
3021 4073 3226 4148 dandi

574 4215 613 4258 a>
656 4207 913 4260 nomen
971 4189 1285 4275 militiae,
1328 4195 1398 4261 et
1451 4195 1726 4279 postea,
1774 4193 2044 4258 mutato
2097 4188 2415 4274 consilio,
2458 4188 2781 4259 habitum
2840 4190 3220 4261 clericalem

574 4325 613 4369 »
656 4294 1094 4373 reassumat3
1150 4301 1221 4370 5.
1287 4300 1387 4370 An
1439 4300 1498 4370 si
1555 4299 1894 4369 inserviat
1947 4298 2146 4369 alteri
2201 4298 2566 4385 ecclesiae,
2610 4319 2824 4389 quam
2865 4301 2958 4387 ei,
3000 4300 3099 4370 cui
3139 4311 3217 4365 ex

575 4436 613 4479 ιι
658 4413 992 4485 mandato
1032 4409 1357 4503 Episcopi
1398 4409 1530 4482 fuit
1569 4410 2001 4501 adscriptus,
2032 4410 2339 4500 gaudeat
2377 4412 2620 4481 eodem
2662 4413 3024 4502 privilegio
3060 4397 3216 4479 fori?

721 4547 759 4589 ι»
798 4521 1069 4603 Quibus
1121 4523 1360 4595 dubiis
1411 4521 1956 4614 Congregationi
2008 4521 2296 4593 Concilii
2334 4523 2741 4615 propositiS,
2784 4525 3029 4596 eadem
3065 4536 3219 4592 cen-

574 4654 616 4700 »
655 4634 839 4704 suit:
