3497 5235
596 283 719 358 (1ιο.
742 283 815 341 11.
856 281 930 340 Do
969 281 1233 356 Episcopo,
1273 279 1683 354 Anhiepimpo,
1722 278 1952 337 Prinna
1992 279 2049 337 et
2087 278 2414 339 Patrium
2454 283 2507 355 ἓ.
2534 282 2579 339 1.
2813 279 2929 341 145

261 425 707 507 sentanenm,
763 425 838 488 et
888 417 1434 508 praeteritorum
1489 421 1887 505 temporum
1942 417 2277 488 memoria
2324 423 2693 489 testatum.
2735 412 2931 497 Quae

261 531 444 603 enim
495 528 650 601 loca
705 545 962 600 causas
1011 528 1470 616 rationesque
1524 526 2036 617 suppeditant,
2095 546 2220 599 cur
2275 529 2662 619 generatim
2726 534 2936 619 quot-

262 649 430 732 quot
476 647 651 712 sunt
702 641 1105 712 animarum
1157 645 1482 728 pastores
1536 638 1835 710 fundere
1898 657 2144 728 preces
2205 657 2630 729 sacrumque
2701 639 2934 712 tacere

260 754 566 827 debeant
616 771 746 844 pro
797 750 1091 843 populo,
1150 768 1363 840 quem
1417 758 1702 841 regunt,
1746 769 1833 820 ex
1871 750 2123 822 iisdem
2159 750 2331 822 locis
2368 750 2701 839 efficitur,
2743 751 2934 823 idem

258 867 462 958 plane
516 882 681 936 esse
733 862 1046 936 officium
1094 857 1659 954 Episcoporum:
1717 867 1888 933 sunt
1924 862 2117 932 emm
2152 859 2484 952 Episcopi
2526 863 2599 933 in
2639 879 2932 935 munere

261 974 594 1068 pastorali
634 975 1021 1066 principes.
1079 974 1194 1045 Sic
1245 994 1286 1044 a
1340 973 1566 1062 primo
1599 968 1963 1044 Ecclesiae
2003 977 2161 1043 ortu
2202 990 2432 1044 rerum
2472 981 2935 1045 externarum

260 1086 945 1159 administrationem
997 1085 1357 1175 deponere
1401 1081 1715 1174 Apostoli
1754 1091 2347 1175 properaverunt,
2391 1101 2532 1173 quo
2568 1084 2703 1155 sibi
2744 1103 2935 1156 com-

257 1198 530 1270 modius
580 1199 896 1271 010τίοηί
945 1204 1011 1269 et
1060 1195 1454 1269 ministerio
1503 1195 1694 1267 verbi
1745 1194 2072 1267 insistere
2127 1195 2396 1266 liceret.
2457 1189 2642 1288 (Act.
2686 1191 2810 1283 vl,
2855 1195 2926 1266 4.

258 1316 322 1381 et
350 1305 578 1405 seq.).
639 1306 731 1380 Et
780 1305 1046 1379 Paulus
1098 1307 1187 1379 ad
1240 1303 1690 1379 Colossenses
1725 1305 1813 1377 de
1850 1324 1925 1377 se
1965 1308 2161 1396 ipse:
2204 1306 2363 1378 Non
2402 1325 2785 1389 cessamus,
2824 1309 2934 1379 in·-

258 1422 426 1511 quit,
477 1440 618 1511 pro
652 1420 842 1492 vobis
880 1423 1160 1490 orantes
1210 1423 1279 1491 et
1319 1418 1794 1509 postulantes,
1829 1422 1908 1488 ut
1942 1416 2384 1508 impleamini
2420 1417 2780 1508 agnitione
2814 1438 2934 1491 vo-

256 1532 547 1604 luntatis
577 1533 727 1603 eius
754 1532 831 1601 in
858 1530 1051 1601 omni
1077 1530 1431 1619 sapientia
1465 1536 1531 1600 et
1566 1527 1924 1600 intellectu
1953 1528 2267 1618 spiritali
2304 1522 2441 1621 (Αο
2469 1524 2929 1625 Coloss.1.9.)

258 1639 336 1714 Et
367 1643 464 1715 ad
500 1639 1050 1733 Philippenses:
1111 1640 1397 1714 Gratias
1435 1659 1566 1733 ayo
1606 1640 1746 1711 Deo
1784 1658 1931 1710 meo
1984 1640 2059 1710 in
2098 1640 2291 1710 omni
2325 1640 2664 1712 memoria
2714 1644 2932 1713 vestri

257 1772 511 1844 semper
565 1755 644 1824 in
697 1752 968 1825 cunctis
1019 1752 1453 1824 orationibus
1507 1751 1677 1822 meis
1721 1769 1856 1840 pro
1901 1751 2217 1823 omnibus
2254 1750 2440 1822 vobis
2479 1770 2637 1822 cum
2670 1752 2932 1844 qaudio

258 1865 806 1956 deprecationem
855 1862 1128 1955 faciens
1181 1857 1320 1956 (Αο
1374 1861 1682 1954 Philipp.
1722 1858 1787 1950 I,
1830 1860 2066 1958 3-4.).
2111 1861 2200 1934 Et
2237 1863 2326 1933 ad
2365 1863 2552 1936 hanc
2589 1863 2930 1954 depreca-

257 1977 541 2064 tionem,
601 1976 676 2047 in
727 1993 874 2064 qua
922 1971 1190 2045 Paulus
1241 1992 1402 2045 0001
1458 1974 1715 2065 gaudio
1769 1979 1837 2045 et
1891 1975 2156 2064 gratias
2210 1993 2430 2064 agens
2472 1973 2609 2046 Deo
2647 1993 2927 2067 semper

257 2085 623 2174 haerebat,
682 2104 825 2157 non
879 2089 987 2157 est
1037 2083 1368 2172 dubium,
1427 2086 1603 2174 quin
1655 2084 2084 2157 sacrificium
2120 2083 2686 2159 Eucharisticum
2725 2089 2932 2160 adhi-

260 2198 473 2288 beret,
531 2197 728 2289 quod
780 2205 887 2270 est
940 2197 1634 2287 praestantissimum
1686 2198 2118 2286 precationis
2156 2216 2403 2288 genus,
2446 2206 2517 2269 et
2552 2201 2756 2270 cuins
2808 2199 2927 2271 1110

259 2311 703 2401 potissimum
755 2327 972 2381 causa
1021 2305 1404 2381 Pontifices
1455 2307 1882 2379 christianos
1934 2308 2335 2380 testabatur
2387 2327 2542 2380 esse
2578 2312 2928 2383 constitu·-

260 2428 383 2493 tos.
445 2421 696 2494 Omnis
737 2419 1073 2508 Pontifex
1124 2438 1210 2490 ea:
1260 2419 1652 2490 hominibus
1706 2426 2106 2510 assumptus
2154 2440 2287 2511 pro
2320 2421 2712 2494 hominibus
2767 2441 2932 2495 con-

258 2532 568 2605 stituitur
618 2532 697 2602 in
751 2531 873 2613 iis,
925 2550 1102 2624 quae
1138 2537 1303 2602 sunt
1353 2529 1451 2602 ad
1488 2531 1740 2612 Deum,
1792 2537 1872 2602 ut
1921 2530 2165 2623 offerat
2216 2532 2405 2604 dona
2455 2539 2519 2605 et
2570 2535 2928 2625 sacrificia

253 2663 377 2734 pro
422 2644 729 2734 peccatis
782 2640 921 2737 (Αο
973 2640 1197 2715 Hebr.
1240 2639 1326 2731 V,
1374 2638 1508 2734 1.).

392 2752 1003 2837 Quemadmodum
1061 2773 1229 2826 vero
1280 2771 1367 2825 ex
1402 2753 1514 2825 his
1550 2753 1721 2825 locis
1757 2755 2213 2846 perspicuum
2250 2760 2385 2842 est,
2426 2758 2716 2828 omnino
2752 2754 2927 2849 Epi-

256 2881 494 2957 scopos
545 2864 811 2937 debere
864 2883 1011 2937 rem
1064 2865 1382 2937 divinam
1453 2883 1581 2958 pro
1633 2865 1868 2937 salute
1921 2867 2164 2956 populi
2217 2885 2431 2960 saepe
2486 2867 2762 2957 lacere,
2824 2871 2923 2941 ita

258 2975 455 3049 facile
506 2977 956 3070 intelligitur,
1016 2995 1234 3068 quam
1286 2976 1566 3067 deceat,
1625 2978 1838 3048 immo
1892 2995 2108 3067 quam
2162 2984 2511 3071 oporteat,
2554 2981 2624 3052 in
2669 2980 2928 3053 diebus

255 3088 444 3163 lestis
492 3091 798 3182 singulis
835 3091 1095 3163 tacere.
1119 3129 1167 3143 -
1194 3087 1477 3163 Etenim
1516 3089 1679 3163 lesti
1715 3090 1870 3162 dies
1907 3091 2250 3182 singulari
2291 3091 2607 3180 quadam
2643 3094 2920 3165 ratione

255 3202 570 3294 religioni
614 3201 886 3277 addicti
935 3208 1006 3275 et
1058 3203 1449 3275 consecrati
1487 3208 1699 3273 sunt:
1758 3220 1886 3295 per
1922 3219 2212 3291 003000,
2256 3204 2521 3275 assueti
2562 3205 2929 3277 intermis-

253 3314 439 3386 sione
491 3313 805 3404 laboriS,
875 3313 1281 3387 christianis
1349 3313 1786 3405 praecipitur
1855 3312 2018 3403 plus
2069 3331 2326 3404 operae
2390 3314 2476 3385 iis
2530 3313 2745 3387 rebus
2797 3316 2929 3387 tri-

250 3423 498 3514 buere,
556 3444 745 3517 quae
801 3425 894 3497 ad
945 3424 1416 3499 excolendum
1468 3423 2053 3514 expiandumque
2110 3425 2429 3496 animum
2501 3428 2919 3517 pertinent;

257 3538 550 3609 maxime
603 3555 771 3609 vero
823 3537 1326 3628 augustissimo
1376 3535 1722 3607 sacrificio
1759 3536 2131 3620 interesse,
2174 3553 2315 3625 quo
2354 3539 2650 3607 creatori
2689 3544 2760 3609 et
2799 3556 2927 3628 gu-

173 3688 189 3705 ·
258 3644 607 3720 bernatori
663 3664 900 3719 rerum
953 3647 1268 3719 omnium
1323 3645 1467 3719 Deo
1520 3646 1845 3719 debitum
1897 3646 2149 3718 latriae
2187 3648 2456 3720 cultum
2496 3648 2917 3723 adhibeant.

255 3753 719 3838 Quamobrem
772 3759 929 3851 ipsa
980 3758 1262 3831 videtur
1311 3758 1585 3830 dierum
1640 3757 1979 3829 festorum
2033 3760 2377 3832 sanctitas
2415 3759 2801 3850 postulare,
2844 3770 2923 3834 ut

256 3863 607 3960 Episcopi,
645 3866 1009 3942 Ecclesiae
1059 3869 1199 3941 sibi
1251 3869 1669 3941 commissae
1706 3870 2042 3942 custodes
2077 3878 2145 3943 et
2183 3872 2575 3962 principes,
2615 3873 2927 3945 sanctis-

255 3979 502 4052 simum
537 3979 798 4053 Missae
833 3980 1257 4055 sacrificium
1294 3999 1420 4071 pro
1457 3981 1720 4072 populo
1758 3982 2060 4053 offerant
2096 3979 2267 4070 Deo,
2314 4008 2349 4049 α
2376 4002 2518 4074 000
2555 3991 2923 4074 tamquam

260 4111 297 4157 »
335 4085 691 4163 Ecclesiae
744 4091 1066 4164 fidelium
1117 4092 1569 4183 interpreteS,
1626 4094 1944 4166 omnium
2003 4093 2246 4184 fidem,
2286 4114 2484 4186 spem
2539 4105 2610 4168 et
2664 4099 2930 4169 carita-

255 4223 295 4267 ›
336 4206 473 4272 tem
524 4207 692 4275 ante
742 4202 985 4275 oculos
1034 4199 1316 4274 Domini
1369 4209 1815 4295 statuentes,
1875 4205 2066 4296 quod
2121 4206 2453 4277 omnibus
2507 4207 2580 4277 in
2636 4208 2924 4281 univer-

258 4332 298 4377 »
336 4327 516 4401 sum,
571 4312 911 4405 0000000
963 4314 1221 4404 001000
1275 4313 1592 4386 fidelium
1628 4333 1807 4408 opus
1844 4321 1976 4405 est,
2020 4336 2061 4387 a
2099 4313 2397 4391 Domino
2436 4318 2843 4410 impetrent.
2881 4344 2921 4389 ν

406 4419 624 4497 Huius
659 4424 1081 4517 disciplinae
1116 4424 1337 4518 probe
1373 4428 1991 4518 opportunitatem·
2025 4428 2555 4519 utilitatemque
2592 4431 2927 4504 viderant

253 4529 580 4628 Episcopi
629 4544 947 4627 veteres,
1005 4538 1130 4630 qui
1179 4557 1457 4611 summa
1512 4557 1673 4613 cum
1723 4539 2067 4632 religione
2140 4541 2591 4615 sacrificandi
2665 4561 2926 4615 munus

256 4661 392 4737 per
438 4647 584 4722 dies
633 4649 855 4725 festos
906 4668 1189 4744 semper
1237 4658 1794 4746 usurpaverunt.
1853 4649 2056 4736 Quod
2108 4673 2285 4729 sane
2338 4655 2704 4748 complura
2741 4655 2927 4728 chri-

470 4792 643 4850 Luctm,
677 4792 813 4841 Vicit.
844 4791 983 4842 saer.
1014 4793 1153 4851 Lim..
1185 4792 1305 4843 edit.
1332 4792 1426 4839 111.
1462 4792 1562 4842 Vol.
1591 4792 1635 4840 1.
2655 4797 2710 4841 ιο
