3497 5235
586 298 713 362 204
1336 299 1707 359 lustr-ottoni·
1748 300 1802 357 Β.
1830 298 2013 374 Gongr.
2041 298 2189 358 Oeno.
2231 300 2502 374 expositio.

597 445 810 502 tamen
843 433 1129 521 expedit,
1169 442 1240 499 ut
1271 434 1623 518 Episcopus
1650 452 1720 499 se
1754 431 2112 499 conformet
2159 432 2501 501 pontificali
2553 437 2855 499 Romano.
2885 469 2927 480 -
2967 435 3117 498 127.
3154 432 3259 498 Or-

535 534 539 539 ’
586 536 836 605 dinatio
885 537 1197 625 generalis
1245 536 1381 602 fieri
1432 536 1625 603 debet
1673 538 1737 602 in
1788 535 2179 614 cathedram
2231 547 2292 602 at
2339 537 2633 622 specialis
2664 554 3008 623 paucarum
3044 553 3259 620 perso-

593 659 820 707 narum
869 634 1011 706 fieri
1060 649 1272 727 potest
1321 639 1386 705 in
1434 640 1669 726 capella
1716 638 1984 725 privata.

749 875 913 948 110.
973 873 1220 966 Agitur
1270 875 1345 944 in
1396 874 1642 965 primis
1677 872 1766 944 de
1805 873 2110 961 indulto,
2167 873 2363 963 quod
2414 873 2616 946 audit
2664 880 2875 946 extra
2917 878 3254 963 tempora.

595 985 685 1060 In
740 1006 896 1078 cap.
938 982 1039 1058 De
1074 1004 1157 1057 eo
1191 984 1266 1059 3.
1309 986 1392 1058 de
1427 993 1634 1076 temp.
1676 985 1848 1059 Ord.
1890 985 2273 1056 statuitur:
2336 1007 2373 1051 α
2406 981 2711 1057 Licitum
2751 990 2859 1057 est
2892 981 3262 1075 Episcopis

601 1123 639 1166 »
680 1095 1066 1169 Dominicis
1117 1102 1188 1168 et
1240 1096 1440 1169 festis
1491 1095 1750 1168 diebus
1801 1114 2028 1167 unum
2071 1101 2196 1167 aut
2234 1097 2412 1169 duos
2463 1096 2555 1168 ad
2611 1097 2918 1168 minores
2961 1092 3264 1166 Ordines

597 1234 639 1278 ν
677 1226 1132 1300 promovere3
1189 1208 1317 1281 sed
1351 1207 1442 1279 ad
1477 1207 2074 1280 subdiaconatum
2113 1208 2249 1279 nisi
2303 1208 2376 1279 in
2413 1204 2731 1290 Quatuor
2768 1204 3259 1298 TemporibuS‚

601 1345 639 1388 »
678 1326 804 1392 aut
855 1319 1158 1392 sabbato
1208 1327 1499 1407 sancto,
1575 1319 1687 1391 vel
1738 1320 1813 1391 in
1866 1318 2170 1391 sabbato
2242 1325 2411 1391 ante
2465 1316 2905 1391 Dominicam
2960 1317 3051 1391 de
3101 1314 3266 1388 Pas-

601 1456 639 1498 »
678 1432 904 1520 sione,
963 1432 1140 1503 nulli
1193 1429 1701 1522 Episcoporum
1752 1436 2257 1523 praeterquam
2329 1427 2655 1502 Romano
2717 1428 3046 1502 Pontifici
3104 1430 3265 1501 licet

599 1567 637 1610 ›
678 1542 958 1632 aliquos
1001 1542 1355 1615 ordinare.
1387 1569 1423 1612 »
1480 1538 1716 1614 Poena
1751 1542 2240 1633 suspensionis
2278 1541 2370 1614 ab
2410 1539 2676 1615 Ordine
2715 1543 2900 1615 male
2936 1547 3266 1632 suscepto

595 1653 928 1743 afficitur,
971 1656 1094 1745 qui
1129 1672 1336 1727 secus
1387 1654 1759 1726 ordinatus
1810 1652 2024 1726 fuerit
2076 1671 2162 1725 ex
2213 1653 2381 1743 Cap.
2446 1653 2619 1727 Cum
2668 1653 2948 1745 quidem
2997 1653 3072 1725 8.
3114 1652 3263 1724 eod.

589 1767 745 1847 tit„
780 1771 852 1838 et
904 1786 1061 1858 cap.
1103 1767 1378 1839 Literas
1440 1766 1557 1839 13.
1616 1766 1766 1838 eod.
1824 1767 1937 1839 tit.
1994 1763 2331 1849 Quamvis
2381 1773 2621 1838 autem
2674 1785 2913 1838 sacros
2964 1762 3267 1837 Ordines

592 1877 667 1948 in
716 1874 1035 1959 Quatuor
1084 1875 1507 1971 Temporum
1579 1877 2154 1951 hebdomadibus
2218 1877 2689 1951 conferendos
2754 1895 2910 1949 esse
2977 1882 3267 1948 cautum

592 1990 727 2077 sit,
802 2008 943 2061 non
1000 1990 1259 2062 idcirco
1311 1990 1476 2062 licet
1529 1991 1602 2062 in
1655 1990 1978 2080 quolibet
2026 1989 2525 2062 hebdomadae
2576 1992 2738 2079 die,
2806 1988 2935 2061 sed
2982 1994 3265 2061 tantum

596 2103 672 2173 in
708 2102 1041 2175 sabbato.
1099 2099 1422 2194 Fagnan.
1469 2102 1546 2176 C.
1588 2103 1687 2174 De
1737 2122 1814 2174 eo
1858 2101 1946 2173 de
1997 2107 2224 2193 temp.
2266 2098 2596 2175 Ordinat.
2655 2121 2729 2174 n.
2775 2101 2895 2173 17.
2934 2106 3002 2173 et
3039 2098 3161 2172 18.
3202 2104 3270 2172 et

597 2213 913 2288 Barbosa
964 2215 1047 2287 de
1098 2216 1212 2308 off.
1251 2221 1318 2287 et
1359 2221 1508 2305 pot.
1543 2233 1712 2304 par.
1756 2220 1899 2286 art.
1946 2212 2062 2286 17.
2107 2234 2180 2285 η.
2227 2214 2295 2288 1.
2337 2222 2403 2288 et
2439 2214 2511 2288 3.
2547 2234 2624 2305 p.
2666 2235 2742 2286 η.
2780 2213 2857 2286 2.

747 2327 911 2396 111.
969 2323 1165 2397 Haec
1200 2325 1289 2397 de
1325 2326 1615 2397 statutis
1667 2324 2139 2397 ordinationis
2188 2326 2635 2416 temporibus
2680 2325 3061 2417 disciplina
3102 2323 3271 2396 sub·

591 2439 771 2509 verti
825 2455 968 2508 non
1019 2442 1254 2529 potest
1305 2438 1659 2508 contraria
1711 2436 2232 2510 consuetudine
2283 2454 2367 2508 ex
2428 2439 2597 2530 Cap.
2656 2437 2731 2510 8.
2789 2456 2954 2509 sesS.
3000 2434 3131 2508 23.
3194 2436 3271 2508 de

596 2550 964 2642 Reform„
1019 2549 1093 2620 in
1146 2566 1286 2639 quo
1337 2549 1859 2643 praescriptum
1908 2553 2058 2639 est,
2135 2554 2213 2622 ut
2269 2571 2306 2615 «ι
2339 2545 2845 2623 Ordinationes
2904 2567 3269 2622 sacrorum

596 2685 636 2730 »
675 2657 1026 2733 Ordinum
1075 2662 1366 2735 statutis
1418 2680 1458 2731 a
1513 2662 1664 2733 iure
1715 2660 2161 2753 temporibus
2224 2681 2308 2735 ac
2360 2663 2434 2733 in
2487 2662 2877 2735 cathedrali
2940 2661 3266 2749 ecclesia,

594 2799 633 2841 ›
674 2775 943 2846 vocatis
987 2773 1630 2864 praesentibusque
1683 2772 1775 2844 ad
1828 2773 1898 2844 id
1954 2774 2296 2846 ecclesiae
2334 2774 2722 2861 canoniciS‚
2765 2772 3050 2865 publice
3088 2773 3272 2845 cele-

595 2909 633 2952 »
671 2884 995 2958 brentur.
1027 2912 1065 2952 ι»
1119 2881 1441 2957 Iamvero
1478 2886 1927 2957 tritissimum
1962 2892 2096 2973 est,
2147 2886 2338 2974 quod
2377 2892 2624 2958 contra
2659 2885 2942 2957 decreta
2978 2881 3268 2956 Concilii

596 2992 917 3069 Trident.
976 2997 1250 3068 nullam
1303 2996 1567 3069 habeat
1620 2996 1764 3067 vim
1818 3014 2316 3087 quaecumque
2370 2998 2726 3069 contraria
2779 2995 3263 3082 consuetudo,

593 3115 675 3181 ut
709 3115 911 3200 patet
947 3125 1032 3179 ex
1060 3105 1355 3179 Constit.
1391 3104 1494 3179 Pii
1529 3104 1651 3179 IV.
1688 3110 1771 3181 In
1801 3109 2161 3199 Principis
2190 3110 2742 3200 Apostolorum„
2770 3107 3043 3181 Bened.
3072 3103 3261 3180 xlv,

592 3224 772 3295 Inst.
830 3241 971 3294 ecc.
1032 3222 1150 3294 60.
1211 3241 1285 3292 n.
1329 3219 1400 3292 7.
1462 3239 1622 3292 cum
1675 3222 2035 3293 communi
2089 3220 2284 3311 apud
2336 3221 2407 3292 S.
2451 3219 2793 3313 congreg.
2852 3219 3143 3294 Concilii
3192 3218 3269 3289 in

592 3336 907 3408 Florem.
957 3335 1319 3425 capellan.
1363 3353 1569 3426 super
1621 3335 1877 3407 incom.
1938 3336 2008 3406 6.
2051 3331 2218 3406 Iun.
2266 3334 2477 3406 1863.
2526 3331 2601 3429 g.
2643 3336 2828 3406 Haec
2879 3352 2994 3405 ex.
3054 3328 3273 3404 Exce-

591 3449 911 3540 ptionem
947 3447 1213 3521 habere
1249 3447 1547 3518 fortasse
1583 3447 1842 3538 poterit
1879 3447 2318 3519 consuetudo
2356 3445 2931 3518 immemorabilis
2970 3443 3078 3516 vel
3116 3460 3275 3515 cen-

590 3561 923 3641 tenaria,
990 3560 1158 3649 quia
1211 3560 1286 3631 in
1339 3559 1527 3631 dicto
1579 3560 1816 3649 capite
1868 3559 2003 3650 ipsi
2055 3576 2387 3649 expresse
2439 3577 2584 3631 non
2637 3557 3046 3649 derogatur.
3105 3552 3263 3626 Vid.

591 3670 781 3743 infra
840 3690 912 3742 n.
977 3671 1140 3741 126.

740 3784 903 3853 112.
964 3779 1336 3873 Privilegia
1406 3800 1448 3852 a
1500 3781 1809 3854 Summis
1864 3779 2330 3854 Pontificibus
2396 3800 2732 3855 concessa
2788 3780 3271 3874 Regularibus

541 3931 544 3936 -
592 3893 984 3985 recipiendi
1039 3888 1342 3964 Ordines
1405 3900 1604 3965 extra
1667 3900 1988 3983 tempora
2039 3895 2304 3965 servari
2368 3895 2638 3968 debent
2701 3896 2899 3966 iuxta
2951 3894 3272 3966 declara-

589 4005 855 4077 tionem
910 4005 984 4075 in
1039 4004 1328 4095 speciali
1388 4001 1949 4097 Congregatione
2012 4005 2281 4078 editam
2334 4008 2643 4094 tenoris,
2721 4007 2845 4095 qui
2896 4006 3269 4096 sequitur,

593 4117 792 4208 apud
826 4114 1092 4189 Girald.
1138 4118 1211 4188 in
1250 4117 1394 4188 Ius,
1437 4117 1650 4190 Pont.
1711 4118 1800 4189 P.
1845 4118 1940 4189 ΙΙ.
1998 4123 2162 4190 sect.
2205 4118 2326 4192 95.
2377 4137 2550 4211 paq.
2592 4118 2761 4192 946.
2826 4142 2864 4183 ‹
2897 4115 3276 4206 Privilegia

595 4221 631 4298 ὁ
675 4250 716 4300 a
769 4227 1078 4300 Summis
1131 4226 1594 4301 Pontificibus
1645 4234 1796 4300 tam
1848 4235 2062 4318 ante,
2122 4247 2340 4319 quam
2391 4237 2553 4323 post
2603 4227 2815 4302 Conc.
2870 4227 3064 4301 Trid.
3120 4226 3279 4298 sive

593 4364 631 4407 »
672 4357 1029 4431 expresse,
1083 4340 1231 4412 sive
1285 4359 1412 4431 per
1458 4340 1643 4411 viam
1696 4342 2364 4413 communicationis
2399 4339 2883 4434 Regularibus
2937 4356 3281 4414 concessa

592 4474 631 4518 »
672 4452 1107 4544 suscipiendi
1175 4471 1413 4524 sacros
1482 4449 1787 4526 Ordines
1857 4458 2060 4525 extra
2126 4458 2494 4544 tempora,
2571 4455 2954 4546 persistere
3016 4454 3089 4524 in
3136 4469 3279 4522 suo

595 4585 633 4628 »
673 4561 951 4651 robore,
1010 4582 1141 4636 nec
1178 4565 1262 4636 iis
1299 4564 1519 4636 fuisse
1557 4583 1880 4655 unquam
1917 4566 2364 4656 derogatum,
2411 4584 2496 4637 ac
2530 4565 2831 4655 proinde
2870 4571 3026 4637 tuto
3062 4578 3282 4655 posse

590 4699 628 4742 »
670 4670 1065 4766 Regulares
1113 4676 1429 4748 ordinari
1482 4684 1681 4749 extra
1719 4684 2039 4769 tempora
2092 4675 2369 4766 absque
2415 4695 2596 4750 novo
2650 4676 2933 4749 indulto
2975 4678 3287 4768 Aposto-
