3497 5235
537 304 652 367 ¹40
1286 304 1654 363 humationi·
1696 302 1750 360 Β.
1778 301 1959 375 Oonssr.
1989 301 2135 360 Gono.
2177 301 2449 375 multia.

529 443 775 529 etiam,
825 441 1018 532 quod
1073 459 1200 531 pro
1251 442 1594 513 varietate
1633 441 1946 513 locorum
1982 457 2067 511 ac
2101 444 2499 528 temporum
2531 442 2765 530 potest
2802 434 3191 526 aliqnando

532 571 978 644 summopere
1032 551 1371 643 prodesse
1431 549 1791 625 Ecclesiae
1840 548 2317 637 utilitatibuS,
2374 551 2435 620 si
2484 544 2818 639 Episcopi
2885 545 3192 639 publicis

532 665 690 736 istis
744 664 1196 755 generalibus
1248 663 1567 736 coetibus
1635 661 2020 750 intersint3
2084 678 2124 732 e
2180 667 2427 734 contra
2478 661 2656 732 alias
2723 658 2874 732 fieri
2927 664 3185 749 potest,

535 783 619 849 ut
666 773 1026 850 Ecclesiae
1078 775 1309 865 obsit,
1366 776 1425 847 si
1474 772 1811 869 Episcopi,
1874 775 2125 848 iisdem
2181 773 2499 847 coetibus
2547 772 2829 860 adsint,
2898 770 3192 861 quando

539 906 652 960 ex.
696 907 798 980 gr.
851 886 1210 961 Ecclesiae
1249 889 1402 959 iura
1439 887 1883 979 pessumdari
1934 887 2242 959 infauste
2278 886 2690 977 contingat3
2747 883 3075 973 quocirca
3108 899 3192 954 eo

541 1003 768 1093 magis
799 998 1113 1092 praestat
1149 1001 1221 1072 in
1257 999 1545 1073 casibus
1581 998 2134 1091 particularibus
2166 997 2636 1089 Apostolicam
2671 993 2924 1068 Sedern
2961 994 3186 1067 adire.

687 1114 759 1184 6.
817 1110 1209 1206 Episcopus
1263 1117 1462 1184 extra
1516 1113 1904 1199 civitatem,
1961 1109 2085 1183 ubi
2134 1108 2568 1183 cathedralis
2618 1110 2754 1182 sita
2806 1115 2937 1195 est,
2979 1108 3041 1179 si
3084 1125 3198 1180 se-

538 1224 706 1297 dem
757 1244 960 1297 suam
996 1232 1297 1313 statuat,
1338 1232 1408 1297 et
1444 1225 1908 1298 nihilominus
1959 1226 2032 1296 in
2069 1224 2310 1314 aliquo
2347 1241 2521 1296 suae
2556 1221 2901 1295 dioecesis
2934 1220 3196 1314 oppido

538 1337 877 1425 resideat,
934 1337 1237 1410 violatae
1292 1336 1720 1409 residentiae
1769 1354 1931 1410 reus
1983 1354 2124 1410 non
2179 1344 2287 1410 est
2338 1334 2743 1407 habendus
2799 1330 3200 1406 Tridentini

540 1449 732 1520 enim
786 1446 1029 1522 Patres
1081 1456 1150 1521 et
1203 1447 1470 1521 Summi
1522 1447 1904 1523 Pontifices
1952 1447 2361 1521 huiusmodi
2413 1453 2869 1537 praeceptum
2923 1461 3070 1516 non
3105 1443 3202 1517 ad

540 1559 915 1631 ecclesiam
967 1560 1476 1648 cathedralem,
1532 1579 1660 1633 seu
1711 1560 2071 1634 civitatem
2124 1560 2526 1631 dioeceseos
2575 1558 2966 1649 principem
3003 1572 3202 1628 coer-

421 1771 424 1774 ,
541 1677 732 1758 3331,
788 1672 913 1743 sed
967 1672 1059 1744 ad
1111 1671 1514 1761 dioecesim,
1559 1672 1882 1762 adeoque
1934 1671 2026 1743 ad
2078 1675 2304 1743 totum
2341 1670 2656 1742 eiusdem
2694 1667 3040 1740 ambitum
3078 1686 3204 1738 ex-

544 1783 838 1857 tendere
874 1784 1159 1857 dicendi
1194 1794 1391 1857 5331.
1435 1782 1618 1856 Hinc
1652 1783 1724 1856 S.
1758 1783 1830 1858 C.
1866 1782 2076 1858 Conc.
2120 1785 2195 1855 13
2226 1784 2432 1857 civit.
2471 1783 2752 1858 castell.
2794 1788 2859 1853 et
2894 1782 3195 1853 Hortari.

553 1895 668 1965 18.
710 1890 872 1966 Iun.
920 1896 1130 1967 1624.
1190 1893 1352 1988 (lib.
1384 1897 1498 1967 12.
1541 1897 1731 1969 decr.
1775 1913 1941 1987 pag.
1970 1889 2175 1990 173.)
2212 1894 2303 1967 ad
2345 1894 2410 1963 1.
2452 1893 2750 1967 dubium
2788 1890 3195 1982 respondit:

547 2029 588 2073 ‹
625 2003 1056 2098 Episcopum
1109 2009 1184 2079 in
1239 2008 1478 2098 aliqua
1532 2015 1732 2101 parte
1786 2008 2078 2080 alterius
2128 2027 2216 2079 ex
2268 2008 2475 2081 dictis
2520 2004 2963 2079 dioecesibus
2997 1999 3197 2097 (Cio.

551 2141 588 2186 ›
636 2118 915 2192 Castell.
972 2123 1038 2191 et
1089 2114 1431 2213 Horten.)
1501 2120 1928 2192 residentem
1991 2137 2166 2191 suae
2218 2118 2632 2210 obligationi
2695 2120 2942 2207 utique
2994 2117 3210 2188 satis-

556 2252 593 2296 »
636 2228 910 2316 lacere,
968 2230 1140 2302 dum
1190 2235 1429 2301 tamen
1503 2230 1575 2301 in
1646 2231 1890 2320 aliqua
1953 2251 2037 2302 ex
2091 2231 2238 2302 suis
2291 2228 2824 2303 cathedralibus
2892 2225 3209 2300 resideat

557 2340 1073 2430 »temporibus
1123 2340 1213 2411 ab
1268 2343 1518 2414 eodem
1567 2339 1874 2413 Concilio
1930 2344 2383 2434 praescriptis
2434 2339 2602 2432 Cap.
2661 2343 2726 2411 1.
2783 2337 2856 2436 ἓ.
2911 2339 3209 2411 Eosdem

559 2453 922 2525 »interim
981 2453 1308 2524 admonet
1381 2470 1558 2527 sess.
1613 2455 1735 2524 23.
1781 2479 1818 2523 ›
1899 2450 2095 2526 Idem
2166 2454 2484 2526 decisum
2553 2459 2660 2525 est
2731 2453 2802 2524 in
2857 2451 3201 2524 Acernen.

559 2561 677 2633 17.
709 2560 870 2636 Maii
906 2565 1117 2637 1636.
1144 2564 1318 2639 dub.
1341 2566 1410 2637 5.
1445 2561 1670 2658 (apud
1700 2564 2038 2638 Zamboni
2071 2567 2244 2641 Goll.
2278 2567 2452 2639 decl.
2484 2567 2557 2640 S.
2585 2565 2659 2640 C.
2690 2564 2895 2639 Cone.
2927 2569 3099 2635 torn.
3128 2564 3200 2634 3.

553 2673 769 2745 verbo
806 2676 1216 2767 Episcopus,
1251 2676 1325 2770 ἓ.
1361 2675 1558 2748 ΧΧΙ.
1605 2698 1674 2749 3.
1711 2680 1783 2749 3.
1827 2698 1991 2770 pag.
2027 2679 2263 2774 346.),
2321 2678 2443 2750 ubi
2480 2678 2801 2750 additum
2839 2676 2998 2762 tuit,
3038 2671 3212 2765 Epi-

550 2802 764 2876 scopo
814 2787 950 2859 hac
1001 2788 1089 2859 de
1142 2806 1354 2860 causa
1407 2808 1550 2861 non
1604 2789 1845 2862 deberi
1898 2793 2492 2881 procurationem.

704 2899 774 2968 7.
834 2894 1334 2989 Nihilominus,
1390 2903 1623 2992 prouti
1678 2907 1963 2974 cavetur
2000 2904 2072 2973 13
2108 2904 2299 2976 dicta
2337 2903 2544 2978 civit.
2580 2902 2863 2977 Castelt.
2901 2906 2967 2971 et
3001 2901 3204 2970 Hori.

558 3010 748 3099 apud
800 3010 1283 3083 cathedralem
1334 3010 1730 3105 Episcopus
1783 3016 1988 3086 certis
2043 3015 2480 3105 temporibus
2547 3013 2851 3086 residere
2918 3009 3212 3083 omnino

557 3124 839 3193 tenetur
909 3123 1103 3193 iuxta
1168 3121 1552 3197 Concilium
1615 3122 1930 3199 Trident.
1990 3123 2174 3199 8355.
2227 3129 2346 3197 23.
2407 3145 2566 3216 cap.
2622 3127 2686 3195 1.
2746 3125 2829 3196 de
2879 3124 3212 3213 reform..

555 3234 630 3305 in
702 3252 840 3322 quo
909 3231 1301 3307 Tridentini
1370 3233 1616 3310 Patres
1681 3235 2067 3330 Episcopos
2136 3221 2509 3311 hortantur
2583 3260 2620 3300 ιι
2672 3254 2759 3308 33
2826 3252 2950 3326 per
3019 3234 3216 3306 illius

559 3348 970 3436 »temporis
1038 3349 1393 3437 spatium,
1455 3346 1800 3422 Dominici
1855 3351 2261 3438 AdventuS,
2317 3348 2955 3441 Quadragesimae,
3014 3342 3219 3418 Nati-

423 3482 426 3487 ·
560 3479 596 3522 »
638 3457 916 3544 vitatis,
975 3455 1542 3531 Resurrectionis
1597 3458 1917 3541 Domini,
1977 3460 2472 3551 Pentecostes,
2531 3464 2699 3535 item
2760 3467 2827 3532 et
2890 3457 3216 3549 Corporis

559 3589 595 3634 »
636 3564 891 3638 Christi
944 3568 1225 3656 diebuS,
1282 3570 1546 3659 quibus
1596 3572 1793 3644 refici
1847 3575 2149 3645 maxime
2188 3581 2258 3646 et
2296 3575 2366 3645 in
2405 3573 2701 3645 Domino
2740 3570 3048 3664 gaudere
3086 3588 3216 3660 pa-

560 3701 597 3745 »
638 3680 848 3751 storis
903 3683 1305 3771 praesentia
1355 3701 1521 3755 oves
1572 3683 1909 3771 debeant,
1970 3684 2099 3775 ipsi
2155 3685 2247 3755 ab
2300 3685 2596 3757 ecclesia
2651 3703 2777 3755 sua
2816 3681 3214 3754 cathedrali

563 3815 599 3858 »
644 3791 786 3862 ullo
838 3799 1044 3883 pacto
1096 3791 1380 3881 absint,
1440 3796 1571 3866 nisi
1625 3796 2050 3886 episcopalia
2111 3799 2350 3869 munia
2424 3798 2493 3868 in
2545 3816 2672 3868 sua
2727 3794 3027 3865 dioecesi
3093 3810 3218 3864 eos
3276 3804 3281 3807 ’

571 3927 607 3969 ›
649 3904 787 3974 alio
840 3913 1116 3977 vocent.
1157 3931 1191 3973 »
2684 3962 2688 3966 .

706 4017 778 4085 8.
836 4011 1155 4106 Idipsum
1193 4017 1458 4109 pluries
1493 4017 1662 4089 alibi
1700 4018 2087 4091 declaravit
2142 4016 2213 4089 S.
2254 4017 2328 4091 C.
2372 4017 2613 4103 Conc.,
2672 4018 3087 4110 praesertim
3141 4015 3217 4085 in

574 4124 863 4197 Vatven.
925 4128 1039 4197 13.
1086 4126 1378 4218 Augusti
1422 4129 1635 4200 1650.
1677 4131 1767 4200 ad
1819 4131 1885 4199 1.
1930 4129 2228 4201 dubium
2281 4128 2441 4225 (lib.
2482 4131 2596 4201 19.
2640 4130 2904 4201 decret.
2946 4145 3020 4219 p.
3059 4123 3219 4219 71.)

564 4260 604 4302 ‹
643 4236 875 4312 Posito
927 4241 1207 4313 decreto
1258 4241 1467 4314 Cone.
1509 4239 1698 4314 Trid.
1758 4241 1927 4333 Cap.
1978 4245 2041 4312 1.
2101 4261 2277 4315 sess.
2319 4245 2475 4331 23.,
2517 4263 2608 4316 33
2656 4240 2984 4332 Episcopi
3040 4248 3226 4311 tem-

567 4373 603 4416 »
644 4350 936 4442 poribus
985 4355 1441 4445 praescriptis
1493 4355 1564 4426 in
1617 4355 1807 4428 dicto
1859 4355 2029 4446 Cap.
2082 4359 2145 4426 1.
2205 4374 2378 4428 sess,
2420 4358 2491 4428 2.
2549 4353 2623 4450 ἓ.
2668 4356 2957 4436 Eodem,
2995 4354 3067 4424 in
3106 4371 3225 4425 ec-

567 4483 603 4528 »
647 4462 858 4533 clesia
910 4482 1038 4535 sua
1094 4466 1400 4538 residere
1452 4475 1859 4556 teneantur,
1917 4488 2009 4539 an
2065 4486 2224 4539 vero
2273 4468 2447 4539 satis
2498 4469 2615 4555 sit,
2672 4473 2751 4538 ut
2803 4468 2875 4537 in
2911 4466 3222 4537 dioecesi

570 4595 606 4638 »
648 4569 1064 4647 resideant?
1119 4573 1190 4646 S.
1232 4573 1339 4666 C.,
1383 4579 1677 4651 articulo
1712 4579 2121 4651 huiusmodi
2158 4586 2486 4651 accurate
2521 4577 2866 4664 discusso,
2905 4576 3221 4666 censuit,

568 4707 604 4750 »
645 4680 1030 4776 Episcopos
1080 4688 1547 4778 temporibus,
1605 4697 1681 4762 ut
1732 4706 1979 4780 snpra,
2034 4690 2493 4782 praescriptis
2550 4691 2769 4763 teneri
2808 4690 2881 4759 in
2916 4688 3226 4762 ecclesia
