3497 5235
583 287 705 350 268
1340 285 1708 345 humationis
1750 285 1802 343 8.
1831 285 2013 359 Gom.
2041 285 2188 344 00110.
2226 284 2503 361 expositio.

592 441 787 496 mum
841 420 1160 509 exilium,
1216 419 1433 491 veluti
1474 439 1724 491 aurum
1762 420 1835 491 in
1872 420 2038 511 igne
2077 419 2483 512 probatum,
2526 420 2766 492 sedem
2804 419 3070 491 honoris
3115 419 3203 489 sui

585 532 934 625 singulari
993 528 1116 602 Dei
1170 532 1616 622 providentia
1668 532 1921 603 iterum
1977 539 2494 621 recuperasset,
2551 551 2590 604 e
2643 551 2916 605 summa
2956 528 3207 601 Pontifi-

593 646 745 717 ciae
799 643 1182 715 cathedrae
1233 642 1521 732 specula
1574 644 1796 715 sensit
1864 661 2010 714 rem
2066 662 2340 715 sacram
2397 663 2540 715 non
2593 644 2824 716 solum
2876 645 2944 715 in
3001 639 3205 713 Galliis

594 759 852 830 iterum
909 754 1427 846 perturbatam,
1469 756 1593 828 sed
1632 758 1703 828 in
1741 757 1930 826 0111111
1969 772 2153 843 pene
2188 751 2473 845 Europa
2513 756 2612 827 ita
2648 761 2999 827 vastatam
3032 759 3210 842 atque

594 869 1039 954 subversam,
1096 872 1174 939 ut
1224 885 1352 957 pro
1403 867 1823 956 reparandis
1875 867 2422 939 contritionibus
2455 863 2679 938 Israel
2718 885 2970 958 magno
3003 868 3210 953 utique

596 979 842 1051 labore
909 979 1368 1067 sollertiaque
1439 978 1794 1049 indefessa
1862 996 2041 1068 opus
2093 978 2298 1051 foret.
2357 975 2613 1071 Itaque
2679 998 2804 1071 per
2855 977 3212 1069 epistolium

597 1087 842 1186 (vulgo
879 1087 1217 1187 biqlietto)
1268 1086 1423 1160 Emi
1461 1073 1667 1161 Carffl
1710 1086 2267 1162 Pro-secretarii
2306 1088 2547 1163 Status
2583 1092 2773 1163 dicto
2812 1108 2996 1161 anuo
3034 1085 3209 1158 1814.

594 1202 743 1274 dati
796 1202 885 1273 ad
941 1199 1295 1273 Revmum
1345 1199 1424 1272 P.
1469 1199 1830 1290 Fontana‚
1888 1210 2135 1291 postea
2188 1201 2260 1273 S.
2302 1201 2391 1274 R.
2435 1201 2520 1274 E.
2562 1201 3042 1288 Cardinalem,
3092 1207 3214 1271 tum

593 1310 1145 1385 Barnabitarum
1199 1309 1644 1401 Generalem,
1701 1311 2363 1406 Congregationem,
2405 1314 2495 1387 de
2530 1334 2674 1404 qua
2729 1314 3099 1403 loquimur,
3129 1325 3217 1379 re-

593 1428 854 1515 stituit,
912 1445 1039 1498 seu
1091 1426 1327 1516 potius
1378 1425 1466 1498 de
1520 1444 1700 1498 novo
1753 1429 1826 1497 in
1878 1435 2304 1519 perpetuum
2357 1428 2664 1515 creavit,
2722 1427 2837 1497 cui
2892 1431 3043 1497 octo
3087 1419 3220 1492 Car-

600 1538 879 1609 dinales
932 1554 1163 1608 rerum
1217 1537 1854 1610 ecclesiasticarum
1908 1541 2163 1629 peritia
2203 1558 2482 1628 usuque
2518 1537 2979 1630 spectabiles,
3019 1534 3221 1607 Secre-

598 1649 861 1720 tarium
915 1653 985 1719 et
1038 1649 1358 1737 quinque
1425 1647 1876 1723 consultores
1943 1651 2262 1737 addixit,
2320 1651 2531 1741 eique
2599 1669 2864 1722 munus
2935 1644 3217 1720 adiunxit

597 1759 1056 1852 expendendi
1107 1761 1388 1850 singula
1440 1763 1754 1852 negotia,
1812 1781 1998 1852 quae
2050 1781 2136 1833 ex
2188 1768 2338 1834 toto
2376 1762 2723 1834 catholico
2759 1760 2935 1832 orbe
2988 1757 3056 1830 S.
3087 1754 3220 1829 Sodi

597 1869 1075 1958 deferrentur,
1133 1871 1489 1961 simulque
1544 1874 2038 1945 auctoritatem
2074 1875 2376 1946 contulit
2412 1873 2866 1946 deliberandi
2909 1866 3220 1961 quidquid

595 2000 723 2075 pro
778 2000 1010 2053 10111111
1067 1984 1598 2072 opportunitate
1652 1987 1864 2056 rectis
1915 2004 1999 2056 ac
2033 1987 2229 2057 sanis
2264 1986 2790 2057 ecclesiasticae
2842 1982 3221 2072 disciplinae

597 2094 862 2184 regulis
903 2112 985 2164 ac
1020 2093 1427 2183 pontificiae
1465 2097 1868 2168 auctoritati
1923 2097 2148 2188 magis
2186 2096 2544 2168 conforme
2598 2096 2671 2168 in
2721 2094 3022 2166 Domino
3066 2090 3225 2162 vide-

597 2209 740 2275 tur.
801 2200 1145 2275 Eumdem
1201 2201 1549 2277 Revmum
1586 2204 1908 2279 Fontana
1948 2209 2255 2297 primum
2300 2209 2771 2281 Secretarium
2823 2203 3217 2288 nominavit3

604 2316 791 2388 inter
841 2314 1291 2387 consultores
1320 2318 1503 2390 viros
1528 2319 1852 2391 doctrina
1891 2321 2208 2412 insignes
2258 2321 2646 2408 recensuit,
2706 2319 2961 2407 quales
3006 2329 3225 2404 nempe

597 2425 888 2498 fuerunt
951 2423 1227 2498 Marcus
1273 2424 1693 2517 Mastrolini,
1735 2429 2059 2521 Aloysius
2120 2429 2695 2518 Lambruschini,
2754 2436 3001 2520 postea
3057 2441 3230 2519 prae·

597 2538 1034 2609 clarissimus
1086 2536 1482 2613 Cardinalis
1532 2560 1615 2612 00
1665 2543 2100 2615 Secretarius
2150 2564 2191 2614 a
2234 2540 2552 2635 Negotiis
2603 2539 3020 2614 Pontificiae
3055 2537 3230 2610 ditio-

597 2652 752 2738 1115,
806 2658 879 2723 et
928 2648 1218 2722 Maurus
1277 2650 1719 2745 Cappellari,
1777 2652 2093 2747 Gregorii
2148 2652 2339 2726 XVI.
2405 2655 2694 2726 1101111110
2752 2654 3101 2744 posterius
3154 2645 3227 2718 ad

598 2760 1020 2835 Cathedram
1064 2760 1506 2835 Pontificiam
1560 2767 1867 2837 maximo
1919 2785 2079 2838 cum
2131 2764 2494 2839 Ecclesiae
2574 2764 3051 2837 emolumento
3096 2776 3231 2851 pro-

598 2883 860 2948 motus.

745 2988 915 3058 255.
949 2984 1134 3059 Hinc
1177 2986 1442 3061 factum
1489 2995 1648 3077 est,
1699 2997 1781 3062 ut
1827 2990 2234 3063 huiusmodi
2296 2987 2760 3082 Congregatio
2822 2984 3227 3080 gravioribus

596 3099 817 3169 totius
871 3097 1200 3172 catholici
1244 3098 1437 3170 orbis
1475 3101 1777 3190 negotiis
1813 3101 2279 3191 expediendis
2313 3119 2600 3194 operam
2638 3100 2871 3187 daret,
2916 3106 2986 3171 et
3030 3110 3222 3169 rerum

598 3212 1025 3283 necessitate
1054 3211 1152 3283 ita
1181 3210 1481 3300 ferente,
1516 3213 1977 3303 conspicuum
2007 3221 2077 3286 et
2113 3213 2570 3304 splendidum
2600 3214 2784 3283 inter
2817 3210 2996 3282 alias
3024 3222 3228 3282 sacras

603 3320 841 3394 Almae
898 3319 1109 3393 Urbis
1157 3319 1751 3414 congregationes
1802 3324 2037 3395 locum
2090 3327 2515 3415 acquireret.
2557 3321 2660 3394 Ea
2707 3341 2919 3414 porro
2970 3338 3099 3413 ope
3140 3315 3231 3390 sui

600 3430 1013 3521 Secretarii‚
1072 3434 1194 3522 qui
1247 3435 1584 3506 continuo
1636 3455 1678 3506 a
1732 3442 1913 3506 nutu
1965 3433 2360 3508 Cardinalis
2412 3435 2789 3507 Secretarii
2838 3431 3085 3507 Status
3127 3430 3230 3502 de·

597 3545 911 3633 pendet,
970 3561 1054 3614 ac
1103 3543 1556 3616 hebdomada
1609 3546 1933 3636 qualibet
1984 3554 2174 3619 certo
2227 3547 2341 3618 die
2381 3546 2833 3619 Audientiam
2890 3566 2931 3615 a
2978 3547 3232 3617 Summo

597 3651 941 3728 Pontifice
992 3656 1303 3746 obtinet,
1363 3676 1523 3729 011111
1576 3660 1894 3730 omnium
1949 3660 2301 3732 ditionum
2351 3630 2684 3744 fiuntiis,
2741 3655 3226 3739 Internuntii5‚

600 3768 903 3858 aliisque
956 3786 1192 3839 rerum
1253 3766 1784 3843 Pontificiarum
1855 3771 2250 3863 gestoribus
2313 3771 2691 3862 epistolare
2764 3768 3228 3843 commercium

598 3878 866 3967 babet,
923 3886 1041 3967 et,
1099 3881 1391 3969 quando
1442 3900 1621 3972 opus
1672 3888 1815 3970 est,
1873 3902 2033 3954 011111
2086 3879 2506 3955 Oratoribus
2573 3884 2786 3954 etiam
2859 3887 3229 3953 exterarum

599 3992 973 4063 nationum
1028 3992 1219 4081 apud
1274 3992 1344 4063 S.
1404 3994 1654 4065 Sedem
1708 3993 2191 4065 residentibus
2242 3994 2568 4066 cominus
2601 3994 2787 4084 agit,
2831 4000 2913 4065 ut
2952 3990 3223 4084 negotia,

600 4120 786 4192 quae
840 4102 1133 4175 suborta
1172 4103 1464 4193 fuerint,
1505 4109 1918 4196 pertractet,
1960 4123 2044 4176 ac
2076 4106 2165 4177 de
2200 4107 2559 4178 sententia
2612 4102 2686 4176 S.
2721 4102 2796 4176 C.
2842 4112 2914 4177 et
2961 4099 3231 4176 auctori-

599 4221 748 4287 tate
803 4212 1078 4287 Summi
1128 4212 1494 4289 Pontificis
1546 4218 1907 4309 expediat.

742 4327 916 4397 256.
977 4323 1148 4399 Cum
1204 4328 1447 4418 itaque
1500 4328 1599 4417 id,
1658 4327 1851 4419 quod
1906 4326 1998 4399 ab
2051 4327 2301 4400 eadem
2353 4329 2723 4417 statuitur,
2784 4346 3062 4419 semper
3107 4323 3227 4394 1010

598 4456 922 4510 normam
970 4439 1314 4529 praebere
1349 4440 1611 4512 debeat
1636 4440 1972 4512 omnibus
2008 4441 2224 4513 unius
2258 4441 2723 4530 eiusdemque
2773 4439 3058 4512 ditionis
3090 4431 3228 4523 Epi-

596 4550 857 4641 scopiS,
899 4550 969 4619 S.
1013 4547 1086 4620 C.
1128 4549 1444 4640 Concilii,
1485 4552 1655 4623 dum
1701 4552 1914 4623 alicui
1967 4548 2317 4642 Episcopo
2366 4551 2780 4642 singulatim
2827 4546 3223 4642 responden-

599 4661 772 4735 dum
825 4669 1173 4749 occurrat,
1229 4662 1552 4751 prudens·
1597 4665 1983 4751 existimat,
2024 4681 2100 4735 se
2137 4662 2228 4733 ab
2264 4662 2460 4735 bisce
2495 4676 2731 4735 rerum
2782 4661 3080 4754 negotiis
3120 4653 3226 4728 ab-
