3497 5235
902 256 1020 339 th.
1046 253 1089 323 Ῐ.
1129 265 1203 323 Dc
1241 263 1392 325 statu
1430 252 1692 322 Dodonia
1729 258 2004 322 materiali.
2043 263 2096 338 5.
2121 255 2245 319 4-7.
2783 253 2896 323 115

261 401 608 476 occasione
661 420 813 473 non
864 403 1082 476 semel
1134 405 1493 496 cognitum
1546 409 1680 492 est,
1738 400 2004 476 alicubi
2056 402 2243 473 hanc
2292 399 2699 493 opinionem
2754 418 2900 472 non

259 518 390 588 sine
440 533 675 588 errore
730 516 1142 606 invaluisse,
1198 514 1628 610 Episcopum
1661 535 1791 588 sua
1827 516 2246 587 auctoritate
2299 513 2581 586 veniam
2615 511 2899 602 elargiri

257 646 468 718 posse,
528 635 607 699 ut
658 629 734 698 in
787 630 1081 720 privatis
1134 628 1383 700 iisdem
1421 628 1744 700 oratoriis
1780 624 2037 699 Missae
2071 625 2493 700 sacrificium
2530 624 2891 696 offeratur.

257 735 327 809 Et
376 741 473 811 ita
529 738 768 831 reipsa
821 759 962 812 non
1017 740 1510 831 infrequenter
1573 739 1791 813 talem
1861 739 2140 810 veniam
2193 738 2624 829 impertitam
2679 733 2897 807 fuisse

257 852 581 940 constitit,
640 853 818 942 quin
868 849 1231 925 Pontificis
1282 852 1637 924 indultum
1691 852 2147 942 impetratum
2202 849 2502 939 luisset:
2560 847 2753 939 quod
2787 866 2903 920 ce-

261 966 567 1053 teroquin
620 969 730 1036 est
780 967 1288 1038 necessarium.
1345 960 1601 1056 Itaque
1672 982 1763 1036 ne
1833 962 2013 1034 falsa
2079 962 2257 1036 haec
2308 962 2548 1055 opinio
2616 960 2900 1035 errandi

257 1077 680 1148 occasionem
736 1076 939 1148 facile
992 1076 1361 1168 praebeat,
1400 1076 1808 1148 huiusmodi
1844 1081 2347 1168 argumentum
2382 1073 2693 1147 breviter
2726 1092 2903 1147 enu-

261 1186 622 1260 cleandum
677 1188 1153 1280 aggredimur.

384 1300 556 1372 104.
617 1297 1013 1373 Tridentini
1063 1297 1309 1374 Patres
1347 1303 1527 1375 Sess.
1559 1300 1683 1375 22.
1724 1301 1873 1375 dec.
1913 1301 1998 1374 de
2031 1299 2444 1373 observanti.
2486 1304 2551 1372 et
2583 1298 2898 1372 evitand.

257 1413 316 1482 in
363 1413 801 1485 celebrandis
854 1414 1088 1488 Missis
1149 1414 1662 1488 decreverant:
1750 1437 1788 1482 ‹
1824 1410 2015 1486 Neve
2067 1413 2434 1506 patiantur
2501 1406 2901 1508 (Episcopi)

258 1549 288 1591 ›
321 1526 622 1615 privatis
675 1525 746 1595 in
802 1525 1157 1614 domibus,
1216 1532 1431 1616 atque
1483 1526 1773 1598 omnino
1825 1532 2025 1599 extra
2066 1526 2465 1613 ecclesiam,
2523 1531 2592 1596 et
2646 1523 2737 1597 ad
2790 1521 2897 1594 di-

259 1659 289 1703 »
321 1637 568 1708 vinum
624 1643 902 1709 tantum
955 1638 1225 1709 cultum
1286 1638 1613 1711 dedicata
1666 1639 1970 1710 oratoria
2038 1637 2130 1710 ab
2201 1637 2451 1709 iisdem
2505 1632 2899 1708 Ordinariis

259 1772 291 1813 ›
322 1748 768 1840 designanda
820 1756 889 1822 et
941 1750 1327 1840 visitanda,
1382 1757 1707 1822 sanctum
1761 1751 1897 1823 hoc
1945 1749 2369 1823 sacrificium
2424 1770 2463 1820 a
2515 1746 2902 1822 saeculari-

261 1886 289 1922 »
320 1859 479 1949 buS,
512 1879 644 1933 seu
671 1857 1152 1953 Regularibus
1187 1861 1761 1953 quibuscumque
1797 1863 2067 1955 peragi.
2096 1886 2134 1928 ν
2175 1858 2385 1933 Varia
2422 1868 2492 1934 et
2529 1860 2902 1952 multiplex

257 1970 353 2043 hic
402 1973 677 2045 exarsit
728 1974 915 2045 inter
963 1974 1284 2046 doctores
1336 1976 1747 2066 opinionum
1787 1975 2173 2063 dimicatio,
2214 1993 2308 2045 an
2341 1970 2709 2066 Episcopis
2745 1973 2897 2045 sive

258 2086 560 2173 omnino,
599 2084 750 2156 sive
784 2087 1042 2176 partim
1079 2103 1206 2178 per
1239 2085 1374 2158 hoc
1407 2086 1770 2159 decretum
1805 2085 2091 2159 sublata
2126 2087 2240 2159 vel
2275 2087 2650 2158 imminuta
2687 2085 2900 2157 suerit

256 2205 558 2287 potestas
611 2199 1031 2291 indulgendi
1082 2200 1390 2290 veniam,
1448 2208 1528 2272 ut
1577 2201 1653 2271 in
1706 2201 2000 2289 privatis
2050 2200 2331 2273 sacellis
2380 2197 2639 2271 Missae
2684 2197 2901 2271 sacri-

257 2309 476 2382 ficium
529 2312 854 2402 perlitari
907 2320 1147 2403 queat.
1211 2310 1294 2385 At
1362 2331 1524 2384 vero
1577 2330 1785 2384 omne
1845 2312 2142 2386 dubium
2215 2312 2610 2404 amputavit
2680 2330 2740 2384 s.
2797 2329 2894 2381 m.

241 2417 499 2495 ‘Paulus
537 2420 662 2513 V.,
702 2426 825 2515 qui
877 2425 1272 2515 encyclicas
1307 2421 1583 2497 Literas
1634 2424 1751 2497 edi
1802 2426 2008 2498 iussit
2063 2446 2103 2497 a
2156 2422 2228 2496 S.
2270 2421 2490 2518 Cong.
2530 2424 2743 2498 Conc.
2783 2423 2899 2497 die

260 2533 359 2606 10.
417 2534 628 2608 Mart.
687 2538 934 2626 1615„
991 2536 1252 2629 quibus
1324 2536 1853 2630 declarabatur,
1932 2561 1970 2606 ‹
2009 2537 2422 2611 facultatem
2491 2535 2900 2611 huiusmodi

257 2675 289 2716 ›
322 2652 649 2723 licentias
685 2650 934 2738 dandi,
992 2651 1217 2741 ipsius
1251 2648 1468 2743 Cong.
1512 2650 1793 2724 decreto
1844 2652 2233 2742 unicuique
2269 2652 2676 2745 ademptam
2713 2666 2894 2738 esse,

258 2786 290 2829 ›
323 2764 595 2853 solique
666 2762 1077 2834 beatissimo
1126 2759 1451 2835 Romano
1503 2760 1827 2837 Pontifici
1878 2782 2035 2836 esse
2089 2770 2546 2836 reservatam.
2592 2789 2629 2831 »
2701 2760 2895 2843 Quae

255 2875 556 2966 prolecto
605 2874 991 2947 declaratio
1044 2874 1652 2948 confirmationem
1707 2877 1980 2968 accepit
2031 2895 2118 2948 ex
2168 2877 2521 2967 pluribus,
2568 2877 2692 2966 qui
2727 2873 2899 2947 sub-

254 2989 463 3059 secuti
501 2992 700 3076 sunt,
734 2984 1043 3059 Summis
1068 2984 1561 3078 PontificibuS,
1602 3007 1685 3061 ac
1721 2988 1968 3061 ultimo
2004 3009 2047 3059 a
2080 2987 2348 3061 Bened.
2374 2984 2565 3059 XIV.
2598 2984 2894 3060 Constit.

255 3099 500 3191 Hagno
553 3119 713 3171 cum
763 3099 990 3170 animi
1041 3098 1184 3171 diei
1235 3100 1307 3169 2.
1351 3095 1512 3171 Iun.
1561 3101 1776 3172 1751.
1834 3101 1961 3173 ubi
2012 3101 2443 3188 doctissime,
2499 3099 2899 3191 copiosissi-

254 3229 498 3302 meque
553 3211 850 3283 materia
902 3211 990 3284 de
1041 3211 1337 3301 privatis
1386 3213 1712 3285 oratoriis
1783 3218 2284 3304 pertractatur.
2344 3209 2520 3284 Vide
2572 3230 2773 3284 num.
2816 3211 2889 3281 9.

258 3324 624 3396 voluminis
678 3319 814 3395 III.

393 3437 558 3509 105.
619 3433 926 3509 Tametsi
978 3437 1153 3509 satis
1202 3454 1557 3528 superque
1625 3437 1793 3509 huic
1843 3438 1943 3510 rei
2012 3456 2138 3529 per
2201 3438 2416 3511 hasce
2478 3434 2900 3509 Pontificum

257 3551 841 3641 praescriptiones
878 3550 1276 3622 consultum
1315 3548 1590 3638 luisset,
1621 3549 2084 3623 nibilominus
2120 3551 2507 3624 identidem
2538 3550 2901 3641 aliquibus

255 3661 318 3730 in
369 3660 541 3732 locis
593 3662 947 3733 contraria
1001 3660 1440 3734 consuetudo
1505 3662 1654 3734 sive
1725 3662 1974 3735 avulsa
2027 3665 2258 3757 reipsa
2320 3683 2465 3736 non
2517 3664 2694 3752 fuit,
2750 3664 2899 3735 sive

255 3775 581 3866 temporis
633 3775 841 3866 lapsu
893 3773 1148 3845 iterum
1198 3772 1603 3866 pullulavit.
1661 3770 1775 3847 Sic
1827 3793 1891 3847 e.
1938 3796 2006 3868 g.
2062 3778 2136 3848 in
2190 3776 2494 3849 dioecesi
2545 3773 2899 3849 Monaste-

258 3884 466 3956 riensi
499 3886 736 3976 opinio
788 3885 1213 3973 invaluerat,
1271 3893 1340 3958 et
1394 3907 1529 3960 usu
1579 3894 1942 3981 receptum
1980 3896 2158 3980 erat,
2199 3897 2278 3963 ut
2312 3888 2643 3983 Episcopi
2680 3891 2901 3964 licen-

255 3997 449 4086 tiam,
502 3999 591 4070 de
626 4016 772 4088 qua
806 4015 1036 4069 sermo
1072 4004 1207 4089 est,
1248 3999 1501 4072 saltem
1539 3999 1630 4071 ad
1668 4006 1947 4093 tempus
1985 4003 2329 4094 impertiri
2367 4010 2697 4093 possent,
2740 4022 2899 4095 seu,

253 4115 493 4199 utpote
541 4110 681 4183 dici
730 4108 1051 4198 solebat,
1106 4130 1239 4203 pro
1291 4119 1454 4185 actu
1505 4119 1962 4197 transeunte,
2032 4134 2163 4188 ceu
2230 4116 2468 4188 videre
2519 4122 2628 4188 est
2674 4134 2900 4209 penes

255 4216 320 4289 S.
360 4219 442 4292 C.
481 4219 687 4294 Conc.
746 4222 818 4295 in
855 4223 1235 4297 Monoster.
1292 4226 1412 4297 23.
1455 4219 1615 4296 Ian.
1663 4226 1877 4297 1847.
1926 4246 2058 4318 per
2097 4228 2291 4300 Sum.
2334 4229 2538 4301 Prec.
2598 4227 2686 4301 At
2735 4248 2899 4304 vero

253 4331 497 4404 eadem
547 4332 621 4406 S.
663 4332 881 4427 Cong.
938 4337 1348 4427 rescripsit:
1412 4359 1450 4404 ‹
1486 4333 1644 4409 Non
1694 4337 1909 4411 licere
1944 4339 2071 4410 ulli
2107 4336 2455 4433 Episcopo
2490 4340 2900 4417 huiusmodi

257 4444 649 4519 »licentias
701 4465 1154 4539 quocumque
1203 4448 1339 4522 sub
1393 4450 1690 4524 obtentu
1744 4451 2160 4542 concedere,
2217 4472 2308 4526 ne
2359 4472 2486 4546 pro
2538 4462 2705 4529 actu
2740 4458 2901 4547 qui-

261 4583 291 4621 »
326 4556 492 4629 dem
541 4564 1000 4633 transeunte:
1055 4559 1246 4635 hanc
1296 4562 1709 4637 facultatem
1763 4582 1919 4637 esse
1987 4564 2117 4636 soli
2184 4561 2507 4640 Romano
2576 4567 2902 4643 Pontifici

262 4694 294 4733 ν
329 4679 784 4763 reservatam,
825 4672 1199 4763 eidemque
1248 4670 1599 4766 Episcopo
1650 4676 1895 4751 literas
1947 4674 2018 4749 S.
2061 4676 2135 4750 C.
2180 4696 2221 4753 a
2255 4675 2474 4757 Paulo
2509 4678 2595 4767 V,
2645 4700 2902 4782 appro-
