3497 5235
566 287 680 352 192
1320 288 1689 363 mensioni-
1729 290 1784 347 8.
1812 289 1996 364 congr.
2023 290 2172 349 (lonc.
2211 289 2483 365 expetitio.

559 425 760 512 serit,
801 424 894 496 ad
929 424 1069 495 alia
1107 423 1261 497 loca
1299 426 1781 517 transmigret,
1836 425 2085 515 ibique
2118 444 2390 498 moram
2426 427 2942 500 accidentalem
2979 430 3230 519 utique

555 535 882 621 traxerit,
938 535 1131 608 filius
1183 536 1425 609 literas
1462 537 1978 610 testimoniales
2020 536 2437 610 Antistitum
2474 538 2785 610 locorum
2822 539 3232 613 huiusmodi

553 646 893 719 exhibere
937 645 1258 735 debebit,
1314 654 1527 740 prout
1578 648 1968 721 resolutum
2007 654 2117 722 est
2152 651 2226 721 in
2263 648 2388 722 cit.
2430 650 2936 740 Montisfalisci
2970 654 3225 724 Balne.

548 763 618 831 et
673 758 887 841 Tud„
940 758 1064 829 ubi
1118 759 1191 830 S.
1233 756 1307 831 C.
1364 760 1657 833 tametsi
1708 760 2214 852 rescripsisset,
2271 760 2797 834 ordinationem
2857 764 3229 837 cuiusdam

549 871 837 943 nomine
889 867 1243 942 Charitaei
1296 871 1389 944 ad
1440 868 1873 965 Episcopum
1924 869 2416 945 Montisialisci
2484 879 2846 964 spectare,
2901 873 3229 949 subdidit

548 989 791 1055 tamen
862 984 1338 1075 «impetratis
1390 983 1614 1057 literis
1669 984 2273 1058 testimonialibus
2338 984 2431 1056 ab
2481 982 2855 1077 Episcopis
2920 983 3230 1060 Batneo-

552 1119 592 1163 »
630 1095 900 1186 regien.
942 1102 1014 1167 et
1050 1091 1421 1169 Tudertin.
1458 1120 1496 1163 ›
1553 1092 1766 1168 Porro
1800 1093 2218 1170 Charitaeus
2257 1097 2330 1170 in
2367 1096 2672 1169 dioecesi
2708 1094 3225 1185 ‚Montisialisci

551 1213 767 1279 natus
816 1212 998 1295 erat,
1055 1205 1179 1278 ubi
1231 1212 1437 1297 pater
1488 1206 1733 1280 decem
1789 1209 1999 1280 annis
2034 1215 2511 1281 commoratus
2547 1207 2807 1297 fuerat,
2847 1207 3041 1281 bona
3079 1218 3234 1285 sta·

549 1318 725 1391 bilia
763 1325 1141 1408 coemerat,
1175 1336 1466 1391 uxorem
1500 1319 1831 1405 duxerat,
1862 1326 1935 1392 et
1959 1317 2410 1392 Charitaeum
2446 1326 2886 1411 susceperat.
2916 1317 3230 1395 Posthac

547 1428 961 1505 Charitaeus
1012 1428 1400 1504 Tudertum
1451 1431 1711 1505 ductus
1764 1431 2022 1520 fuerat,
2080 1431 2232 1519 ubi,
2289 1437 2494 1524 patre
2541 1451 2804 1504 munus
2853 1434 3225 1506 secretarii

547 1546 1004 1637 municipalis
1056 1549 1457 1633 exercente,
1511 1562 1658 1616 uno
1711 1561 1903 1615 anno
1956 1544 2254 1631 vixerat,
2311 1542 2594 1616 duobus
2645 1543 2957 1632 denique
3008 1545 3231 1618 annis

549 1656 624 1728 in
674 1658 1056 1729 seminario
1106 1653 1551 1748 Balneoregii
1602 1656 1705 1727 uti
1759 1656 2095 1728 alumnus
2145 1661 2621 1726 commoratus
2672 1653 2935 1726 fuerat.

693 1771 816 1841 83.
871 1766 1172 1851 Quando
1223 1786 1391 1841 vero
1442 1775 1646 1858 pater
1698 1785 1962 1839 novum
2016 1766 2452 1839 domicilium
2521 1764 2658 1836 hoc
2710 1765 2917 1838 modo
2970 1767 3231 1856 acqui-

542 1882 760 1955 situm
812 1882 1182 1971 relinquit,
1234 1887 1309 1954 et
1361 1880 1456 1953 ad
1504 1881 1738 1953 locum
1791 1879 2085 1971 originis
2135 1878 2366 1965 redit,
2422 1875 2819 1970 Episcopus
2871 1877 3222 1952 domicilii

539 1992 766 2066 relicti
822 2011 964 2064 non
1017 1997 1250 2085 potest
1304 1992 1533 2063 filium
1584 1991 1943 2079 ordinare,
1988 1990 2099 2062 vel
2135 1990 2574 2062 dimissorias
2607 1989 2840 2062 eidem
2884 1990 3222 2080 tradere;

541 2104 602 2175 si
640 2103 909 2192 fecerit,
949 2103 1302 2176 ordinatio
1339 2103 1586 2175 illicita
1622 2102 2061 2175 declaranda
2096 2102 2256 2189 erit,
2314 2102 2417 2173 uti
2471 2102 2706 2174 tenuit
2758 2098 2832 2172 S.
2875 2098 2951 2174 C.
2994 2099 3221 2175 Conc.

539 2214 616 2285 in
665 2215 950 2288 Valven.
992 2233 1119 2287 seu
1160 2215 1566 2288 Sulmonen.
1624 2215 1744 2286 22.
1790 2211 1994 2285 Mart.
2042 2213 2256 2284 1732.
2313 2212 2492 2284 dub.
2543 2214 2608 2282 1.
2664 2210 2897 2285 Huius
2950 2232 3220 2286 causae

540 2327 814 2417 species
864 2325 1276 2398 huiusmodi
1324 2331 1528 2398 erat:
1601 2322 2089 2398 Bernardinus
2142 2344 2182 2394 a
2235 2320 2480 2396 Castro
2547 2320 2786 2397 Monte
2838 2321 3227 2397 valvensis

539 2436 886 2510 dioecesis
936 2435 1309 2525 oriundus,
1367 2438 1441 2508 in
1492 2437 1875 2511 dioecesim
1929 2436 2216 2508 Nullius
2269 2433 2343 2507 S.
2384 2433 2650 2509 Mariae
2701 2437 2791 2509 de
2843 2434 3217 2510 Casanova

536 2548 1178 2641 pharmacopaeam
1219 2555 1442 2622 artem
1479 2549 1923 2623 exerciturus
1955 2564 2110 2620 sese
2140 2548 2570 2638 contulerat,
2604 2548 2849 2639 ibique
2874 2567 2962 2622 ex
2988 2568 3223 2624 uxore

535 2660 785 2735 itidem
837 2658 1169 2733 Valvensi
1222 2666 1634 2751 susceperat
1683 2678 1875 2731 anno
1933 2660 2145 2732 1707.
2204 2657 2688 2749 Franciscum,
2747 2663 2983 2750 quiin
3020 2662 3215 2739 libro

532 2775 1060 2867 baptizatorum
1097 2773 1496 2865 descriptus
1547 2772 1823 2845 fuerat:
1865 2773 2094 2845 Natus
2130 2791 2176 2843 a
2211 2772 2663 2845 Bernardino
2699 2773 2783 2845 de
2816 2773 3215 2866 Fulqentiis

531 2888 617 2960 de
658 2889 902 2963 Castro
929 2886 1186 2960 Monte.
1230 2883 1316 2956 At
1350 2902 1543 2956 anno
1584 2886 1800 2956 1713.
1840 2882 2330 2956 Bernardinus
2364 2890 2566 2974 pater
2601 2901 2762 2957 cum
2798 2884 2948 2957 filio
2980 2883 3225 2960 Fran-

531 2999 717 3072 cisco
745 3000 820 3071 in
844 2995 1268 3071 Valvensem
1300 2996 1678 3069 dioecesim
1701 2996 2235 3088 remigraverat.
2259 2992 2480 3067 Filius
2508 2995 2806 3086 proinde
2835 3015 2956 3068 an.
2980 2998 3209 3071 1715.

527 3117 928 3200 tonsuram,
971 3129 1164 3183 anno
1197 3111 1410 3181 1728.
1444 3109 1624 3181 duos
1659 3111 1970 3180 minores
2005 3104 2311 3180 Ordines
2346 3107 2439 3180 ab
2476 3105 2826 3200 Episcopo
2861 3107 3213 3185 Valvensi

530 3229 932 3313 acceperat,
990 3224 1310 3311 itemque
1360 3220 1791 3293 beneficium
1843 3218 1944 3291 ibi
1996 3237 2186 3291 anno
2239 3220 2451 3292 1730.
2509 3227 2881 3293 assecutus
2934 3220 3206 3296 luerat.

529 3332 731 3404 Anno
773 3334 984 3405 1731.
1027 3334 1339 3422 reliquos
1376 3333 1685 3404 minores
1720 3327 2051 3419 Ordines»,
2092 3349 2177 3402 ac
2211 3332 2428 3403 etiam
2479 3349 2727 3403 omnes
2765 3332 3071 3405 maiores
3110 3333 3215 3407 ab

525 3439 877 3534 Episcopo
915 3445 1187 3517 titulari
1223 3440 1491 3516 ‘rheate
1527 3450 2009 3515 commorante
2046 3459 2205 3514 cum
2241 3442 2462 3515 literis
2490 3443 2907 3517 dimissoriis
2940 3441 3210 3520 Vicarii

526 3551 892 3627 Generalis
928 3555 1212 3629 Nullius
1267 3552 1339 3626 S.
1382 3552 1648 3627 Mariae
1685 3554 1774 3627 de
1810 3552 2175 3626 Casanova
2209 3553 2667 3628 obtinuerat:
2725 3557 2971 3646 itaque
3020 3557 3211 3632 haec

523 3668 878 3741 ordinatio
930 3666 1023 3740 ab
1075 3664 1423 3759 Episcopo
1492 3665 1767 3739 titulari
1826 3671 2118 3758 peracta
2185 3664 2432 3737 illicita
2485 3666 2846 3740 declarata
2901 3676 3059 3757 est,
3121 3689 3214 3743 ac

517 3776 1389 3875 Franciscusisuspensus
1442 3777 1606 3867 luit,
1663 3795 1893 3868 usque
1946 3777 2117 3850 dum
2167 3773 2519 3869 Episcopo
2578 3774 2906 3851 Valvensi
2958 3781 3207 3853 visum

519 3890 798 3965 fuisset.
854 3888 1282 3964 consulatur
1329 3887 1781 3962 Honorantes
1832 3888 1984 3961 loco
2017 3889 2234 3961 citato
2286 3907 2445 3980 cap.
2486 3890 2560 3961 9.
2617 3889 2807 3963 Nota
2857 3893 3215 3975 secundo,

518 4019 686 4094 pag.
728 4003 850 4074 98.
910 4003 984 4073 in
1037 4002 1164 4072 fin.

662 4113 785 4184 84.
843 4110 1472 4206 PatergBenedicti
1508 4107 1850 4183 Mannelli
1902 4116 2100 4183 ortus
2152 4117 2306 4183 erat
2358 4107 2525 4183 Vico
2568 4111 2901 4202 Aquensi,
2944 4111 3209 4204 ibique

510 4223 703 4297 bona
755 4223 1045 4297 stabilia
1099 4223 1562 4315 possidebat3
1635 4240 1850 4294 onera
1926 4222 2384 4313 municipalia
2454 4223 2912 4314 pensitabat,
2971 4231 3046 4295 et
3101 4226 3210 4299 ad

514 4336 822 4427 Syndaci
879 4354 1139 4408 munus
1194 4344 1560 4426 tamquam
1596 4335 1772 4408 civis
1807 4333 2076 4406 electus
2111 4333 2549 4424 quandoque
2586 4333 2840 4407 iuerat.
2886 4333 2976 4406 At
3026 4354 3217 4409 vero

513 4466 553 4516 a
604 4448 901 4539 triginta
955 4445 1401 4544 etEquinque
1454 4448 1667 4518 annis
1717 4442 2013 4537 Neapoli
2062 4444 2632 4518 commorabatur
2667 4453 2894 4518 artem
2931 4464 3215 4538 argen-

507 4557 834 4648 tariam,
871 4564 946 4630 et
997 4559 1455 4649 gemmariam
1507 4575 1893 4646 exerceuS,
1950 4555 2197 4647 ibique
2248 4554 2716 4629 Benedictum
2768 4565 3212 4649 susceperat

508 4686 600 4743 ex
651 4665 1174 4760 Neapolitana,
1231 4689 1450 4761 quam
1502 4668 1847 4758 duxerat,
1902 4687 2148 4741 uxore.
2208 4665 2381 4741 Orta
2451 4670 2930 4743 controversia
2997 4671 3215 4744 iuter
