3497 5235
488 265 603 332 172
957 284 962 287 *
1240 264 1613 324 humationi·
1649 264 1704 322 e.
1725 264 1914 339 congr.
1941 264 2090 323 cono.
2128 251 2405 340 expo-ium

482 404 694 477 detur
726 400 1138 473 distinctius
1173 399 1556 489 explicare,
1590 399 1843 489 quales
1878 415 2035 471 esse
2071 398 2387 475 debeant
2422 402 2831 477 huiusmodi
2873 403 3153 490 literae,

486 514 824 607 quodque
877 512 1323 605 potissimum
1375 510 1789 582 earumdem
1842 510 2030 584 inter
2063 530 2140 584 se
2192 511 2605 586 discrimen.
2653 538 2692 581 ι
2732 511 3013 586 Literae
3048 513 3159 585 di·

487 653 527 697 »
569 624 938 698 missoriae
990 616 1124 716 (ita
1174 619 1249 694 S.
1289 619 1364 693 C.
1407 623 1482 693 in
1536 620 1700 692 lolio
1755 640 1797 691 a
1849 621 2260 695 doctissimo
2296 623 2387 695 de
2423 622 2881 698 Lanfredinis
2917 623 3165 697 Secre-

490 764 528 809 »
571 737 747 810 tario
798 737 872 808 S.
914 732 990 806 C.
1031 734 1458 806 concinnato
1510 750 1638 823 pro
1687 752 1906 807 causa
1962 734 2332 817 Pientina,
2369 756 2489 809 seu
2540 738 2839 810 Ilcinen.
2902 737 3195 810 ordin..

493 873 531 918 ›
571 850 643 919 8.
692 848 867 937 Aug.
937 845 1152 916 1733.
1191 842 1266 938 ἓ.
1308 839 1450 915 Nec
1503 839 1701 938 vero)
1754 846 2159 938 exprimant
2212 848 2551 921 traditam
2605 848 3051 935 facultatem,
3108 847 3170 919 si

491 985 529 1028 »
571 959 752 1032 alter
805 954 1200 1048 Episcopus
1252 956 1473 1046 possit
1525 956 1861 1028 clericum
1917 957 2119 1030 illum
2170 952 2292 1052 (de
2365 978 2506 1051 quo
2575 979 2835 1056 nempe
2900 955 3174 1055 agitur)

492 1096 530 1141 ›
571 1072 664 1144 ad
714 1066 1020 1142 Ordines
1072 1086 1513 1158 promovere.
1571 1064 1854 1140 Literae
1905 1075 2148 1142 autem
2202 1073 2721 1146 testimoniales
2783 1092 2926 1145 non
2980 1072 3176 1144 hanc

494 1181 985 1255 »facultatem
1038 1180 1592 1270 impertiuntur,
1661 1181 1832 1270 quia
1902 1184 2334 1272 supponitur
2406 1182 2736 1257 facienda
2812 1184 3175 1257 ordinatio

494 1321 531 1365 ι
572 1295 664 1367 ab
716 1292 856 1365 alio
907 1288 1259 1384 Episcopo
1311 1309 1456 1363 non
1511 1292 1882 1384 indigente
1932 1294 2320 1367 traditione
2356 1295 2574 1368 buius
2610 1296 3001 1383 facultatiS,
3041 1294 3180 1369 sed

496 1433 536 1475 »
574 1425 659 1478 ex
714 1405 1015 1498 positivo
1068 1402 1220 1475 iure
1272 1421 1447 1491 sue,
1502 1402 1882 1494 solumque
1957 1407 2329 1479 continent
2402 1410 2920 1497 testimonium,
2977 1407 3182 1497 quod

498 1542 536 1587 ›
574 1517 872 1591 clericus
923 1514 1451 1609 promovendus
1501 1514 1596 1586 sit
1629 1514 1919 1605 dignuS,
1960 1518 2074 1588 cui
2125 1516 2309 1591 tales
2343 1515 2647 1592 Ordines
2682 1520 3177 1607 conterantur,

497 1655 535 1698 »
575 1628 1178 1720 quemadmodum
1207 1626 1386 1698 haec
1413 1626 1793 1699 diversitas
1823 1629 2204 1702 internosci
2235 1636 2467 1721 potest
2505 1650 2593 1703 ex
2628 1632 2851 1704 literis
2904 1632 3181 1704 utrius·

499 1767 537 1812 >
578 1760 718 1833 que
757 1741 1063 1833 generiS,
1096 1757 1402 1830 quarum
1433 1736 1810 1811 formulam
1849 1738 2625 1815 recensetMonacellus
2659 1749 2826 1817 tom.
2852 1741 2922 1815 1.
2947 1743 3064 1816 tit.
3098 1740 3180 1812 4.

502 1880 540 1925 ›
575 1854 790 1944 form.
831 1850 906 1925 3.
947 1858 1012 1923 et
1043 1850 1258 1943 form.
1304 1849 1375 1923 9.
1413 1875 1451 1918 »
1509 1848 1713 1923 Unde
1750 1850 2077 1923 eamdem
2120 1850 2456 1925 dabimus
2508 1854 2581 1924 in
2635 1854 2995 1925 volumine
3033 1847 3178 1923 ΙΙΙ.

497 1965 634 2039 sub
687 1984 889 2037 num.
937 1963 1052 2035 16.
1113 1968 1184 2033 et
1241 1963 1357 2033 17.
1415 1959 1785 2034 Formulas
1845 1963 2211 2036 literarum
2264 1965 2829 2047 dimissoriarum
2882 1963 3186 2036 exhibet

501 2079 718 2150 etiam
766 2073 1184 2147 Honorante
1236 2074 1504 2147 Praxis
1557 2075 1990 2146 Secretariae
2033 2076 2323 2148 Tribun.
2376 2075 2612 2148 Vicar.
2651 2095 2809 2168 cap.
2847 2075 2968 2148 14.
3010 2081 3189 2147 nota

493 2208 571 2280 p.
616 2186 785 2260 154.
821 2186 988 2259 155.
1031 2204 1157 2276 pro
1194 2193 1518 2273 tonsura,
1575 2203 1659 2257 ac
1711 2203 1838 2276 pro
1872 2182 2265 2258 Ordinibus
2300 2193 2447 2258 tam
2487 2186 2909 2274 minoribuS,
2955 2204 3184 2276 quam

502 2297 919 2370 maioribus.
976 2294 1381 2368 Formulam
1436 2315 1601 2368 vero
1654 2295 2020 2369 literarum
2077 2299 2662 2371 testimonialium
2702 2299 2888 2371 idem
2930 2303 3185 2370 auctor

511 2410 733 2483 tradit
786 2410 837 2480 t.
879 2429 944 2481 c.
984 2427 1144 2498 cap.
1173 2408 1292 2481 15.
1336 2415 1505 2481 nota
1537 2405 1610 2481 3.
1655 2409 1731 2478 in
1766 2410 1894 2499 fin.
1947 2426 2117 2500 paq.
2162 2409 2334 2483 161.

650 2520 771 2592 66.
814 2517 1120 2611 Insuper
1156 2518 1648 2591 adnotandum
1687 2525 1823 2606 est,
1862 2520 2410 2609 testimoniales,
2451 2522 2540 2594 de
2578 2520 2846 2612 quibus
2880 2520 2999 2592 bic
3034 2519 3192 2609 agi-

501 2640 647 2723 tur,
702 2632 1044 2705 confundi
1097 2650 1240 2703 non
1294 2631 1555 2704 debere
1606 2649 1768 2703 cum
1821 2631 1961 2704 alio
2016 2652 2275 2724 genere
2346 2635 2967 2721 testimonialium,
3023 2633 3193 2722 qui-

500 2745 641 2817 bus
690 2745 990 2817 clericus
1042 2763 1082 2816 e
1132 2743 1438 2816 dioecesi
1490 2742 1869 2817 discedens
1922 2745 2084 2816 aliis
2133 2746 2705 2819 commendatur.
2747 2743 2925 2818 Vere
2964 2746 3187 2817 etiam

501 2857 844 2931 differunt
896 2856 1143 2928 literae
1198 2856 1742 2943 testimoniales,
1800 2875 1987 2946 quae
2039 2851 2175 2948 (sic
2228 2858 2320 2928 ad
2375 2875 2523 2928 rem
2574 2857 2664 2929 de
2716 2854 3185 2929 Lanfredinis

502 2970 636 3041 loc.
675 2968 799 3042 cit.
840 2964 916 3062 g.
964 2962 1165 3062 Vere)
1218 2966 1486 3039 dantur
1535 2987 1620 3039 ea
1675 2976 1945 3056 mente,
2001 2975 2083 3039 ut
2135 2968 2227 3039 ad
2263 2969 2781 3059 praescriptum
2848 2991 2887 3034 α
2928 2964 3183 3040 Bullae

506 3105 544 3150 ›
584 3076 1149 3151 Innocentianae
1216 3078 1693 3151 exhibeantur
1763 3080 1968 3152 alteri
2038 3075 2387 3170 Episcopo
2459 3076 2767 3151 Ordines
2836 3078 3189 3151 collaturo

506 3216 543 3260 ι
583 3193 678 3277 ei,
720 3191 843 3281 qui
880 3190 1310 3262 beneficium
1366 3190 1439 3262 in
1491 3209 1623 3262 sua
1675 3190 1986 3263 dioecesi
2041 3190 2254 3263 luerit
2288 3196 2688 3278 assecutus,
2729 3210 2770 3261 a
2809 3190 3034 3262 literis
3083 3198 3194 3263 te-

510 3329 548 3373 »
587 3302 1145 3390 stimonialibus,
1187 3319 1375 3391 quae
1412 3304 1705 3375 concedi
1759 3302 1989 3375 solent
2029 3303 2120 3375 ad
2158 3301 2808 3375 commendandum
2848 3301 3194 3374 clericum

511 3441 549 3484 »
590 3433 630 3487 e
682 3413 988 3488 dioecesi
1043 3413 1640 3503 proficiscentem,
1698 3420 1771 3485 et
1823 3416 2121 3485 istarum
2176 3431 2465 3504 quoque
2519 3412 2823 3485 formula
2879 3410 3197 3483 habetur

509 3527 702 3617 apud
739 3522 1212 3597 Monacellum
1251 3524 1324 3595 d.
1358 3525 1471 3597 tit.
1507 3524 1579 3596 4.
1610 3526 1825 3616 form.
1860 3524 1973 3607 6.,
2000 3532 2073 3597 et
2109 3526 2184 3596 in
2220 3524 2486 3615 quibus
2523 3522 2972 3596 solummodo
3007 3522 3194 3594 fides

509 3640 900 3731 generatim
953 3635 1400 3730 perhibetur,
1465 3637 1659 3726 quod
1711 3637 2037 3726 clericus,
2102 3637 2193 3709 de
2246 3655 2388 3727 quo
2441 3655 2556 3709 res
2606 3642 2752 3725 est,
2811 3635 3008 3712 nullo
3063 3654 3194 3706 ex-

509 3748 1219 3837 communicationiS,
1284 3749 1867 3840 irregularitatiS,
1934 3756 2060 3821 aut
2113 3749 2428 3821 cuiusvis
2498 3749 2799 3821 alterius
2858 3747 3193 3821 canonici

506 3861 1002 3952 impedimenti
1073 3860 1357 3932 vinculo
1430 3861 1819 3933 innodatus
1870 3863 2156 3933 existat.
2216 3857 2489 3932 Harum
2562 3862 2928 3934 literarum
2995 3877 3194 3932 com·

509 3971 1092 4045 mendatitiarum
1136 3970 1511 4043 formulam
1564 3991 1649 4045 ex
1705 3969 2098 4044 Monacello
2136 3973 2470 4045 dabimus
2523 3974 2600 4045 in
2651 3973 3008 4044 volumine
3048 3966 3189 4041 111.

507 4083 643 4156 sub
698 4102 898 4155 num.
947 4084 1062 4156 18.
1124 4079 1381 4173 Itaque
1433 4083 1764 4178 pluribus
1816 4085 1892 4155 in
1944 4083 2119 4157 locis
2167 4085 2558 4174 requiritur
2611 4084 2792 4156 fides
2852 4082 2942 4154 de
2995 4087 3194 4156 statu

508 4196 756 4279 libero,
794 4213 1005 4285 quem
1047 4200 1329 4283 vocant,
1387 4213 1479 4266 ne
1529 4195 1865 4267 videlicet
1899 4196 1991 4290 ad
2028 4192 2336 4268 Ordines
2386 4196 2799 4286 recipiatur,
2858 4194 2982 4283 qui
3037 4193 3197 4263 vin·

507 4306 668 4379 culo
723 4307 1227 4378 matrimoniali
1302 4307 1641 4395 irretitum
1694 4307 2012 4397 itemque
2064 4314 2143 4378 ut
2196 4313 2469 4398 pateat,
2528 4305 2723 4395 quod
2780 4305 3048 4377 nullius
3099 4302 3194 4376 sit

513 4417 832 4489 criminis
882 4419 1314 4508 postulatuS,
1370 4423 1443 4490 et
1495 4417 1703 4490 bonis
1757 4417 2076 4489 moribus
2129 4418 2477 4491 imbutus.
2519 4414 2611 4488 Et
2661 4434 2838 4488 sane
2878 4417 2951 4487 in
2987 4415 3195 4488 testi-

513 4526 946 4599 monialibus
999 4528 1090 4600 ad
1143 4527 1502 4617 effectum,
1544 4529 1632 4601 de
1671 4546 1813 4618 quo
1865 4531 2127 4621 agitur,
2186 4537 2266 4603 ut
2318 4528 2564 4601 Bullae
2619 4525 3191 4601 Innocentianae

511 4646 898 4732 praecepto
948 4641 1123 4712 satis
1175 4640 1327 4730 fiat,
1386 4649 1671 4732 praeter
1720 4658 1851 4729 ea,
1908 4659 2096 4732 quae
2147 4642 2237 4714 de
2290 4641 2563 4714 nullius
2613 4658 2964 4714 censurae
3036 4639 3201 4712 vin-
