3497 5235
1088 373 1207 448 0⁸1³.
1234 375 1331 432 m.
1371 374 1445 431 Do
1482 373 1618 432 olm
1657 372 1930 432 tuoului.
1972 374 2027 449 g.
2056 371 2136 430 15.
2823 371 2938 434 521

418 503 588 575 487.
632 503 740 577 Ad
807 505 1103 579 alteram
1165 513 1442 597 partem
1514 507 1602 580 de
1671 508 1895 580 vetita
1964 507 2378 580 clericorum
2449 509 2936 600 negotiatione

274 615 573 707 gradum
624 613 967 690 facientes
1018 623 1500 709 temperamus
1554 617 1646 690 ab
1699 618 2083 691 afferendis
2134 618 2452 691 textibus
2501 621 2678 693 iuris
2728 638 2944 692 cano-

268 728 454 816 nici,
509 745 597 799 ex
652 727 917 817 quibus
972 730 1387 821 gravissima
1455 729 1867 802 huiusmodi
1931 728 2316 821 probibitio
2382 730 2936 822 comprobatur:

276 857 396 912 eos
446 840 767 931 congerit
836 836 1201 913 Ferrarius
1273 841 1488 914 verbo
1548 842 1893 924 Clericus,
1945 848 2091 915 art.
2150 841 2222 916 3.
2273 862 2320 916 α
2370 861 2447 913 η.
2507 842 2626 921 11.
2682 848 2748 916 et
2797 862 2939 934 seq.

272 952 728 1041 Antiquiores
780 953 996 1023 etiam
1067 950 1517 1027 Summorum
1568 950 1994 1027 Pontificum
2063 951 2620 1027 constitutiones
2682 954 2949 1026 omitti-

271 1080 459 1151 mus3
490 1081 613 1135 eas
639 1065 829 1135 enim
859 1064 1209 1156 complexi
1236 1071 1405 1136 sunt
1433 1065 1583 1136 sive
1610 1061 1884 1138 Bened.
1915 1061 2141 1153 xlv„
2168 1066 2317 1138 sive
2344 1062 2671 1137 Clemens
2696 1061 2940 1153 XIII.‚

271 1175 395 1264 qui
446 1175 590 1248 duo
640 1173 1020 1248 Pontifices
1089 1193 1305 1269 super
1372 1176 1510 1249 bac
1559 1195 1636 1248 re
1708 1177 2077 1249 novissimi
2149 1177 2437 1250 oracula
2506 1195 2681 1249 suae
2752 1177 2947 1249 vocis

270 1287 708 1359 extulerunt.
750 1283 1008 1377 Itaque
1059 1284 1332 1360 Bened.
1375 1284 1568 1360 XIV.
1612 1288 1686 1360 in
1739 1307 1870 1359 sua
1922 1285 2221 1362 Constit.
2264 1289 2605 1381 incipien.
2658 1289 2947 1380 Aposto-

270 1398 449 1471 licae
500 1400 858 1473 servitutis
913 1399 1032 1471 25.
1074 1396 1284 1471 Febr.
1351 1400 1565 1470 1741.
1627 1400 1921 1473 innovat
1984 1405 2202 1490 atque
2275 1400 2649 1472 confirmat
2701 1400 2941 1472 omnia

269 1509 556 1582 decreta
608 1529 650 1582 a
707 1507 1015 1581 Summis
1065 1507 1531 1582 Pontificibus
1582 1515 1886 1583 eatenus
1937 1511 2388 1603 promulgata
2440 1517 2688 1584 contra
2740 1511 2948 1583 cleri-

271 1641 390 1695 cos
442 1623 949 1714 negotiatoreS‚
989 1623 1288 1695 innovat
1337 1624 1555 1695 etiam
1607 1629 1829 1713 atque
1866 1623 2242 1695 confirmat
2291 1622 2614 1715 singulas
2666 1641 2941 1716 poenas

268 1733 362 1807 ab
401 1735 653 1807 iisdem
706 1740 952 1806 contra
1004 1734 1257 1806 horum
1296 1735 1742 1808 decretorum
1778 1735 2159 1809 violatores
2211 1736 2682 1807 constitutas:
2738 1735 2942 1806 insu-

269 1864 398 1938 per
445 1844 733 1918 easdem
785 1864 1056 1937 poenas
1108 1848 1430 1920 extendit
1484 1848 1575 1920 ad
1625 1847 1946 1936 clericoS‚
2016 1847 2139 1937 qui
2194 1847 2751 1939 negotiationem
2803 1844 2940 1918 sub

271 1957 504 2029 alieno
557 1957 845 2029 nomine
896 1964 1301 2047 exerceant,
1342 1958 1641 2051 perinde
1694 1977 1777 2029 ac
1827 1960 1889 2030 si
1925 1976 2053 2050 per
2102 1976 2178 2031 se
2230 1966 2305 2031 et
2355 1960 2638 2052 proprio
2692 1954 2938 2031 eorum

272 2070 563 2141 nomine
598 2077 1039 2142 exercerent.
1081 2067 1462 2162 Propterea
1499 2069 1852 2157 decernit,
1891 2076 1973 2141 ut
2009 2070 2250 2142 omnia
2288 2077 2359 2143 et
2395 2070 2678 2163 singula
2713 2070 2936 2159 bona,

273 2199 461 2273 quae
513 2181 750 2253 alieno
801 2182 1116 2271 nomine,
1175 2188 1253 2254 ut
1308 2182 1516 2254 modo
1584 2181 1859 2254 dictum
1911 2188 2064 2270 est,
2122 2181 2214 2253 ab
2270 2182 2522 2254 iisdem
2586 2182 2943 2272 acquisita

277 2292 596 2382 luerint,
660 2292 1062 2366 inevitabili
1111 2293 1321 2384 spolii
1372 2311 1646 2386 poenae
1697 2293 1898 2366 iuxta
1950 2291 2249 2366 Constit.
2304 2292 2410 2366 Pii
2462 2288 2587 2363 IV.
2645 2293 2937 2365 Decens.

273 2407 347 2479 d.
381 2408 456 2478 d.
492 2409 563 2479 5.
603 2404 783 2480 NoV.
830 2407 1045 2480 1560.
1105 2407 1605 2480 subiiciantur.
1667 2405 1996 2479 Decernit
2049 2407 2291 2494 etiam,
2350 2411 2430 2478 ut
2480 2405 2764 2496 negotia
2816 2422 2945 2498 per

269 2518 493 2590 laicos
543 2520 739 2610 prius
790 2519 1152 2608 inchoata,
1193 2525 1265 2591 et
1316 2519 1409 2591 ad
1462 2521 1652 2610 ipsos
1705 2518 2003 2592 clericos
2047 2517 2289 2592 delata
2349 2517 2756 2589 continuari
2808 2534 2942 2587 ne·-

272 2637 549 2721 queant
597 2630 734 2702 sub
788 2631 1043 2704 iisdem
1094 2633 1370 2722 poenis,
1429 2632 1568 2705 nisi
1619 2640 1873 2724 urgeat
1924 2634 2315 2706 necessitas
2367 2651 2450 2706 ac
2503 2632 2592 2704 de
2644 2632 2937 2705 licentia

269 2739 348 2815 S.
389 2738 464 2813 C.
505 2740 750 2830 Conc.‚
793 2751 918 2816 aut
969 2744 1184 2816 etiam
1237 2740 1595 2816 Ordinarii
1649 2751 1850 2816 extra
1903 2739 2185 2816 Italiam
2239 2743 2331 2815 ad
2393 2750 2677 2834 tempus
2729 2744 2939 2816 dum-

266 2860 473 2926 taxat
525 2855 1031 2945 concedenda3
1088 2857 1187 2928 ita
1224 2864 1494 2943 tamen,
1534 2861 1618 2927 ut
1664 2873 1795 2946 per
1828 2856 2327 2946 interpositam
2362 2872 2743 2946 personam
2777 2871 2945 2944 per-

263 2970 689 3037 tractentur.

422 3078 591 3149 488.
633 3076 958 3152 Clemens
1009 3075 1215 3151 XIII.
1265 3081 1340 3150 in
1391 3097 1522 3150 sua
1573 3078 1937 3169 encyclica
2007 3078 2348 3170 incipien.
2413 3078 2584 3150 Cum
2624 3077 2944 3168 primum

274 3190 393 3261 17.
435 3187 633 3281 Sept.
681 3191 894 3263 1759.
938 3193 1016 3263 in
1065 3192 1314 3283 primis
1365 3192 1661 3262 innovat
1730 3192 2143 3263 sanctiones
2210 3206 2457 3261 omnes
2509 3194 2696 3260 retro
2749 3206 2944 3260 ema-

265 3308 506 3389 nataS‚
547 3302 795 3392 eisque
847 3304 1207 3377 subiectos
1257 3291 1415 3375 ess'e
1452 3302 1773 3375 declarat
1823 3304 2009 3375 viros
2045 3320 2292 3374 omnes
2343 3320 2382 3374 e
2436 3301 2783 3373 saeculari
2830 3300 2944 3373 vel

263 3412 580 3505 regulari
633 3414 848 3503 clerc,
912 3417 1090 3505 quin
1158 3415 1306 3488 ulla
1359 3414 1792 3506 suffragetur
1856 3415 2212 3505 exemptio
2280 3414 2392 3486 vel
2457 3414 2936 3507 privilegium.

263 3523 615 3598 Hortatur
665 3523 1108 3616 OrdinarioS,
1147 3533 1230 3600 ut
1283 3535 1438 3600 tum
1471 3526 1860 3614 ordinario,
1901 3531 2054 3598 tum
2106 3526 2436 3618 delegato
2479 3527 2631 3598 iure
2677 3525 2770 3598 ad
2804 3523 2947 3597 for-

264 3654 462 3708 mam
498 3655 860 3710 sacrorum
897 3656 1253 3710 canonum
1292 3644 1538 3710 contra
1579 3639 2057 3729 negotiatores
2092 3637 2501 3711 huiusmodi
2538 3656 2702 3711 cum
2747 3639 2946 3709 omni

268 3749 655 3822 severitate
707 3750 1124 3839 procedant.
1183 3745 1271 3821 In
1324 3749 1584 3838 dubi0,
1641 3767 1738 3820 an
1804 3754 2084 3822 constet
2150 3749 2238 3822 de
2291 3751 2585 3822 crimine
2653 3750 2941 3823 illicitae

268 3861 803 3953 negotiationis,
865 3880 1007 3934 non
1065 3862 1197 3953 ipsi
1250 3862 1615 3950 iudicent,
1670 3859 1798 3934 sed
1851 3861 1945 3933 ad
1995 3858 2069 3931 S.
2128 3861 2381 3934 Sedem
2433 3862 2780 3935 iudicium
2832 3879 2946 3934 re-

269 3972 589 4045 mittant.
632 3971 896 4047 Definit
943 3973 1305 4047 cambium
1359 3974 1672 4045 activum
1726 3991 1884 4046 esse
1944 3980 2181 4046 actum
2219 3991 2428 4046 verae
2480 3993 2563 4046 ac
2614 3975 2944 4069 propriae

266 4086 821 4176 negotiationis3
876 4087 1183 4176 ideoque
1237 4093 1388 4158 tum
1441 4086 1684 4175 laiciS‚
1745 4092 1895 4159 tum
1950 4087 2222 4159 clericis
2293 4086 2734 4178 prohibitum
2785 4102 2942 4158 esse

263 4199 417 4270 sive
465 4216 622 4286 suo,
663 4199 811 4271 sive
864 4198 1097 4272 alieno
1140 4199 1427 4270 nomine
1482 4204 1927 4270 exerceatur.
1965 4196 2352 4270 Excusatio
2398 4197 2490 4269 ab
2545 4197 2942 4289 indigentia

257 4311 557 4402 propria
610 4317 736 4382 aut
785 4317 1194 4400 parentum,
1233 4328 1579 4399 sororum,
1633 4328 1717 4380 ac
1767 4309 2106 4382 similium
2157 4310 2382 4401 petita
2427 4327 2571 4381 non
2626 4307 2948 4381 admitti·

258 4427 411 4508 tur,
453 4421 587 4493 nisi
640 4439 976 4512 expressa
1028 4420 1478 4512 Apostolicae
1539 4420 1739 4493 Sedis
1792 4422 1979 4493 intra
2031 4419 2343 4508 Italiam,
2396 4425 2596 4493 extra
2655 4415 2942 4492 Italiam

260 4527 806 4606 ordinariorum
859 4534 1299 4623 dispensatio
1347 4533 1855 4606 intercesserit.
1897 4531 2236 4625 Designat
2297 4534 2591 4623 insuper
2642 4530 2946 4605 formam

259 4648 342 4717 et
394 4643 866 4734 conditioneS‚
907 4662 1089 4735 quas
1142 4646 1215 4717 in
1267 4644 1676 4716 huiusmodi
1730 4643 2394 4735 dispensationibus
2465 4645 2731 4735 apponi
2786 4663 2946 4736 gra-

257 4754 556 4828 vissime
608 4753 836 4845 iubet,
878 4774 1171 4847 easque,
1213 4761 1541 4829 cessante
1578 4773 1823 4844 causa,
1864 4757 2020 4848 ipso
2073 4757 2227 4829 iure
2262 4775 2539 4831 cessare
2591 4757 2936 4831 declarat.
