3497 5235
1032 253 1154 329 σιμ.
1179 256 1275 314 m.
1316 255 1388 314 n·
1427 257 1562 314 um
1602 255 1875 313 nomm.
1917 257 1972 330 g.
1999 255 2052 313 a.
2756 233 2876 317 33'7

240 389 726 480 eleemosynam
765 408 893 480 pro
929 391 1383 464 conventuali
1436 390 1899 481 erogandam,
1958 390 2266 479 quotieS,
2305 396 2386 463 ut
2439 390 2705 482 pluries
2758 409 2877 463 ac-

240 501 648 590 cidebat,·ad
701 520 861 574 eam
914 503 1416 575 celebrandam
1470 495 1874 575 sacerdotes
1934 504 2257 574 extranei
2312 510 2867 575 accerserentur.

238 610 456 704 Itaque
509 616 893 704 propositis
927 614 1208 687 dubiis:
1274 637 1312 681 ‹
1359 617 1424 684 1.
1474 615 1603 703 An,
1643 622 1714 687 et
1767 614 1859 685 ad
1907 632 2087 703 quos
2137 622 2412 704 spectet
2470 633 2653 686 onus
2690 616 2876 687 cele-

241 725 542 796 ›brandi
598 722 886 797 Missam
939 727 1487 799 conventualem
1543 725 2037 816 quotidianam
2091 726 2163 796 in
2218 721 2433 799 casu?
2486 729 2557 798 2.
2624 730 2776 817 An,
2834 749 2876 800 a

241 864 273 906 ν
305 837 596 928 quibus,
653 843 724 908 et
777 837 853 908 in
906 855 1049 926 qua
1102 857 1379 909 summa
1434 839 1525 910 sit
1587 838 1927 910 solvenda
1982 840 2431 928 eleemosyna
2501 837 2874 911 Missurum

242 974 273 1016 ›
305 968 415 1041 pro
462 947 1050 1021 benelactoribus
1126 951 1197 1019 in
1252 943 1470 1022 casu?
1530 952 1602 1021 3.
1672 949 1781 1020 An
1834 950 1928 1021 sit
1980 950 2179 1022 locus
2253 951 2609 1021 exactioni
2660 958 2875 1023 taxae

240 1086 272 1132 ›
305 1068 731 1133 scutatorum
791 1062 879 1132 15
933 1082 973 1131 a
1025 1062 1502 1148 beneficiatis,
1544 1062 1666 1151 qui
1717 1081 1861 1132 non
1913 1068 2083 1133 sunt
2134 1063 2224 1133 de
2260 1060 2446 1132 clero
2499 1062 2880 1134 cathedra-

242 1199 273 1241 »
303 1175 378 1244 lis
429 1173 500 1243 in
552 1167 774 1245 casu?
816 1198 852 1240 »
890 1191 1317 1266 responsum
1369 1173 1546 1246 fuit:
1593 1196 1631 1238 ι
1672 1172 1777 1244 Ad
1830 1174 1896 1242 1.
1939 1172 2388 1260 affirmative,
2430 1180 2500 1244 et
2552 1181 2878 1266 spectare

243 1312 273 1352 ι
305 1284 383 1356 ad
434 1284 870 1374 §pitulares
920 1292 1201 1357 tantum
1261 1286 1352 1358 ad
1403 1285 1702 1356 formam
1740 1282 2248 1356 Benedictinae
2302 1282 2870 1357 Constitutionis.

241 1421 269 1463 ›
302 1395 394 1468 Ad
442 1398 516 1467 2.
558 1395 978 1468 affirmative
1031 1415 1119 1467 ex
1165 1415 1397 1469 massa
1452 1396 2041 1468 distributionum
2094 1396 2185 1467 ad
2230 1396 2579 1469 rationem
2632 1395 2878 1469 obolo-

239 1527 440 1580 ›rum
496 1509 777 1599 viginti.
825 1507 927 1581 Ad
979 1511 1050 1580 3.
1095 1510 1450 1599 negative.
1498 1533 1535 1576 >

357 1621 521 1692 130.
565 1616 831 1692 Omnes
868 1621 1370 1712 praebendati,
1412 1624 1534 1710 qui
1572 1621 1838 1692 clerum
1877 1619 2346 1713 capitularem
2389 1620 2738 1709 efficiunt,
2782 1621 2876 1694 ad

235 1728 460 1804 Missae
498 1733 993 1804 conventualis
1029 1731 1577 1804 celebrationem
1618 1740 1687 1804 et
1724 1733 2275 1824 applicationem
2318 1733 2653 1814 vicissim,
2694 1736 2873 1822 sive,

235 1850 294 1915 ut
324 1845 551 1930 aiunt,
585 1863 712 1934 per
745 1851 1038 1916 turnum
1067 1844 1391 1917 obstricti
1421 1850 1617 1931 sunt,
1652 1863 1783 1916 ceu
1822 1845 2104 1916 resolvit
2134 1845 2206 1916 S.
2242 1841 2456 1935 Cong.
2495 1847 2567 1915 in
2601 1846 2869 1916 Fauen.

236 1952 400 2029 lliss.
432 1965 769 2029 convent.
804 1957 899 2029 ad
933 1956 1005 2029 3.
1032 1958 1153 2027 29.
1185 1955 1404 2047 April.
1438 1957 1685 2042 1780„
1724 1957 2119 2029 Faventino
2158 1953 2349 2028 Miss.
2383 1963 2716 2029 convent.
2751 1958 2873 2026 29.

236 2068 427 2158 April.
471 2070 721 2155 1780„
757 2071 1019 2142 Aesina
1056 2068 1250 2139 Miss.
1283 2087 1488 2140 conv.
1531 2070 1605 2139 9.
1640 2066 1838 2159 Sept.
1876 2071 2122 2155 1843„
2164 2070 2632 2160 Albinqanen.
2680 2065 2873 2138 Miss.

239 2196 413 2250 conv,
452 2180 580 2251 27.
623 2181 852 2270 April.
898 2179 1114 2253 1844.
1155 2177 1404 2270 Neque
1443 2180 1547 2251 las
1584 2188 1692 2251 est
1743 2178 2095 2271 Episcopo
2145 2184 2426 2274 proprio
2473 2189 2696 2253 marte
2750 2183 2881 2251 ali-

236 2308 417 2379 quem
471 2312 513 2361 a
569 2298 782 2362 turno
833 2293 1171 2380 eximere,
1227 2293 1506 2364 etiamsi
1560 2299 1887 2383 ageretur
1940 2293 2028 2364 de
2094 2295 2481 2380 canonico,
2542 2294 2653 2364 cui
2709 2311 2879 2364 cura

236 2404 612 2474 animarum
650 2405 1063 2492 immineat3
1122 2423 1433 2493 namque
1473 2405 1540 2474 in
1583 2411 1967 2475 memorata
2006 2404 2473 2496 Albinqanen.
2522 2407 2879 2495 proposito

237 2512 474 2585 dubio:
549 2538 586 2579 (ι
633 2514 734 2584 An
788 2522 858 2587 et
911 2515 1266 2605 quomodo
1317 2516 1758 2588 sustineatur
1809 2516 2216 2607 episcopale
2285 2522 2633 2589 statutam
2690 2519 2878 2589 circa

239 2648 269 2691 ›
305 2628 817 2717 exemptionem
874 2625 1259 2717 Praepositi
1315 2626 1670 2722 (parochi)
1710 2648 1750 2698 a
1807 2626 2010 2699 lilissa
2054 2633 2508 2701 conventuali
2568 2650 2690 2720 per
2730 2640 2878 2704 tur-

240 2761 270 2801 »
306 2757 464 2808 num
503 2738 934 2810 celebranda
970 2748 1040 2811 et
1083 2739 1510 2831 applicanda
1547 2740 1622 2811 in
1659 2735 1876 2811 casu?
1908 2767 1946 2808 »
1987 2739 2060 2811 S.
2101 2740 2176 2812 C.
2217 2744 2627 2833 respondit:
2673 2766 2710 2807 (ι
2747 2740 2883 2814 Ne-

238 2850 469 2937 gative.
516 2875 554 2916 »

365 2962 525 3032 131.
565 2958 869 3042 Quando
907 2960 1116 3033 Missa
1156 2964 1649 3034 conventualis
1703 2982 1831 3054 per
1888 2970 2170 3036 turnum
2210 2986 2251 3034 a
2289 2966 2651 3036 canonicis
2689 2966 2882 3038 aliis-

238 3087 358 3158 que
407 3073 619 3143 cboro
671 3074 976 3146 addictis
1045 3075 1384 3146 celebrari
1440 3076 1646 3147 solita
1701 3082 1861 3161 est,
1927 3078 1981 3147 si
2039 3076 2129 3147 ab
2187 3077 2434 3147 iisdem
2490 3078 2877 3167 separatim

235 3198 347 3250 sua
396 3182 808 3273 praebenda
863 3186 1428 3272 administratur,
1469 3188 1846 3257 eveniente
1884 3207 2056 3258 casu
2111 3188 2526 3275 vacationis,
2575 3191 2878 3278 persolvi

236 3291 429 3365 debet
479 3296 928 3386 eleemosyna
986 3317 1108 3388 pro
1161 3299 1477 3369 eiusdem
1527 3296 2002 3369 celebratione
2054 3319 2096 3369 a
2150 3300 2661 3371 subcollectare
2716 3320 2883 3390 spo-

236 3400 491 3494 liorum,
533 3405 657 3476 ubi
716 3404 1156 3497 Apostolicae
1193 3409 1577 3498 spoliorum
1634 3427 1959 3479 camerae
2013 3429 2138 3480 sua
2183 3412 2329 3480 iura
2387 3431 2714 3484 exercere
2775 3413 2883 3482 in-

233 3517 484 3604 tegrum
521 3525 656 3589 est.
683 3513 768 3588 In
799 3520 1143 3591 Firmano
1179 3520 1531 3609 siquidem
1572 3520 1768 3590 Miss.
1795 3529 2115 3593 convent.
2144 3524 2283 3594 diei
2320 3525 2438 3595 20.
2470 3521 2625 3593 Ian.
2662 3525 2873 3593 1838.

233 3642 373 3696 cum
430 3629 498 3700 id
553 3648 801 3720 reapse
855 3633 1254 3723 accidisset,
1305 3640 1373 3702 et
1425 3630 1909 3702 dubitaretur:
1958 3655 1992 3695 σι
2042 3633 2139 3702 An
2196 3643 2264 3706 et
2320 3656 2358 3704 a
2416 3653 2556 3723 quo
2613 3635 2877 3726 persol-

235 3757 270 3794 »
308 3740 528 3812 venda
581 3743 672 3813 sit
727 3743 1173 3832 eleemosyna
1227 3739 1484 3813 Missae
1561 3743 2054 3815 conventualis
2108 3762 2235 3833 pro
2300 3752 2614 3837 tempore
2670 3764 2878 3815 vaca-

233 3852 510 3924 »tionis
563 3854 1017 3944 praebendae
1071 3858 1144 3926 in
1197 3849 1415 3926 casn?
1456 3879 1492 3920 »
1535 3852 1606 3925 S.
1649 3854 1724 3925 C.
1770 3873 2001 3945 resp.:
2048 3879 2085 3919 «ι
2133 3856 2560 3928 Allirmative
2613 3877 2654 3926 a
2707 3857 2879 3927 sub-

231 3981 265 4023 »
300 3963 668 4036 collectore
719 3966 1130 4054 spoliorum.
1177 3991 1213 4032 »
1254 3963 1438 4047 Quin
1493 3967 1785 4055 insuper
1836 3988 1875 4036 a
1925 3966 2434 4039 subcollectore
2488 3968 2875 4057 spoliorum

223 4073 519 4157 persolvi
555 4078 770 4147 etiam
799 4077 1064 4149 debent
1097 4084 1567 4166 punctaturae
1597 4097 1721 4169 pro
1752 4084 2070 4167 tempssire
2110 4081 2497 4150 vacationis
2532 4078 2882 4169 praeben-

218 4178 374 4269 dae,
407 4193 488 4256 ut
514 4186 761 4258 eadem
791 4190 863 4259 S.
904 4187 977 4259 C.
1013 4189 1339 4261 delinivit
1370 4190 1440 4258 in
1480 4191 1853 4261 Praenest.
1898 4188 2269 4263 Distribut.
2304 4192 2425 4260 25.
2462 4189 2623 4261 Maii
2661 4192 2873 4261 1833.

215 4287 385 4365 Cum
439 4300 628 4369 enim
683 4318 807 4390 per
859 4301 1101 4372 decem
1159 4301 1506 4371 mensium
1570 4302 1883 4389 spatium
1962 4310 2281 4372 vacasset
2338 4322 2522 4372 unus
2574 4320 2611 4371 e
2665 4320 2883 4372 cauo-

211 4404 386 4477 nicis
431 4413 1099 4503 supranumerariiS,
1140 4412 1291 4501 qui,
1333 4419 1579 4501 utpote
1619 4430 1846 4480 massa
1889 4413 2247 4481 communi
2294 4412 2879 4483 distributionum

211 4511 564 4609 destituti,
609 4530 874 4594 certam
930 4542 1054 4614 pro
1104 4523 1405 4613 singulis
1457 4522 1798 4592 fallentiis
1851 4524 2255 4613 pecuniam,
2296 4524 2469 4609 sive,
2514 4531 2590 4595 ut
2644 4524 2874 4611 aiunt,

207 4641 723 4716 punctaturam
777 4637 1310 4729 persolverent,
1378 4636 1698 4707 novellus
1752 4637 2139 4709 canonicus
2190 4657 2233 4708 a
2282 4636 2605 4727 capitulo
2683 4638 2878 4726 apud

434 4777 615 4833 Lucinr,
649 4776 784 4823 Vixit.
813 4777 952 4823 sacr.
983 4776 1124 4831 Lim..
1152 4775 1272 4823 edit.
1302 4775 1397 4822 ΙΙΙ.
1433 4776 1530 4824 l'ol.
1560 4777 1600 4824 1.
2610 4783 2668 4828 22
