3497 5235
1036 269 1159 344 ⁰⁸1·
1184 271 1281 330 111.
1319 271 1393 328 Do
1434 267 1569 328 doro
1608 268 1882 330 annontui.
1923 272 1977 346 ἓ.
2006 269 2054 329 1.
2759 266 2880 331 275

263 429 324 484 ea
350 414 639 496 servata,
679 404 952 478 fructus
988 404 1506 495 percipiuntur,
1546 403 1799 476 eadem
1852 404 2200 494 neglecta,
2242 404 2675 476 amittuntur
2724 403 2883 476 sine

258 522 368 595 ulla
399 519 533 592 alia
567 536 831 610 poena:
871 512 979 611 (S.
1021 512 1095 587 C.
1126 516 1339 588 Conc.
1383 518 1457 586 in
1484 515 1891 588 Ferrarien.
1933 516 2269 588 Thesaur.
2305 516 2377 587 4.
2410 511 2621 587 Febr.
2661 516 2877 587 1843.

256 630 311 728 ξ.
340 631 566 717 Quoad
602 625 961 724 tertium);
1016 629 1130 699 vel
1165 646 1278 716 ea,
1320 646 1505 717 quae
1561 645 1747 699 mere
1786 627 2190 701 voluntaria
2226 633 2334 701 est
2380 628 2554 701 citra
2591 644 2877 699 omnem

255 743 716 834 obligationem
768 741 846 811 in
895 738 1046 811 foro
1091 739 1597 811 conscientiae.
1652 733 1761 833 (S.
1801 736 1875 810 C.
1917 736 2128 811 Conc.
2172 741 2243 811 in
2281 740 2405 811 cit.
2449 739 2737 810 Ferrar.
2793 733 2872 831 ἓ.

255 855 589 947 Oblae'qatio,
630 869 912 924 necnon
963 852 1039 922 in
1091 851 1212 922 cit.
1260 851 1523 924 Lucen.
1586 849 2040 940 Capellaniae
2096 850 2163 920 1.
2232 847 2441 923 Febr.
2513 850 2726 922 1766.
2790 846 2867 944 ξ.

253 967 334 1040 Ad
374 964 434 1038 4.
490 971 559 1037 et
607 961 731 1058 ἐξ.
774 958 953 1056 seq.)
1010 984 1048 1027 ι
1086 957 1287 1043 Quod
1340 964 1397 1035 si
1453 962 1640 1035 ultra
1693 969 1978 1052 tempus
2014 982 2055 1033 a
2091 960 2401 1035 Concilio
2452 963 2879 1054 permissum

255 1104 283 1148 »
310 1078 702 1152 notabiliter
737 1076 1030 1165 absunt,
1072 1082 1372 1168 peccant
1411 1076 1852 1163 mortaliter:
1907 1092 2073 1146 nam
2128 1075 2679 1147 contraveniunt
2717 1091 2879 1164 gra·-

255 1193 573 1264 »vissimo
623 1188 915 1262 Concilii
969 1195 1351 1280 praecepto
1384 1240 1405 1277 ‚
1470 1205 1601 1260 nec
1666 1186 2119 1259 satisfaciunt
2173 1204 2348 1258 suae
2422 1183 2877 1275 obligationi.

253 1299 434 1375 »Hoc
483 1301 836 1396 procedit,
877 1300 1157 1373 etiamsi
1207 1300 1527 1373 resident
1580 1299 1655 1370 in
1709 1300 2024 1386 civitate,
2076 1300 2254 1389 quin
2306 1298 2622 1372 ecclesiis
2672 1295 2877 1370 debi-

251 1436 279 1482 ›
306 1415 377 1485 tis
406 1413 604 1485 boris
641 1413 1167 1486 interveniant:
1225 1412 1317 1484 ad
1353 1410 1549 1501 quod
1608 1410 2221 1502 comprobandum
2259 1411 2498 1482 varias
2534 1407 2608 1482 S.
2650 1406 2725 1481 C.
2768 1425 2883 1480 re-

250 1525 677 1597 ›solutiones
730 1524 801 1596 in
856 1524 1169 1596 medium
1223 1541 1309 1595 ex
1361 1523 1495 1595 loc.
1542 1525 1660 1596 cit.
1704 1524 1897 1595 idem
1956 1529 2207 1595 auctor
2263 1517 2504 1617 (Garz.
2561 1521 2645 1594 de
2696 1522 2874 1592 Ben.

250 1654 368 1707 nt.
402 1634 478 1709 3.
519 1653 585 1708 c.
624 1634 701 1708 2.
741 1631 814 1728 ξ.
861 1633 928 1707 4.
990 1653 1066 1707 n.
1107 1631 1320 1731 224.)
1374 1634 1683 1725 profert:
1745 1653 1878 1707 nec
1930 1635 2203 1707 tructus
2256 1633 2529 1706 faciunt
2580 1651 2775 1704 suos.
2837 1655 2876 1700 ›

247 1739 325 1842 (S.
357 1744 425 1818 C.
466 1744 539 1819 C.
585 1747 659 1818 in
698 1746 1055 1836 Hydrunt.
1098 1746 1296 1818 Serv.
1341 1746 1537 1817 chor.
1585 1747 1700 1818 16.
1745 1744 1944 1837 Sept.
1992 1746 2208 1818 1837.
2248 1743 2322 1840 ἓ.
2368 1739 2779 1837 Iamvero.).

358 1859 425 1929 3.
466 1855 669 1940 Quod
723 1875 887 1929 vero
940 1857 1088 1929 sola
1142 1857 1531 1931 residentia
1587 1858 2093 1929 canonicorum
2140 1857 2414 1947 absque
2467 1854 2879 1946 praesentia

248 1967 422 2043 thoro
472 1969 795 2043 exhibita
833 1987 978 2041 non
1028 1968 1367 2056 sufficiat,
1406 1975 1487 2042 ut
1524 1968 1659 2060 legi
1713 1968 2218 2055 satisfaciant,
2261 1967 2573 2039 dilucide
2626 1964 2883 2038 confir-2

247 2086 481 2153 matum
532 2079 669 2153 fuit
705 2099 897 2151 anno
939 2080 1153 2152 1573.
1193 2073 1357 2175 (lib.
1406 2081 1473 2154 4.
1518 2081 1775 2153 decret.
1809 2100 1981 2171 paq.
2022 2079 2095 2153 3.
2100 2077 2174 2175 ),
2212 2087 2283 2152 et
2337 2079 2592 2153 iterum
2628 2077 2882 2150 eodem

247 2211 402 2266 auno
453 2189 619 2290 (lib.
677 2190 746 2264 4.
803 2191 1060 2264 decret.
1111 2210 1281 2284 paq.
1343 2191 1510 2265 478.
1551 2198 1618 2265 et
1667 2213 1808 2284 seq.
1867 2191 2061 2282 apud
2112 2189 2380 2263 Bened.
2441 2186 2634 2261 XIV.
2693 2190 2877 2262 Inst.

247 2307 385 2378 eccl.
424 2306 590 2381 407.
650 2326 727 2378 n.
767 2301 967 2403 32),
1021 2305 1323 2396 ideoque
1387 2307 1569 2379 tales
1621 2314 1699 2378 ut
1752 2306 2088 2378 absentes
2141 2305 2453 2393 censeri,
2512 2309 2584 2376 et
2634 2302 2885 2395 poenis

247 2427 462 2492 contra
511 2417 853 2491 absentes
888 2418 1127 2508 puniri
1181 2418 1472 2506 debere,
1515 2436 1554 2487 a
1594 2415 1667 2488 S.
1706 2416 2268 2509 Congregatione
2306 2417 2572 2488 ibidem
2628 2415 2887 2489 statui·

248 2535 368 2600 tur.
408 2531 693 2604 Accedit
737 2529 879 2602 huc
912 2547 1129 2602 causa
1184 2530 1338 2620 ipsa
1385 2530 1879 2610 Terracinen.,
1919 2531 1991 2601 in
2028 2548 2169 2619 qua
2224 2530 2614 2602 canonicus
2663 2525 2753 2600 N.
2793 2524 2885 2599 N.

243 2658 312 2711 ex
343 2661 420 2714 ea
457 2645 757 2731 ratione,
800 2643 994 2732 quod
1029 2641 1339 2733 collegae
1375 2643 1532 2714 sine
1567 2642 1904 2734 suffragio
1940 2661 2069 2714 suo
2108 2661 2393 2733 cappae·
2418 2661 2720 2735 magnae
2759 2641 2888 2714 de«

244 2768 369 2842 cus,
403 2755 639 2843 nimis,
680 2763 761 2828 ut
798 2754 1256 2848 opinabatur,
1299 2755 1636 2826 vanitatis
1671 2756 1889 2843 avidi,
1946 2776 1986 2826 a
2041 2757 2114 2827 S.
2158 2753 2341 2828 Sede
2387 2755 2881 2843 obtinuerant,

241 2861 538 2951 pluribus
594 2867 806 2937 annis
859 2866 952 2937 ad
1004 2865 1294 2938 chorum
1353 2885 1496 2937 non
1565 2873 1988 2955 accesserat,
2048 2867 2549 2938 amicabilibus
2585 2865 2890 2955 quibus-

242 2990 516 3066 cumque
554 2977 1069 3051 monitionibus
1123 2980 1198 3050 in
1250 2980 1527 3050 irritum
1565 2979 2013 3068 cedentibus,
2072 2980 2365 3051 tandem
2404 2978 2494 3050 ab
2532 2975 2887 3069 Episcopo

243 3102 614 3160 annuorum
653 3089 1016 3163 fructuum
1067 3089 1362 3162 dimidio
1398 3092 1721 3183 privatus
1777 3091 1936 3177 fuit,
1980 3109 2062 3162 ac
2108 3091 2447 3182 deinceps
2501 3090 2885 3162 amissione

242 3199 530 3270 omnium
585 3198 944 3273 fructuum
1020 3202 1307 3276 decreto
1359 3203 1775 3274 damnatus,
1838 3200 1946 3275 Ex
1999 3223 2139 3293 quo
2208 3202 2494 3274 decreto
2546 3220 2706 3273 cum
2760 3220 2891 3293 ap-

238 3307 672 3396 pellationem
727 3313 819 3384 ad
856 3311 929 3384 S.
970 3310 1604 3406 Congregationem
1650 3316 2145 3396 interiecisset,
2192 3313 2411 3386 dubia
2452 3314 2881 3387 concinnata

238 3424 427 3491 sunt:
486 3446 526 3486 ι
573 3420 677 3493 An
713 3412 1023 3496 Ioannes
1059 3427 1446 3497 canonicus
1498 3422 1584 3495 N.
1625 3423 1712 3496 N.
1755 3444 1982 3517 cappa
2020 3426 2317 3498 indutus
2360 3426 2651 3499 chorum
2690 3424 2887 3497 adire

241 3536 631 3606 »teneatur
709 3536 782 3607 in
834 3530 1052 3610 casu?
1113 3540 1185 3609 2.
1258 3538 1360 3608 An
1414 3540 1700 3612 decreta
1764 3540 2197 3631 episcopalia
2256 3539 2752 3610 sustineantur
2815 3536 2891 3608 in

240 3661 276 3704 >
313 3639 506 3714 casu?
544 3646 616 3717 3.
659 3643 751 3719 Et
803 3655 1164 3737 quatenus
1217 3652 1586 3742 negative:
1646 3650 1754 3720 An
1807 3657 1879 3722 et
1947 3650 2301 3740 quomodo
2353 3650 2888 3744 procedendum

241 3771 277 3814 »
313 3752 396 3824 sit
441 3764 687 3829 contra
726 3758 1057 3832 eumdem
1111 3764 1529 3832 canonicum
1570 3764 1639 3833 in
1680 3756 1891 3834 casu?
1932 3787 1969 3828 »
2011 3761 2084 3833 S.
2124 3760 2198 3835 C.
2243 3763 2357 3835 die
2393 3762 2585 3835 dicta
2637 3762 2891 3834 rescri-

234 3862 405 3951 psit:
447 3889 483 3933 ‹
522 3867 631 3941 Ad
672 3870 737 3939 1.
783 3879 851 3942 et
887 3872 959 3943 2.
1003 3870 1465 3947 Affirmative.
1508 3874 1614 3946 Ad
1651 3877 1722 3945 3.
1765 3872 2129 3945 Provisum
2178 3876 2249 3945 in
2289 3876 2539 3968 primo,
2584 3899 2621 3940 »
2661 3870 2891 3945 Causa

233 3970 477 4049 iterum
526 3980 644 4053 die
695 3983 816 4053 31.
858 3979 1065 4055 Mart.
1112 3984 1326 4056 1860.
1371 3987 1762 4076 proposita,
1805 3987 1878 4057 S.
1919 3983 1995 4057 C.
2038 3987 2424 4077 rescripsit:
2472 4009 2510 4052 ι
2550 3983 2657 4057 Ad
2700 3985 2766 4054 1.
2808 3985 2881 4055 2.
2920 4058 2923 4065 ,

238 4106 277 4148 ²
314 4096 379 4162 et
426 4094 495 4163 3.
537 4094 614 4164 in
665 4094 922 4167 decisis
974 4103 1044 4169 et
1098 4098 1432 4188 amplius.
1477 4121 1512 4168 ›

372 4202 438 4274 4.
477 4203 925 4296 Residentia,
959 4227 1173 4297 quam
1212 4210 1285 4279 in
1324 4210 1766 4281 materialem
1795 4217 1865 4282 ot
1889 4209 2295 4302 formalem,
2324 4227 2406 4281 ac
2444 4208 2659 4281 etiam
2679 4225 2895 4299 prae-

232 4311 442 4389 cisam
489 4325 564 4391 et
612 4320 1061 4393 causativam
1112 4319 1417 4410 dispesci
1471 4322 1700 4393 obiter
1756 4322 2146 4409 innuimus,
2188 4322 2261 4392 in
2315 4320 2730 4393 continuam
2781 4320 2892 4390 in-

229 4439 435 4515 super
482 4436 554 4503 et
605 4429 1133 4505 disco-tatianam
1196 4431 1565 4520 dividitur,
1625 4451 1928 4522 quarum
1991 4451 2133 4503 una
2187 4432 2571 4520 continue,
2630 4449 2888 4523 nempe

228 4535 514 4629 sinqulis
554 4543 919 4615 momentis
973 4542 1237 4635 obliqat
1271 4544 1367 4615 ad
1419 4545 1902 4632 residentiam,
1947 4544 2139 4616 velut
2191 4544 2281 4616 de
2322 4544 2653 4636 parochis
2703 4544 2895 4618 acci-4

231 4644 362 4736 dit,
400 4653 519 4741 qui
570 4654 664 4727 ad
716 4672 1001 4727 omnem
1055 4654 1302 4728 horam
1340 4657 1737 4748 repentinis
1790 4656 2034 4748 populi
2076 4656 2628 4730 necessitatibus
2680 4673 2898 4749 prae-
