3497 5235
542 302 660 375 cap.
685 302 755 356 11.
793 302 866 357 Do
904 301 1165 373 Episcopo,
1205 300 1610 373 Archiopiooopo‚
1650 302 1878 358 Primto
1919 302 1975 359 ot
2014 303 2336 361 Potrici-olis.
2379 307 2432 379 ξ.
2460 306 2510 362 3.
2739 304 2856 365 ²217

248 446 409 510 retur
457 438 820 528 patrinuS,
894 442 963 506 et
1034 452 1178 503 una
1235 434 1490 504 mulier
1556 453 1683 525 pro
1753 433 2086 505 omnibus
2152 435 2432 508 leminis
2509 440 2860 510 matrinae

243 569 493 620 munere
549 549 988 638 [ungeretur.
1033 541 1210 616 Inde
1269 563 1432 616 vero
1490 545 1735 632 fiebat,
1779 554 1857 617 ut
1915 547 2034 617 lilii
2090 549 2496 637 spirituales
2546 567 2739 635 suOS,
2785 555 2863 621 ut

241 662 607 751 plurimum,
669 661 1075 750 ignorarent
1133 658 1505 747 patrinos,
1572 659 1835 747 patrini
1890 660 2072 729 filios
2124 660 2558 750 spirituales.
2628 658 2862 744 Quare

243 773 441 864 plures
492 771 680 840 illius
735 770 1076 841 dioecesis
1131 770 1405 840 incolae
1460 767 1531 839 S.
1598 767 2229 860 Congregationem
2286 782 2723 860 exorarunt,
2782 781 2861 845 ut

243 883 313 953 de
346 880 732 952 huiusmodi
775 900 908 950 usu
947 881 1120 970 quid
1159 882 1616 952 sentiendum
1656 888 1870 966 esset,
1903 900 2026 971 pro
2065 902 2190 952 sua
2230 874 2583 973 sapientia
2622 886 2864 957 decer-

241 1002 429 1065 neret.
467 992 823 1083 Proposito
863 994 1106 1081 itaque
1135 992 1382 1063 dubio:
1421 992 1585 1063 «An
1623 1002 1691 1064 et
1730 993 2081 1082 quomodo
2113 994 2527 1086 probandus
2562 998 2653 1067 sit
2692 1018 2861 1068 usus

242 1131 268 1173 ›
302 1104 672 1176 fesulanae
726 1104 1072 1176 dioecesis
1124 1107 1193 1175 in
1247 1098 1458 1175 casu?
1516 1130 1553 1170 »
1612 1107 2005 1196 rescripsit:
2053 1130 2089 1170 ι(
2142 1102 2293 1176 Non
2345 1126 2497 1177 esse
2554 1108 2866 1198 proban-

239 1242 268 1283 »
300 1217 475 1304 dum,
515 1218 640 1288 sed
697 1218 1148 1287 tolerandum
1207 1216 1278 1286 in
1316 1234 1485 1286 casu
1524 1219 1973 1288 necessitatis
2014 1218 2104 1287 ab
2143 1215 2494 1307 Episcopo
2544 1220 2865 1289 iudican-

239 1353 268 1395 ›
300 1331 414 1400 dae
443 1331 529 1399 ad
561 1328 862 1398 formam
893 1326 1328 1398 pontificalis
1357 1324 1691 1397 Romani.
1719 1353 1756 1394 ›
1783 1326 2169 1419 (Fesulana
2204 1329 2317 1397 12.
2357 1325 2494 1399 Iul.
2528 1328 2773 1417 1825).

358 1442 507 1511 146.
550 1440 902 1522 Quoniam
937 1437 1148 1511 Conc.
1193 1437 1384 1511 Trid.
1432 1441 1608 1510 Susa.
1650 1439 1773 1511 23.
1811 1459 1967 1529 cap.
2002 1441 2073 1510 4.
2118 1441 2199 1511 de
2238 1441 2545 1530 Reform.
2580 1442 2860 1527 statuit,

235 1553 423 1641 prima
481 1560 772 1623 tonsura
829 1570 969 1621 non
1021 1569 1175 1621 esse
1231 1550 1645 1636 initiandos,
1705 1553 1825 1639 qui
1884 1548 2422 1623 Sacramentum
2479 1550 2868 1622 Confirma-

235 1664 414 1734 tionis
463 1682 606 1734 non
643 1663 1071 1752 receperint,
1117 1663 1330 1733 veluti
1389 1682 1514 1753 pro
1548 1663 1882 1734 coronide
1921 1662 2135 1733 huius
2173 1664 2449 1734 articuli
2505 1665 2864 1734 asserimus

234 1775 748 1847 declarationem
804 1776 875 1845 S.
919 1772 991 1844 C.
1035 1774 1326 1845 Concilii
1381 1776 1452 1845 in
1493 1776 1910 1865 Anqustana
1964 1775 2085 1844 27.
2129 1777 2324 1865 Sept.
2366 1777 2613 1863 1601„
2657 1781 2864 1864 prout

232 1889 407 1959 refert
442 1886 711 1959 Girald.
759 1890 872 1959 Ius
915 1891 1125 1959 Pont.
1174 1890 1257 1959 P.
1296 1890 1391 1959 ΙΙ.
1425 1895 1588 1961 sect.
1625 1888 1742 1961 91.
1793 1911 1829 1953 ‹
1875 1890 1939 1958 1.
1982 1886 2387 1977 Quaeritur,
2430 1910 2519 1960 an
2561 1892 2861 1982 primam

233 2025 263 2066 ›
301 2012 645 2071 tonsuram
699 2007 768 2070 et
825 2007 1132 2089 quatuor
1183 1998 1484 2070 Ordines
1540 2002 1848 2070 minores
1901 1999 2084 2070 male
2137 2000 2245 2070 vel
2286 2020 2410 2091 per
2447 2002 2707 2071 saltum
2746 2019 2865 2070 su-

235 2137 263 2176 >
297 2114 586 2202 scepisse
640 2112 947 2197 dicatur,
991 2112 1111 2200 qui
1169 2109 1626 2182 Sacramenta
1680 2109 2252 2181 Consti-[nationis
2287 2112 2511 2181 solum
2573 2119 2725 2201 post
2780 2112 2866 2181 il-

233 2248 262 2288 »
296 2224 386 2294 los
432 2230 802 2313 susceptos
842 2222 1052 2294 tuerit
1108 2219 1545 2313 perunctus?
1584 2225 1655 2293 2.
1698 2222 2100 2308 Quaeritur,
2144 2243 2233 2292 an
2272 2224 2487 2310 idem,
2531 2231 2609 2295 ut
2648 2243 2863 2313 supra

231 2360 262 2397 »
297 2335 647 2406 ordinatus
701 2342 771 2405 et
827 2336 1147 2424 provisus
1182 2338 1268 2405 de
1323 2335 1769 2425 simplicibus
1822 2335 2189 2405 beneficiis
2227 2342 2393 2407 ante
2448 2337 2866 2406 Sacramen-

228 2470 259 2507 »
301 2452 427 2515 tum
466 2444 1068 2532 ConfirmationiS,
1128 2447 1440 2537 legitime
1493 2447 1681 2517 dicta
1723 2447 2065 2517 beneficia
2125 2448 2607 2536 acquisiverit,
2654 2449 2749 2519 ita
2787 2454 2866 2519 ut

232 2582 263 2621 »
303 2558 480 2628 nulla
554 2557 871 2646 indigeat
940 2576 1116 2627 nova
1173 2553 1617 2647 provisione?
1673 2560 1743 2629 3.
1805 2558 1908 2629 An
1967 2558 2152 2628 idem
2211 2560 2429 2648 possit
2483 2560 2573 2630 ad
2628 2577 2865 2630 sacros

226 2692 259 2731 ι
296 2665 585 2740 Ordines
613 2670 1037 2754 ascendere,
1086 2670 1277 2738 nulla
1321 2671 1539 2758 petita
1589 2670 2037 2740 absolutione
2077 2671 2181 2741 vel
2221 2667 2859 2762 dispensationeb

219 2778 284 2849 S.
324 2778 389 2850 C.
431 2782 842 2870 respondit:
889 2804 924 2845 (ι
972 2780 1066 2850 Ad
1108 2783 1457 2872 primum:
1517 2779 1687 2852 Esse
1747 2783 1927 2852 male
1982 2788 2426 2871 proniotum3
2470 2783 2559 2852 ad
2614 2800 2866 2852 secun-

221 2917 254 2956 »
292 2893 495 2962 dum:
541 2889 772 2962 Minus
811 2892 1122 2982 legitime
1161 2893 1648 2981 acquisivisse,
1692 2900 1908 2982 atque
1947 2913 2153 2984 egere
2192 2914 2372 2965 nova
2414 2894 2859 2984 provisionez

217 3028 250 3066 ι
289 3004 376 3074 ad
425 3007 763 3076 tertium:
819 3000 973 3074 Non
1029 3022 1262 3094 posse,
1309 3004 1439 3074 nisi
1493 3006 1784 3094 praevia
1838 3003 2042 3076 Sedis
2098 3005 2536 3094 Apostolicae
2576 3004 2866 3094 dispen-

219 3139 252 3178 ›
287 3117 561 3186 sallone
613 3111 752 3209 (1).
799 3141 834 3180 ι

363 3227 522 3296 147.
579 3224 735 3297 Non
792 3227 1207 3317 prohibetur
1261 3234 1499 3298 tamen
1574 3228 1735 3316 quis
1804 3233 1951 3298 tam
2020 3229 2248 3318 prima
2301 3235 2593 3299 tonsura
2648 3247 2865 3318 quam

206 3333 590 3409 Ordinibus
647 3339 940 3424 initiari,
997 3342 1053 3409 si
1111 3341 1183 3409 in
1241 3339 1570 3409 manibus
1625 3338 1981 3409 Ordinarii
2037 3341 2514 3410 iuramentum
2567 3340 2869 3429 praesti-

201 3451 394 3534 terit,
435 3468 508 3520 se
562 3453 962 3536 reminisci,
1021 3452 1359 3522 collatum
1411 3450 1546 3520 sibi
1602 3450 1819 3520 fuisse
1874 3451 2410 3521 Sacramentum
2481 3450 2867 3520 Confirma-

201 3560 439 3640 tionis,
479 3570 557 3633 ut
613 3562 864 3634 eadem
920 3561 991 3634 S.
1053 3562 1124 3633 C.
1183 3564 1568 3634 declaravit
1623 3564 1691 3632 in
1752 3562 2231 3632 Interamnen.
2295 3564 2364 3632 6.
2423 3558 2588 3631 Maii
2646 3561 2858 3631 1617.

198 3668 505 3764 (Girald.
549 3673 679 3744 loc.
724 3672 912 3767 cit.).

341 3782 509 3855 Post
563 3787 827 3856 editam
887 3782 1475 3856 Innocentianam
1530 3792 1817 3870 taxam,
1868 3785 1925 3856 si
1980 3784 2373 3876 Episcopus
2426 3784 2517 3855 ad
2574 3785 2866 3873 aliquod

186 3913 360 3965 suae
421 3895 769 3967 dioecesis
803 3897 1144 3985 oppidum
1199 3916 1353 3967 sese
1407 3896 1725 3969 conferat
1779 3917 2058 3970 sacrum
2099 3898 2402 3970 chrisma
2442 3897 2859 3983 collaturuS,

182 4008 794 4095 procurationem,
870 4014 994 4078 aut
1064 4007 1277 4077 aliam
1331 4026 1860 4098 quamcumque
1925 4010 2480 4100 praestationem
2550 4010 2863 4098 recipere

311 4361 405 4436 (1)
456 4364 588 4414 Cum
628 4379 760 4427 ergo
800 4365 885 4413 ita
924 4363 1299 4414 declaraverit
1351 4365 1406 4416 S.
1449 4365 1508 4416 C.
1553 4364 1825 4425 Concilii,
1870 4363 1959 4413 cui
2002 4363 2108 4413 soli
2148 4378 2180 4411 a
2220 4363 2460 4414 Summis
2498 4364 2868 4415 Pontificibus

169 4449 435 4499 facultas
483 4448 896 4512 interpretandi
934 4447 1241 4498 Concilium
1294 4450 1514 4498 tributa
1555 4452 1674 4510 est,
1727 4447 2042 4508 corrigendi
2091 4449 2312 4497 omnino
2364 4451 2494 4497 suut
2542 4450 2868 4502 canonistae

169 4533 595 4599 quamplurimi
646 4538 702 4584 et
756 4533 1000 4595 theologi
1051 4535 1361 4583 sentientes
1411 4534 1704 4583 initiatum
1758 4534 1936 4595 prima
1984 4537 2245 4595 tonsura,
2304 4548 2411 4582 non
2449 4538 2665 4597 recepto
2714 4538 2869 4599 prius

167 4621 551 4672 Sacramento
586 4619 1062 4680 confirmationis,
1110 4633 1326 4681 peccare
1365 4619 1603 4684 quidem,
1648 4617 1738 4668 sed
1786 4633 1890 4667 non
1930 4617 2270 4675 mortaliter,
2316 4619 2524 4669 nisiex
2550 4625 2871 4685 contemptu

163 4705 314 4759 illud
356 4705 629 4768 omittat,
673 4705 890 4755 nullam
929 4706 1117 4753 tamen
1155 4705 1440 4754 incurrere
1481 4719 1769 4754 censuram
1806 4700 2087 4772 (Gir-aldi
2128 4702 2170 4752 l.
2199 4695 2295 4771 c.).
