3497 5235
568 342 687 404 542
1711 332 1979 408 Appendix
2015 330 2086 388 11.

717 468 817 542 De
870 470 1266 542 reverentia
1320 487 1605 559 quoque
1660 475 1733 540 et
1787 467 2228 554 obedientia,
2284 484 2501 556 quam
2553 484 2702 538 non
2753 462 2964 535 modo
3001 480 3241 533 sacer-

571 582 725 667 (103,
774 582 897 652 sed
953 582 1257 671 quilibet
1291 584 1503 653 etiam
1544 581 1845 653 clericus
1883 583 2164 674 proprio
2201 577 2552 672 Episcopo
2589 588 2951 670 praestare
2987 578 3238 666 debet,

568 695 826 764 iustam
869 692 1180 783 prolecto
1217 694 1621 783 opinionem
1658 692 2005 765 fovemus.
2069 690 2163 763 De
2200 692 2604 763 huiusmodi
2644 691 3054 763 obedientia
3092 691 3244 781 agi-

573 811 689 876 tur
726 805 794 874 iu
836 803 1005 893 Cap.
1048 799 1220 874 Cum
1263 805 1497 875 clerici
1544 805 1628 876 de
1662 806 1847 876 verb.
1893 804 2177 895 siquis„
2217 803 2338 876 ubi
2380 799 2840 876 Innocentius
2877 802 3068 895 Papa
3097 799 3236 873 111.

574 932 940 1004 exponens
980 913 1272 985 l'ormam
1327 917 1735 1004 iuramenti,
1778 917 1969 1005 quod
2006 935 2047 985 a
2084 915 2358 986 clericis
2385 912 2745 987 Ecclesiae
2781 912 3242 986 Placentinae

575 1027 1102 1121 praestabatur,
1162 1030 1234 1100 in
1289 1029 1465 1101 baec
1518 1028 1731 1100 verba
1779 1036 2246 1119 conceptum:
2309 1050 2346 1093 ‹
2377 1024 2526 1118 Ego
2561 1027 2730 1099 talis
2763 1026 2856 1098 ab
2896 1027 3031 1099 bac
3066 1026 3239 1097 hora

579 1165 617 1208 ν
659 1142 731 1210 in
788 1147 996 1211 antea
1050 1141 1281 1212 fidelis
1333 1159 1478 1227 erc,
1538 1147 1609 1212 et
1660 1138 2004 1211 obediens
2058 1136 2514 1209 Placentinae
2564 1136 2957 1220 Ecclesiae,
3010 1145 3082 1210 et
3119 1136 3261 1208 do-·

587 1276 624 1321 ›
668 1252 860 1324 mino
915 1271 1069 1324 meo
1120 1250 1472 1345 Episcopo
1508 1248 1969 1335 Placentiuo;
2006 1275 2042 1318 ›
2098 1251 2330 1334 docet,
2389 1267 2517 1340 per
2549 1247 2909 1321 Ecclesiae
2945 1245 3242 1321 Placen-

579 1365 772 1435 tinae
828 1363 1248 1435 vocabulum
1313 1364 1613 1454 intelligi
1668 1359 2072 1453 Capitulum
2144 1361 2486 1433 ecclesiae
2545 1361 3020 1447 cathedralis;
3080 1377 3241 1431 eum

575 1494 791 1562 vei-0,
867 1476 988 1565 qui
1042 1481 1358 1566 praestat
1410 1476 1813 1546 huiusmodi
1882 1476 2407 1559 iuramentum,
2472 1470 2821 1564 Episcopo
2869 1479 3242 1561 tamquam

580 1590 796 1679 capiti
851 1591 1336 1682 principaliter
1385 1589 1710 1679 obligari.
1769 1584 2016 1677 Neque
2068 1605 2274 1678 porro
2312 1583 2453 1657 Nos
2487 1605 2611 1677 pro
2651 1588 2842 1658 nuda
2898 1587 3244 1674 inanique

576 1700 877 1772 formula
932 1700 1340 1772 habendam
1395 1718 1549 1772 esse
1602 1707 1940 1792 putamus
1991 1700 2377 1770 solemnem
2432 1699 2627 1769 illam
2679 1697 3141 1770 obedientiae
3176 1705 3245 1770 et

577 1814 1016 1885 reverentiae
1066 1812 1568 1904 sponsionem,
1625 1829 1842 1901 quam
1898 1809 2272 1900 presbyter
2343 1808 2509 1881 tacit
2561 1812 2633 1880 in
2688 1810 3027 1881 manibus
3079 1806 3245 1901 Epi-

574 1925 768 2015 scopi
820 1924 1247 2007 ordinautiS‚
1288 1924 1486 1994 iuxta
1529 1922 2082 1994 vetustissimum
2120 1917 2478 1992 Ecclesiae
2518 1939 2809 2005 morem,
2844 1928 3012 1992 ante
3051 1921 3241 1992 mille

577 2055 804 2109 annos
841 2036 1332 2109 indubitanter
1366 2041 1770 2119 servatum;
1814 2041 1893 2105 ut
1927 2052 2014 2104 ex
2053 2034 2369 2122 antiquis
2408 2029 2819 2104 Ritualibus
2858 2034 3233 2123 colligitur,

576 2166 761 2239 quae
790 2148 1133 2241 expendit
1160 2146 1545 2217 Catalanus
1571 2146 1666 2217 nd
1699 2144 2115 2233 Pontificale
2143 2145 2538 2216 Romanum
2564 2151 2732 2216 tom.
2767 2144 2835 2215 1.
2865 2164 3038 2235 paq.
3072 2143 3236 2216 449.

576 2261 653 2331 in
710 2261 891 2332 notis
940 2260 1036 2332 ad
1069 2256 1142 2353 ἓ.
1183 2258 1307 2332 29.
1347 2255 1527 2340 Quin
1586 2259 1798 2327 immo
1855 2256 2158 2327 libenter
2194 2257 2669 2347 agnoscimuS,
2715 2256 3239 2346 presbyterum,

578 2370 981 2441 huiusmodi
1056 2370 1543 2460 promissionis
1614 2370 1850 2459 vigore
1918 2388 2000 2440 ea
2056 2367 2247 2459 lege,
2304 2370 2488 2440 inter
2542 2369 2762 2454 alias,
2821 2370 3244 2441 adstrictum

581 2482 834 2567 teneri,
893 2490 969 2551 ut
1024 2501 1063 2550 a
1116 2482 1401 2552 servitio
1440 2478 1824 2567 Ecclesiae,
1856 2481 1968 2551 cui
2025 2480 2095 2550 in
2150 2480 2597 2551 ordinatione
2636 2481 2964 2551 addictus
3002 2479 3242 2568 fuerit,

578 2591 941 2663 discedere
983 2599 1290 2681 nequeat
1344 2593 1497 2663 sine
1555 2593 1839 2664 licentia
1893 2587 2270 2684 Episcopi;
2326 2578 2398 2664 id
2451 2592 2641 2682 quod
2690 2594 2978 2683 optimis
3036 2594 3251 2666 ratio-

575 2702 792 2774 nibus
846 2704 1286 2774 demonstrat
1340 2700 1611 2775 Hallier
1661 2704 1744 2775 de
1797 2722 1985 2775 sacr.
2027 2703 2221 2776 elect.
2264 2710 2330 2776 et
2365 2705 2601 2776 ordin.
2636 2724 2805 2795 por.
2850 2703 2920 2777 1.
2965 2712 3132 2777 sect.
3177 2705 3245 2777 6.

576 2812 650 2909 ἓ.
699 2814 815 2886 14.
871 2815 1198 2887 editionis
1258 2816 1648 2897 Romanae,
1688 2815 1807 2885 ubi
1849 2815 2052 2886 docte
2108 2816 2554 2906 graviterque
2593 2817 2844 2887 refellit
2883 2823 3244 2888 auctorem

579 2928 946 2998 cuiusdam
990 2928 1208 2998 libelli
1266 2924 1533 2997 Gallico
1570 2945 1892 2998 sermone
1930 2927 2129 3007 editi,
2173 2929 2294 3016 qui
2332 2928 2731 2998 huiusmodi
2771 2930 3244 2999 reverentiam

578 3046 651 3111 et
701 3039 1185 3112 obedientiam
1238 3037 1586 3131 Episcopo
1639 3040 1714 3108 in
1769 3039 2218 3110 ordinatione
2285 3040 2707 3131 promissam
2759 3042 3087 3129 angustis
3141 3041 3248 3110 ni-

580 3152 833 3221 mirum
890 3152 1236 3223 limitibus
1290 3168 1610 3223 coercere
1664 3155 2089 3221 tentaverat.

729 3259 1258 3351 Verumtamen,
1307 3264 1416 3333 bis
1468 3261 1802 3332 omnibus
1860 3280 2001 3332 non
2056 3260 2541 3350 obstantibuS,
2597 3265 2858 3334 iterum
2910 3263 3242 3350 dicimuS,

578 3392 831 3443 novam
889 3377 1289 3465 generalem
1346 3375 1569 3466 legem
1623 3375 1760 3445 liac
1807 3372 1901 3445 de
1937 3392 2011 3445 re
2049 3373 2339 3445 minime
2378 3377 2846 3446 necessariam
2886 3372 3111 3446 Nobis
3148 3376 3251 3445 vi-

578 3486 775 3572 deri3
838 3486 940 3556 rel
998 3488 1165 3575 quia
1223 3489 1289 3557 in
1348 3487 1846 3558 ecclesiasticis
1898 3486 2418 3573 sanctionibus,
2463 3487 2964 3576 quodcumque
3008 3505 3249 3558 ueces-

579 3598 843 3668 sarium
899 3606 1034 3683 est,
1091 3600 1263 3669 satis
1315 3600 1782 3670 constitutum
1840 3598 2224 3687 babemus3
2283 3600 2392 3670 vel
2445 3602 2641 3689 quia,
2682 3600 2952 3688 siquid
3011 3599 3252 3671 adhuc

579 3707 1054 3780 ordinandum
1112 3716 1461 3800 superest,
1506 3712 1573 3782 id
1630 3730 1757 3803 pro
1814 3712 2164 3801 generalis
2199 3713 2726 3783 constitutionis
2762 3712 3089 3784 subiecto
3126 3712 3254 3782 ba-

580 3818 727 3890 beri
788 3840 931 3891 uon
990 3828 1241 3910 potest.
1302 3818 1457 3892 Tria
1511 3823 1866 3911 siquidem
1919 3830 2114 3909 suut,
2157 3842 2342 3911 quae
2397 3825 2466 3894 in
2516 3824 2918 3894 huiusmodi
2960 3825 3251 3896 casibus

580 3931 1013 4002 considerari
1069 3941 1408 4022 possunt:
1460 3934 1776 4025 primum
1825 3935 2176 4017 videlicet,
2219 3954 2313 4005 an
2351 3934 2721 4025 presbyter
2758 3935 2847 4005 ab
2886 3932 3248 4010 Ecclesiae

579 4044 867 4112 servitio
922 4044 1009 4114 ad
1067 4045 1411 4133 regularia
1471 4046 1778 4116 claustra
1842 4047 2273 4117 transiturus
2343 4047 2876 4135 permissionem
2935 4047 3030 4118 ab
3081 4044 3251 4138 Epi·

579 4171 791 4244 scopo
847 4162 1084 4244 petere
1137 4155 1423 4240 debeat,
1480 4157 1896 4238 secundum,
1952 4158 2124 4247 quid
2179 4157 2312 4247 ipsi
2369 4157 2772 4230 faciendum
2823 4160 2943 4241 sit,
2983 4162 3043 4231 si
3083 4157 3250 4250 Epi-

577 4282 837 4353 scopus
888 4268 1306 4338 dissentiat:
1365 4269 1681 4349 tertium,
1721 4268 1895 4357 quid
1944 4271 2404 4341 statuendum
2442 4273 2537 4342 sit
2572 4271 2660 4342 de
2716 4272 3078 4362 parocbia,
3119 4291 3249 4342 seu

576 4378 1032 4464 canonicatu,
1066 4386 1191 4450 aut
1228 4379 1842 4465 archidiaconatu,
1887 4399 2096 4469 quem
2141 4379 2509 4470 presbyter
2544 4381 2940 4454 obtinebat.
2988 4379 3246 4454 Verum

583 4484 761 4556 baec
814 4489 1049 4557 omnia
1105 4490 1245 4560 iam
1299 4492 1477 4561 sacri
1534 4510 1848 4561 canones
1903 4492 2483 4579 considerarunt,
2541 4501 2758 4583 atque
2811 4502 3252 4584 opportunas

586 4612 716 4682 pro
769 4599 1067 4684 singulis
1121 4603 1476 4690 capitibus
1529 4605 1814 4693 regulas
1869 4604 2512 4694 praescripserunt.

724 4704 923 4782 Quod
987 4711 1176 4779 enim
1227 4716 1538 4802 pertinet
1591 4716 1682 4786 ad
1734 4712 2069 4805 Episcopi
2140 4716 2609 4806 permissum3
2666 4734 2873 4788 nemo
2927 4716 3244 4805 dubitat,
