3497 5235
603 281 728 356 ⁰⁸1²·
761 285 831 342 11.
871 283 944 341 Do
983 282 1247 360 Episcopo,
1286 285 1696 360 Δτώὶσῃὶιοορο,
1734 286 1963 344 Prinas·
2002 287 2060 346 ot
2098 288 2421 346 Pettium
2462 291 2516 364 ἓ.
2540 288 2586 346 1.
2815 287 2928 351 137

270 412 634 480 adiunctum
684 414 962 500 publicis
1006 416 1317 494 comitIis,
1376 437 1488 483 seu
1536 417 1899 484 assembleis
1947 429 2123 484 certo
2172 421 2848 506 tempore-intersunt.
2885 457 2928 471 -

270 519 330 582 4.
363 516 584 593 Quaeri
637 527 855 601 potest
898 537 977 583 an
1024 519 1355 605 Episcopis
1400 519 1614 586 abesse
1659 520 1869 596 liceat,
1908 531 1980 587 ut
2013 521 2293 588 conciliis
2327 542 2698 610 regnorum,
2733 524 2929 612 vulgo

268 622 803 702 rapprcsentativi
845 641 877 687 c
923 622 1409 688 costituzionali
1460 622 1778 689 intersint.
1851 625 1911 692 Si
1963 643 2191 690 munus
2240 624 2630 711 episcopatui
2679 629 2760 692 sit
2819 628 2930 693 ad-

270 740 524 798 nexum,
580 720 956 789 affirmative
1004 725 1528 810 respondendum
1576 728 1859 793 videtur·
1914 731 1975 796 Si
2025 747 2180 793 vero
2228 721 2458 795 munus
2505 728 2624 795 hoc
2670 749 2704 795 a
2752 729 2931 817 prin-

270 825 431 910 cipe,
485 824 590 890 vel
640 827 884 913 populo
929 846 1263 913 personae,
1315 848 1442 894 non
1492 829 1889 915 episcopatui
1938 828 2155 896 datum
2192 831 2299 907 sit,
2351 832 2534 896 aliter
2580 830 2929 898 dicendum

271 945 400 991 esse
449 926 735 992 videtur.
775 963 818 977 -
849 930 976 996 Sed
1025 931 1386 1016 Apostolica
1438 930 1634 1000 Sedes
1681 931 1743 998 id
1793 945 1922 998 non
1970 931 2336 999 declaravit.
2388 935 2456 997 In
2502 935 2679 1018 praxi
2734 934 2932 1002 tutius

271 1028 551 1107 videtur,
585 1032 653 1096 ¹si
704 1030 924 1098 eadem
974 1031 1262 1098 adeatur.
1299 1070 1342 1084 -
1371 1037 1438 1100 6.
1478 1038 1539 1100 7.
1579 1037 1644 1100 8.
1683 1034 2087 1101 Residentiae
2137 1036 2344 1122 legem
2393 1055 2522 1101 non
2554 1038 2747 1102 violat
2780 1038 2929 1122 Epi-

269 1135 607 1219 scopus,si
643 1133 705 1200 in
737 1134 953 1220 aliquo
985 1133 1295 1203 dioecesis
1329 1136 1573 1223 oppido
1613 1150 2069 1214 commoretur,
2121 1136 2474 1205 dummodo
2519 1140 2933 1225 praescriptis

273 1236 669 1322 temporibus
714 1255 915 1322 penes
962 1239 1387 1306 cathedralem
1422 1241 1719 1307 resideat.
1756 1277 1798 1288 -
1829 1242 1899 1305 9.
1936 1240 1997 1307 Si
2037 1252 2245 1307 tamen
2279 1259 2490 1326 neque
2521 1241 2934 1327 praescriptis

277 1340 674 1424 temporibus
722 1343 786 1405 in
836 1336 1178 1408 cathedrali
1229 1343 1527 1418 resideat,
1581 1343 1822 1409 etiamsi
1869 1363 1986 1409 suo
2020 1341 2228 1408 officio
2261 1342 2451 1421 desit,
2487 1343 2712 1428 poenis
2745 1362 2934 1430 supra

273 1442 612 1528 praedictis
657 1443 923 1510 minime
968 1445 1294 1512 subiacere
1340 1445 1652 1512 dicendus
1700 1456 1825 1513 est.
1859 1483 1902 1496 -
1939 1449 2043 1512 to.
2094 1445 2270 1513 Idem
2318 1445 2442 1512 dici
2494 1445 2743 1532 nequit,
2780 1447 2933 1512 siin

275 1544 514 1631 oppido
563 1544 718 1611 licet
763 1547 1056 1632 proximo
1102 1549 1347 1615 allenae
1397 1549 1704 1615 dioecesis
1736 1547 2033 1619 resideat.
2063 1587 2106 1599 ,
2142 1552 2248 1617 11.
2288 1552 2446 1615 Cum
2482 1567 2643 1616 unus
2676 1548 2935 1633 Episcof·

273 1668 383 1735 pus
429 1649 726 1733 pluribus
773 1649 1168 1718 dioecesibus
1215 1662 1495 1738 praeest,
1549 1651 1633 1717 ibi
1684 1650 1968 1717 residere
2016 1650 2232 1727 debet,
2273 1650 2377 1717 ubi
2416 1650 2635 1716 literae
2666 1654 2933 1735 Aposto-

278 1751 423 1816 licae
475 1750 888 1818 residentiam
938 1752 1143 1819 facere
1192 1753 1657 1839 praescribunt,
1693 1765 1801 1818 aut
1836 1752 2229 1820 consuetudo
2265 1751 2545 1841 legitima
2582 1751 2927 1840 induxerit.

277 1855 337 1918 In
381 1853 506 1919 hoc
545 1874 692 1920 casu
741 1853 1142 1922 laudabiliter
1189 1855 1357 1922 idem
1405 1875 1473 1922 se
1520 1869 1726 1944 geret,
1777 1856 1825 1922 si
1876 1857 2213 1941 aliquoties
2247 1857 2309 1922 in
2344 1855 2525 1920 aliam
2560 1855 2932 1933 dioecesim,

277 1957 375 2022 ubi
410 1977 541 2024 non
581 1957 846 2034 residet,
882 1957 958 2025 ad
990 1959 1370 2045 pontificalia
1419 1958 1782 2046 peragenda
1818 1980 1886 2026 se
1921 1958 2231 2025 conserat.
2267 1995 2309 2006 -
2347 1962 2447 2024 12.
2489 1959 2550 2026 Si
2583 1959 2751 2023 nulla
2784 1977 2932 2023 con-

275 2062 545 2126 suetudo
592 2059 777 2138 adsit,
828 2060 1097 2127 ubilibet
1144 2062 1425 2128 residere
1474 2073 1707 2150 potest.
1764 2065 1961 2128 Decet
2008 2080 2187 2138 vero,
2224 2072 2296 2127 ut
2328 2060 2652 2126 interdum
2690 2057 2754 2125 i'n
2787 2060 2929 2138 alia,

280 2161 337 2227 in
382 2182 508 2247 qua
557 2182 689 2229 non
738 2163 999 2241 residet,
1051 2163 1431 2250 pontificalia
1477 2176 1639 2253 agat.
1672 2168 1845 2230 -13.
1902 2167 1988 2230 De
2038 2163 2379 2230 residentia
2432 2171 2763 2229 tractatum
2797 2160 2929 2228 edi-

280 2260 366 2328 dit
415 2268 597 2331 Rosa.

426 2422 492 2492 1.
555 2419 872 2494 Primum
909 2431 979 2496 et
1016 2426 1479 2515 praecipuum
1513 2420 2026 2515 Episcoporum
2061 2424 2373 2502 officium
2408 2430 2514 2495 est
2552 2425 2735 2495 inter
2768 2440 2938 2496 oves

283 2533 409 2604 sibi
460 2535 910 2607 concreditas
962 2536 1245 2608 assidue
1297 2535 1740 2607 commorari.
1802 2530 2057 2625 Itaque
2108 2530 2496 2607 Instructio
2548 2541 2789 2606 nostra
2845 2534 2938 2606 de

287 2642 607 2737 Episcopi
664 2665 965 2738 persona
1018 2667 1226 2739 agere
1278 2649 1699 2739 suscipienS‚
1758 2667 1796 2718 a
1852 2648 2280 2718 residentiae
2334 2653 2739 2741 praecept0‚
2796 2663 2938 2736 quo

290 2758 410 2847 ipsi
463 2759 1036 2850 obstringuntur,
1104 2762 1352 2831 merito
1420 2760 1636 2831 sumit
1702 2757 2096 2830 exordium.
2171 2754 2545 2828 Notissima
2604 2763 2674 2827 et
2726 2756 2935 2828 obvia

289 2872 534 2960 cuique
588 2877 786 2957 sunt,
845 2890 1029 2960 quae
1083 2890 1297 2962 super
1345 2870 1481 2942 hac
1534 2890 1607 2941 re
1664 2871 2074 2961 gravissime
2125 2875 2534 2941 statuerunt
2585 2869 2766 2954 sacri
2820 2887 2938 2940 ca·

290 2997 503 3051 nones
555 2988 629 3052 et
680 2977 1002 3053 Trident.
1060 2980 1387 3072 Synodus
1438 2981 1624 3054 Sess.
1683 2984 1805 3052 23.
1861 2999 2021 3071 cap.
2071 2981 2136 3050 1.
2195 2981 2277 3051 de
2329 2980 2615 3070 reform.
2675 2978 2814 3051 Sed
2866 2984 2937 3052 et

290 3099 733 3164 accesserunt
795 3094 1034 3184 plures
1104 3094 1550 3165 Summornm
1602 3090 2026 3164 Pontificum
2078 3090 2655 3177 ConstitutioneS‚
2714 3090 2942 3161 nomi·

291 3206 502 3275 natim
537 3225 594 3276 s.
625 3225 719 3276 m.
754 3203 857 3278 Pii
888 3202 1041 3293 IV.‚
1068 3203 1380 3298 Gregorii
1408 3201 1646 3292 xl11.,
1670 3203 2052 3276 Clementis
2080 3199 2307 3289 vm„
2337 3208 2408 3274 et
2436 3197 2703 3274 Urbani
2733 3196 2930 3271 VIII.

293 3314 362 3384 in
408 3314 702 3389 Constit.
750 3318 1015 3389 Sancta
1068 3317 1382 3408 synodus
1436 3316 1574 3387 diei
1643 3316 1758 3385 12.
1802 3312 1968 3386 Dec.
2017 3314 2263 3402 1634„
2320 3330 2504 3403 quae
2559 3312 2814 3403 legitur
2863 3311 2940 3383 in

291 3420 588 3500 Bullario
645 3448 930 3522 magnO,
988 3437 1059 3501 et
1112 3430 1327 3501 ctiam
1381 3428 1571 3518 apud
1625 3426 1920 3499 Barbos.
1982 3428 2082 3499 De
2133 3427 2301 3519 offic.
2362 3431 2426 3497 et
2473 3431 2616 3517 pot.
2660 3424 2936 3515 Episc„

294 3545 468 3625 part.
501 3541 570 3610 3.
614 3540 686 3610 in
727 3559 893 3632 app.
937 3559 1011 3611 n.
1049 3540 1166 3611 64.
1226 3537 1421 3610 Haec
1469 3537 1893 3611 Constitutio
1938 3544 2183 3629 utpote
2220 3537 2601 3609 novissima
2639 3552 2722 3606 eo
2761 3541 2940 3607 tem-

297 3666 479 3737 pore,
532 3670 674 3741 quo
733 3648 1115 3738 Instructio
1168 3651 1499 3742 prodibat
1553 3652 1624 3721 in
1677 3650 1953 3736 lucem,
2019 3650 2302 3721 disertis
2369 3647 2604 3720 verbis
2655 3647 2729 3717 in
2785 3647 2936 3735 ipsa

299 3752 762 3834 Instructione
811 3782 978 3853 prae
1016 3765 1268 3835 ceteris
1304 3763 1677 3853 allegatur.
1720 3762 1860 3833 Sed
1896 3780 2056 3833 cum
2092 3780 2248 3832 eam
2287 3758 2736 3851 postmodum
2771 3756 2943 3828 sub—

297 3880 522 3945 secuta
561 3875 772 3949 fuerit
810 3874 1105 3949 Constit.
1147 3873 1415 3947 Beucd.
1465 3871 1649 3945 XIV.
1693 3873 1911 3963 incip.
1954 3872 2063 3944 Ad
2105 3873 2477 3945 universae
2510 3868 2944 3940 christianae

298 3982 430 4056 diei
478 3990 544 4058 3.
588 3990 785 4080 Sept.
835 3989 1081 4075 1746..
1137 3989 1330 4061 hisce
1384 3986 1822 4079 temporibus
1874 3985 2040 4057 huic
2090 3981 2607 4056 inhaerendum
2662 3985 2794 4052 cst.
2854 3975 2941 4063 In

299 4111 382 4164 ea
429 4118 622 4189 porro
675 4097 946 4171 Bened.
991 4095 1177 4171 XIV.
1235 4119 1593 4172 sacrorum
1646 4116 2004 4172 canonum
2054 4094 2450 4169 Tridentini
2499 4092 2818 4180 Concilii,
2871 4099 2942 4165 et

297 4210 727 4286 decessorum
779 4229 1068 4284 suorum
1121 4210 1673 4283 Constitutiones
1743 4206 1820 4282 in'
1872 4208 2203 4281 omnibus
2271 4205 2597 4299 partibus
2650 4205 2940 4277 omnino

296 4325 703 4412 confirmat3
761 4324 1052 4414 insuper
1105 4322 1621 4395 declarationes
1672 4339 1921 4393 omnes
1972 4338 2187 4411 super
2230 4316 2363 4387 hoc
2400 4314 2700 4388 articulo
2738 4335 2778 4387 a
2814 4316 2944 4387 Sa-

297 4436 430 4505 cris
472 4434 1150 4527 Congregationibus
1201 4452 1430 4523 usque
1483 4452 1587 4504 eo·
1616 4434 1848 4504 editas
1893 4430 2144 4501 eadem
2181 4427 2720 4500 confirmatione
2758 4445 2947 4499 com-

300 4542 644 4633 plectitur.
700 4545 1021 4618 Subinde
1088 4530 1411 4635 sin'gulas
1462 4560 1726 4633 poenas
1799 4542 2062 4613 ibidem
2135 4540 2561 4612 constitutas
2622 4544 2940 4626 renovat,

305 4654 626 4748 additque
676 4657 1146 4749 privationem
1213 4654 1692 4742 indultorum,
1767 4670 1953 4744 quae
2023 4650 2261 4724 forsan
2329 4650 2504 4740 ipsis
2572 4646 2946 4744 Episcopis
