3497 5235
894 284 1013 359 0⁸1».
1037 286 1081 342 1.
1123 285 1197 342 Do
1236 283 1390 343 stetu
1428 277 1689 343 Maiis
1727 283 2005 342 mauritii.
2048 284 2099 356 ξ.
2126 282 2247 340 4-7.
2836 271 2914 334 79

376 417 497 490 60.
553 414 749 489 Huic
798 415 1298 490 constitutioni
1351 435 1643 488 causam
1677 416 1874 489 dedit
1925 436 2076 488 mos
2112 416 2474 503 inductus,
2516 431 2660 504 quo
2694 410 2917 483 bene·-

245 528 486 615 ficiati,
541 547 730 618 quos
781 529 1371 616 memoravimuS,
1427 546 1708 601 sacram
1759 527 2280 618 supellectilem
2346 525 2506 597 aliis
2560 523 2911 615 personiS,

245 640 446 713 etiam
512 659 662 712 non
713 641 979 727 sacris,
1039 638 1588 729 relinquebam,
1662 649 1734 714 et
1804 640 1972 712 dein
2043 640 2455 712 collectores
2526 635 2918 729 spoliorum

245 750 410 824 Rev.
452 749 655 827 Cam.
702 750 1144 844 Apostolicae
1195 751 1331 823 snb
1387 757 1791 842 praetextu,
1833 752 2028 842 quod
2064 751 2317 823 eadem
2354 767 2559 821 sacra
2594 744 2920 835 supellex

246 864 721 955 appellatione
772 865 1163 955 spoliorum
1215 859 1393 934 Rev.
1438 859 1632 935 Cam.
1682 864 1922 954 Apost.
1983 881 2071 935 ex
2122 860 2513 933 Pontificiis
2562 857 2923 930 Constitu-

247 974 557 1046 tionibus
609 973 1017 1046 debitorum
1070 976 1820 1066 comprehenderetur,
1879 978 2161 1067 exigere
2205 981 2275 1047 et
2312 973 2679 1065 percipere
2716 985 2921 1062 prae-

247 1093 608 1159 sumerent
646 1087 721 1157 in
749 1086 1256 1158 detrimentum
1285 1087 1751 1160 ecclesiarum
1787 1094 1859 1159 et
1893 1087 2207 1160 dedecus
2239 1083 2628 1175 religionis.
2662 1080 2922 1172 Itaque

249 1202 578 1270 Summus
634 1196 954 1269 Pontifex
1008 1198 1345 1270 distincte
1399 1199 1765 1288 declarat,
1834 1216 2022 1289 quae
2090 1198 2297 1290 spolii
2368 1215 2534 1289 pars
2604 1196 2922 1267 ecclesiis

247 1311 535 1381 omnino
588 1309 1065 1399 relinquenda
1122 1329 1205 1382 ac
1259 1312 1614 1383 tradenda
1663 1312 1786 1383 sit.

384 1423 509 1493 61.
568 1419 1018 1512 Quapropter
1065 1419 1140 1515 ξ.
1189 1423 1258 1492 1.
1316 1424 1664 1512 decernit,
1724 1431 1943 1514 atque
1995 1423 2313 1496 declarat
2372 1445 2407 1488 ‹
2449 1420 2641 1511 qnod
2677 1419 2768 1491 de
2805 1437 2921 1491 ce·-

254 1559 289 1604 ›
323 1541 476 1604 tero
532 1533 776 1603 omnia
826 1539 898 1604 et
948 1533 1230 1623 singula
1283 1543 1706 1625 paramenta
1769 1543 1840 1608 et
1893 1541 2317 1606 ornamenta
2369 1551 2453 1605 ac
2504 1549 2701 1619 vasa,
2760 1548 2928 1602 nec-

254 1671 289 1716 »
327 1663 466 1716 non
525 1639 845 1714 Missalia
897 1650 970 1714 et
1019 1641 1434 1731 Gradualia,
1493 1664 1576 1717 ac
1629 1653 1887 1718 cantus
1940 1646 2152 1733 firmi,
2212 1653 2284 1718 et
2334 1644 2647 1715 musicae
2701 1641 2927 1730 aliqui

256 1781 291 1822 ι
327 1753 867 1847 quomodolibet
921 1759 1317 1846 nuncupati
1371 1757 1562 1844 libri,
1615 1765 1687 1830 et
1732 1758 1917 1828 aliae
1968 1775 2081 1829 res
2117 1775 2362 1829 sacrae
2414 1756 2629 1828 etiam
2667 1754 2820 1825 auri
2856 1759 2930 1824 et

257 1893 292 1938 ›
329 1868 639 1959 argenti,
680 1885 764 1935 ac
801 1884 1301 1956 quaecumque
1354 1869 1494 1940 alia
1532 1868 1721 1940 bona
1761 1888 1885 1960 per
1923 1885 2410 1958 quoscumque
2447 1863 2924 1950 Patriarchas,

260 2007 292 2048 ›
335 1979 964 2069 Arcbiepiscopos,
1022 1973 1457 2070 Episcopos,
1519 1978 1875 2069 AbbateS,
1932 1998 2059 2052 seu
2113 1976 2803 2062 CommendatarioS,
2859 1981 2932 2046 et

261 2117 295 2160 ι
332 2092 510 2162 alios
559 2107 1079 2178 quoscumque,
1139 2109 1633 2180 quaecumque
1686 2100 1756 2163 et
1809 2093 2361 2181 qualiacumque
2413 2088 2765 2162 beneficia
2818 2103 2935 2159 eo-

266 2228 298 2271 »
335 2202 735 2275 ctesiastica
802 2218 963 2271 cum
1033 2219 1204 2273 cura
1271 2209 1342 2274 et
1402 2204 1556 2274 sine
1609 2222 1824 2290 cura,
1898 2204 2339 2292 saecularia,
2398 2209 2468 2274 et
2522 2201 2933 2292 quorumvis

269 2340 302 2382 ›
338 2314 674 2385 ordinum
722 2312 1104 2402 regularia,
1148 2314 1223 2384 in
1261 2315 1548 2386 titulum
1603 2315 1713 2387 vel
1768 2317 2291 2402 commendam,
2349 2323 2473 2388 aut
2528 2316 2705 2386 alias
2757 2333 2934 2404 quo-

269 2452 304 2493 »
339 2425 728 2496 modolibet
783 2422 1220 2513 obtinentes,
1264 2445 1717 2517 quocumque
1757 2429 2045 2499 nomine
2082 2429 2191 2499 vel
2229 2428 2435 2500 titulo
2472 2433 2927 2516 censeantur,

273 2537 622 2609 ›etiamsi
691 2535 783 2606 de
854 2535 994 2606 illis
1058 2544 1129 2609 et
1195 2557 1436 2610 eorum
1510 2538 1987 2629 qualitatibus
2055 2539 2389 2632 specialis
2459 2547 2530 2612 et
2598 2558 2934 2632 expressa

270 2673 308 2717 ›
347 2651 606 2721 mentio
658 2647 998 2720 habenda
1059 2650 1268 2739 foret,
1326 2652 1415 2723 ad
1470 2670 1678 2723 usum
1733 2660 1804 2725 et
1859 2651 2126 2723 cultum
2183 2653 2534 2741 divinum,
2591 2654 2806 2724 etiam
2862 2654 2936 2723 in

273 2785 311 2829 ›
346 2780 578 2833 eorum
636 2761 937 2851 privatis
981 2763 1285 2835 aedibus
1321 2773 1392 2835 et
1424 2764 1746 2853 capellis,
1805 2765 1916 2835 vel
1970 2766 2292 2836 oratoriis
2329 2764 2718 2850 destinata,
2759 2771 2941 2836 tem-

277 2898 314 2940 »
352 2892 505 2965 pore
558 2891 809 2945 eorum
861 2871 1106 2944 obitus
1158 2893 1245 2946 ex
1302 2882 1758 2963 testamentO,
1817 2874 1928 2946 vel
1980 2874 2071 2946 ab
2128 2877 2467 2948 intestato
2492 2876 2762 2961 ,relicta
2800 2873 2936 2946 sub

281 3011 318 3055 ιι
356 2986 721 3076 quibusvis
789 2985 1260 3058 facultatibus
1323 2987 1680 3075 testandi,
1736 2992 1809 3058 et
1860 2986 2038 3057 alias
2089 2987 2518 3077 disponendi
2590 2986 2681 3056 de
2731 2985 2941 3057 bonis

283 3121 322 3162 ›
361 3116 471 3187 per
519 3116 644 3168 eos
694 3114 783 3166 ex
837 3096 1074 3184 altari,
1134 3097 1243 3168 vel
1297 3098 1477 3168 alias
1521 3096 2056 3188 quomodolibet
2110 3098 2507 3187 acquisitis,
2567 3114 2693 3187 per
2729 3114 2945 3185 quos-

283 3231 324 3274 >
364 3227 651 3299 cumque
708 3206 1071 3280 Romanos
1128 3207 1530 3297 PontificeS,
1583 3209 2164 3300 praedecessores
2218 3217 2287 3281 et
2339 3225 2783 3281 successores
2817 3225 2946 3279 no-

287 3344 328 3388 »
366 3329 556 3408 stros,
615 3340 702 3392 ac
759 3339 886 3390 nos
939 3319 1077 3391 sub
1135 3321 1510 3410 quibusvis
1566 3322 1932 3394 tenoribus
1984 3328 2056 3393 et
2105 3321 2375 3408 formis,
2432 3340 2515 3393 ac
2569 3339 2730 3392 cum
2786 3320 2946 3410 qui-

286 3456 328 3498 >
368 3431 588 3503 busvis
640 3432 983 3503 clausulis
1039 3450 1124 3503 ac
1175 3432 1505 3511 decretis,
1563 3434 1782 3505 etiam
1838 3440 2030 3504 motu
2079 3434 2389 3525 propri0,
2431 3440 2501 3504 et
2538 3434 2715 3503 alias
2770 3450 2947 3521 quo-

289 3564 328 3609 s
375 3545 738 3615 modolibet
806 3545 1160 3614 concessis
1214 3552 1286 3616 et
1339 3545 1814 3617 concedendis
1871 3545 2157 3616 minime
2213 3544 2940 3634 comprehendantur,

294 3678 336 3720 ›
377 3673 490 3727 nec
535 3657 670 3727 sub
726 3655 1212 3746 appellatione
1264 3657 1648 3748 spoliorum
1703 3652 1816 3752 (1)
1887 3657 2223 3741 veniant,
2291 3656 2416 3727 sed
2481 3657 2573 3728 ad
2625 3655 2946 3746 singulas

295 3787 336 3831 ›
373 3767 728 3856 ecclesias,
807 3768 1283 3856 monasteria,
1344 3768 1560 3839 etiam
1615 3774 1972 3839 conventu
2044 3770 2399 3853 carentia,
2456 3773 2529 3839 et
2597 3766 2948 3838 beneficia

298 3900 340 3942 >
379 3876 789 3959 huiusmodi,
852 3881 922 3951 in
977 3881 1242 3969 quibus
1302 3882 1722 3967 resederint,
1784 3887 1908 3951 ant
1961 3880 2225 3969 quibus
2278 3880 2766 3970 praefuerint,
2824 3896 2951 3950 seu

299 4011 341 4053 >
383 4006 546 4076 quae
594 3993 773 4062 alias
825 3990 1317 4080 obtinuerint,
1375 3998 1700 4082 spectent
1763 4011 1847 4062 ac
1899 3992 2399 4081 pertineant...
2460 3988 2737 4079 Illaque
2790 3997 2952 4079 post

296 4122 338 4164 ›
384 4117 596 4173 eorum
634 4103 912 4175 obitum
945 4105 1214 4174 eisdem
1254 4106 1594 4192 ecclesiiS,
1641 4104 2091 4175 monasteriis
2128 4110 2198 4174 et
2233 4101 2629 4188 beneficiiS,
2672 4102 2952 4172 etiamsi

301 4232 342 4276 ›
393 4210 452 4280 in
503 4211 818 4286 Romana
884 4216 1108 4301 curia,
1177 4223 1248 4286 et
1308 4217 1548 4306 procul
1617 4215 1707 4286 ab
1773 4216 1911 4286 illis
1975 4216 2456 4302 decesserint,
2518 4214 2624 4284 vel
2688 4213 2779 4284 ad
2832 4214 2954 4285 illa

293 4344 338 4385 ›
393 4339 728 4414 nunquam
781 4329 1242 4415 accesserint,
1303 4329 1521 4398 etiam
1573 4328 1634 4398 si
1688 4333 1900 4399 antea
1963 4328 2420 4398 ecclesiarum
2476 4331 2547 4397 et
2600 4334 2959 4398 monaste-

299 4452 344 4495 »
396 4432 624 4507 riorum
673 4439 1002 4530 regimini
1056 4440 1439 4528 cesserint,
1514 4439 1624 4511 vel
1696 4439 2046 4511 beneficia
2112 4436 2518 4510 huiusmodi
2583 4440 2956 4511 renuntia-

447 4676 512 4748 (l)
545 4687 686 4750 Quae
721 4687 994 4740 videlicet
1032 4702 1066 4737 a
1104 4689 1174 4739 R.
1208 4688 1268 4740 C.
1299 4687 1372 4744 A.
1412 4705 1479 4740 ex
1515 4688 1861 4753 Apostolieis
1898 4690 2427 4743 constitutionibus
2464 4692 2800 4754 exiguntur.
