3497 5235
509 308 625 372 158
1261 308 1631 368 luti-notionis
1670 307 1725 364 8.
1752 306 1936 380 Oongr.
1962 305 2110 365 Ocno.
2148 305 2420 380 expositio.

506 441 667 515 aliis
736 440 1010 514 idoneis
1076 440 1244 512 viris
1292 440 1791 514 ecclesiasticis
1843 439 2234 531 deputare,
2290 439 2414 530 qui
2466 456 2681 530 super
2734 436 2944 511 certis
2991 435 3173 509 locis

503 554 643 646 piis
686 570 771 625 ac
821 552 1142 643 personis
1191 571 1466 624 sacram
1520 552 2006 624 visitationem
2042 558 2286 643 agant,
2327 557 2400 624 et
2453 551 2526 624 in
2579 550 2865 641 scriptis
2897 550 2988 623 de
3022 549 3174 622 sin-

506 666 691 759 gulis
742 663 958 736 rebus
1008 663 1427 737 relationem
1479 662 1778 749 faciant,
1821 682 2110 753 unaque
2154 662 2469 736 remedia
2505 666 2938 754 proponant,
2980 677 3171 751 quae

505 777 600 850 ad
650 794 796 849 rem
850 776 1075 866 magis
1127 774 1525 848 conducere
1576 775 1982 847 videantur.
2051 770 2157 845 Ex
2224 774 2422 846 hisce
2490 774 2774 846 duobus
2822 772 3170 864 exemplis

507 888 827 980 apprime
864 887 1244 977 colligitur,
1284 885 1511 978 legem
1547 884 1636 958 de
1671 885 2078 959 visitatione
2115 884 2437 976 quolibet
2472 904 2690 974 anno,
2730 883 2844 957 vel
2877 883 3171 956 biennio

507 997 988 1072 instauranda.
1030 1015 1173 1069 non
1225 1015 1380 1070 esse
1430 1003 1804 1087 tantopere
1856 996 2242 1086 difficilem,
2281 1003 2362 1070 ut
2399 997 2837 1070 exsecutioni
2873 994 3171 1068 mande-

506 1117 651 1200 tur,
708 1115 918 1202 prout
967 1109 1436 1181 communiter
1486 1108 1633 1181 fere
1687 1108 2049 1183 creditur:
2119 1126 2360 1200 neque
2406 1110 2600 1184 enim
2649 1126 2829 1202 opus
2880 1114 3036 1195 est,
3090 1111 3173 1179 ut

503 1219 836 1317 Episcopi
888 1220 1172 1313 singula
1224 1238 1352 1312 per
1400 1238 1504 1308 se,
1562 1221 1833 1294 nullius
1882 1240 2016 1315 ope
2068 1221 2369 1310 adscita,
2410 1220 2809 1311 perficiant.
2853 1217 2941 1292 In
2976 1219 3173 1292 hunc

503 1335 751 1425 itaque
801 1351 1119 1421 sensum,
1174 1333 1345 1405 data
1396 1333 1960 1423 opportunitate,
1999 1353 2145 1407 non
2181 1333 2401 1407 semel
2454 1330 2645 1405 S.·C.
2685 1330 2756 1405 C.
2799 1328 3171 1426 Episcopis

504 1445 1086 1538 respondendum
1139 1443 1441 1517 censuit.
2718 1457 2723 1462 ·

648 1560 768 1632 29.
826 1555 1027 1641 Quod
1080 1557 1391 1652 pertinet
1452 1556 1543 1627 ad
1604 1574 1951 1649 personas
2019 1551 2241 1651 (inter
2293 1574 2472 1648 quas
2525 1573 2818 1647 corpora
2874 1553 3170 1626 moralia

503 1670 1066 1761 complectimur,
1124 1669 1391 1761 quippe
1426 1686 1809 1758 personam
1845 1689 1884 1739 a
1923 1668 2079 1761 lege
2117 1674 2517 1742 mutuatam
2553 1663 2925 1762 induunt),
2984 1682 3172 1755 quae

503 1782 895 1855 visitationi
962 1779 1316 1852 obnoxiae
1367 1786 1580 1868 sunt,
1649 1780 1721 1852 in
1796 1780 2044 1872 primis
2114 1780 2336 1853 veluti
2390 1786 2624 1852 certus
2692 1780 3177 1867 immotusque

504 1912 735 1966 canon
803 1891 1280 1965 stabiliendus
1332 1897 1480 1980 est,
1538 1909 1788 1964 omnes
1855 1899 1925 1964 et
1987 1892 2311 1983 singulas
2381 1909 2622 1964 sacras
2691 1906 3035 1982 personas
3102 1893 3176 1962 et

503 2004 657 2078 loca
710 2005 829 2096 pia
882 2005 1071 2076 intra
1122 2003 1541 2075 dioeceseon
1595 2001 1946 2077 ambitum
1999 2004 2465 2077 consistentia
2521 2001 2613 2075 ab
2663 1998 3016 2092 Episcopo
3068 1999 3178 2071 vi-

502 2116 702 2189 sitari
755 2133 1008 2206 posse,
1066 2113 1205 2186 nisi
1260 2114 1636 2187 manifesta
1692 2115 2144 2204 exemptione
2211 2115 2605 2206 potiantur.
2679 2111 2909 2206 Supra
2979 2111 3175 2184 enim

505 2224 704 2324 (pag.
748 2227 868 2299 54.
931 2247 1004 2298 n.
1054 2222 1206 2321 13.)
1277 2225 1628 2315 vidimus,
1683 2223 2118 2318 Episcopum
2185 2244 2400 2317 super
2459 2227 2547 2299 iis
2614 2224 3033 2311 fundatam,
3090 2229 3175 2296 ut

504 2341 753 2426 aiunt,
808 2337 1075 2409 babere
1144 2337 1732 2409 iurisdictionem.
1791 2334 2105 2410 Barbosa
2158 2336 2240 2411 de
2290 2339 2405 2431 off.
2460 2343 2527 2411 et
2584 2343 2736 2429 pot.
2786 2336 2919 2429 Ep.
2976 2352 3052 2428 p.
3093 2336 3171 2407 3.

504 2448 731 2541 Alleg.
775 2448 896 2520 74.
953 2467 1027 2519 n.
1076 2449 1191 2518 11.
1248 2466 1412 2519 cum
1463 2448 1875 2521 auctoribus
1928 2448 2195 2522 ibidem
2249 2449 2600 2542 allegatis.
2640 2445 2898 2538 Itaque
2932 2449 2993 2520 si
3036 2447 3179 2520 hu-

506 2559 812 2635 iusmodi
866 2577 1210 2652 personae
1262 2569 1637 2651 exemptae
1689 2578 1836 2633 non
1887 2567 2083 2651 sunt,
2138 2557 2534 2655 Episcopus
2586 2579 2673 2634 ex
2725 2560 3010 2652 propria
3047 2578 3181 2633 au-

501 2673 834 2748 ctoritate
884 2673 1171 2745 easdem
1224 2673 1614 2745 visitationi
1666 2690 1842 2745 suae
1893 2673 2206 2747 subiicit.
2251 2672 2322 2746 Si
2358 2691 2524 2746 vero
2560 2680 2731 2746 sunt
2762 2679 3171 2763 exemptae,

500 2802 648 2859 non
685 2784 947 2857 idcirco
985 2783 1077 2855 ab
1111 2781 1472 2876 Episcopi,
1514 2789 1761 2878 utpote
1799 2783 1870 2857 S.
1906 2784 2109 2858 Sedis
2143 2774 2492 2877 Delegati,
2547 2785 2954 2860 visitatione
2988 2802 3179 2857 sem-

500 2915 629 2990 per
662 2904 736 2970 et
772 2896 1039 2986 ubique
1073 2895 1627 2985 subtrabuntur,
1667 2900 2082 2988 praesertim
2120 2916 2207 2970 ex
2234 2894 2405 2989 Cap.
2434 2899 2504 2971 8.
2536 2916 2716 2971 sess.
2752 2899 2821 2969 7.
2863 2896 2946 2971 de
2975 2898 3173 2989 Res„

501 3008 627 3082 ubi
682 3010 1049 3097 statuitur,
1105 3005 1530 3100 EpiscopOS,
1589 3014 1957 3099 tamquam
2018 3008 2457 3104 Apostolicae
2511 3006 2715 3082 Sedis
2764 3007 3171 3101 DelegatoS,

499 3122 891 3194 visitationi
926 3140 1100 3195 suae
1137 3137 1343 3212 posse
1377 3120 1728 3193 subiicere
1766 3121 2106 3196 ecclesias
2140 3126 2509 3214 exemptas
2553 3120 2982 3208 saeculareS,
3025 3138 3173 3191 non

500 3231 960 3307 obstantibus
1010 3234 1401 3325 privilegiis
1452 3239 1524 3305 et
1574 3233 2244 3323 consuetudinibus,
2299 3235 2515 3308 etiam
2578 3235 2671 3307 ab
2725 3234 3177 3306 immemora-

499 3343 627 3415 bili
680 3352 998 3434 tempore
1041 3344 1562 3416 derivantibus.
1601 3342 1805 3428 Quod
1858 3345 2268 3418 extenditur
2319 3346 2410 3417 ad
2461 3345 2798 3420 ecclesias
2849 3345 3177 3417 saecula-

499 3474 641 3544 reS,
683 3456 847 3530 licet
880 3457 972 3529 ad
1009 3452 1403 3548 Regulares
1436 3458 1875 3548 pertineant,
1910 3457 2293 3531 dummodo
2329 3464 2570 3531 tamen
2605 3476 2733 3550 per
2767 3456 3174 3530 saeculares

500 3567 769 3641 eisdem
823 3568 1295 3656 deserviatur,
1351 3574 1432 3639 ut
1483 3569 1753 3660 pluries
1803 3569 2244 3643 declaratum
2314 3569 2531 3642 fuisse
2593 3590 2634 3642 a
2703 3567 2775 3640 S.
2825 3567 2898 3641 C.
2950 3565 3167 3641 Conc.

498 3677 717 3751 refert
751 3676 1064 3751 Ferraris
1100 3677 1317 3753 verbo
1356 3678 1658 3752 Visitare
1695 3699 1770 3751 n.
1795 3682 1917 3751 23.
1960 3687 2031 3753 et
2069 3680 2241 3752 alibi
2278 3681 2592 3772 pressius
2619 3678 3166 3772 explicabimus.

647 3790 767 3861 30.
810 3786 897 3863 In
932 3791 1167 3881 specie
1204 3809 1368 3863 vero
1407 3791 1743 3867 lectorem
1778 3810 2174 3880 monemuS,
2214 3793 2289 3865 in
2326 3792 2485 3864 aliis
2511 3789 3024 3863 Benedictinae
3052 3786 3176 3862 In-

499 3902 911 3973 structionis
948 3902 1417 3994 paragraphis
1453 3903 1870 3994 singulatim
1899 3904 1988 3976 de
2022 3903 2371 3997 exemptis
2408 3921 2536 3974 nos
2573 3921 2811 3994 agere,
2853 3921 2938 3975 ac
2963 3918 3174 3993 prae-

498 4013 741 4085 sertim
795 4014 870 4085 in
922 4013 1153 4086 tribus
1189 4014 1736 4107 appendicibus,
1777 4032 1962 4105 quas
1995 4032 2082 4087 ex
2119 4012 2432 4087 Giraldio
2467 4015 2740 4107 integre
2777 4014 3171 4105 exscriptas

497 4126 573 4197 in
610 4127 861 4199 ultimo
900 4129 1199 4200 articulo
1236 4128 1489 4220 capitis
1522 4129 1760 4219 quarti
1791 4126 1879 4200 de
1907 4125 2388 4221 Regularibus
2425 4126 2828 4200 afferemus.
2863 4123 3172 4218 Insuper

494 4245 781 4329 praeter
830 4236 1261 4331 Crispinum,
1318 4240 1393 4311 in
1446 4257 1656 4333 opere
1693 4239 1778 4312 de
1826 4240 1965 4311 Vis.
2013 4240 2214 4311 Past.
2258 4236 2451 4312 Part.
2484 4235 2544 4309 Ι.
2596 4236 2670 4333 ἓ.
2719 4239 2834 4310 13.
2893 4235 3168 4310 consuli

494 4354 729 4439 potest
780 4338 1098 4423 Barbo'sa
1152 4352 1254 4425 De
1304 4353 1421 4445 off.
1478 4356 1542 4424 et
1584 4357 1734 4443 pot.
1778 4351 1911 4443 Ep.
1969 4348 2047 4421 P.
2090 4347 2228 4422 111.
2269 4348 2499 4443 Alleg.
2542 4350 2696 4439 74„
2748 4348 2876 4423 ubi
2929 4348 3161 4437 docet,

496 4462 787 4549 quando
838 4459 1211 4555 Episcopis
1265 4464 1622 4556 integrum
1674 4464 1794 4553 sit,
1852 4464 1928 4536 in
1980 4469 2346 4557 exemptos
2398 4463 2878 4536 visitationem
2931 4459 3160 4533 obire.

642 4573 765 4645 31.
822 4571 1001 4646 Dein
1051 4576 1141 4648 de
1193 4577 1511 4649 ecclesiis
1562 4574 2125 4669 parochialibuS,
2183 4592 2371 4664 quae
2425 4575 2875 4649 monasteriis
2928 4569 3166 4665 Regu-

493 4683 770 4762 laribus
837 4689 1223 4782 uniuntur,
1297 4697 1550 4785 agetur
1615 4692 1692 4766 in
1762 4690 1954 4766 dicto
2021 4695 2277 4782 quarto
2346 4691 2581 4785 capite
2647 4687 3160 4766 Benedictinae
