3497 5235
568 263 693 340 ⁰⁸1³·
721 265 790 322 11.
829 266 902 323 D·
941 264 1205 340 Episcopo,
1243 263 1655 337 Arnhiqicoopo,
1694 260 1925 323 Printte
1965 264 2023 323 ot
2062 264 2390 323 Patr-iareim.
2431 263 2485 338 ἓ.
2514 265 2563 321 8.
2792 259 2917 325 159

237 398 738 474 Instructionis
790 402 884 474 ad
937 400 1317 475 articulum
1368 399 1706 491 primum.
1768 396 1952 472 Item
1989 400 2080 472 de
2114 398 2593 474 conventibus
2642 398 2910 492 parvis,

234 513 436 606 vulgo
486 513 904 586 conventim’
953 531 1066 585 res
1119 512 1255 585 erit
1306 512 1379 583 in
1436 510 1686 583 eodem
1738 512 1971 603 capite
2024 512 2118 585 ad
2170 512 2548 585 articulum
2588 511 2905 583 tertium.

238 622 329 697 De
379 624 1087 713 sanctimonialibus,
1146 642 1333 714 quae
1385 620 1732 695 Praelatis
1785 622 2233 714 regularibus
2290 621 2659 695 subiectae
2709 627 2910 711 sunt,

239 735 467 826 deque
522 735 941 808 earumdem
994 734 1586 807 monasteriorum
1637 732 1967 805 clausura
2037 752 2187 806 rem
2249 751 2533 806 omnem
2585 731 2921 823 expedie-

241 866 391 920 mus
445 848 522 919 in
579 848 817 937 capite
854 847 1134 937 quinto,
1170 845 1590 939 praesertim
1625 845 1717 918 ad
1756 845 2136 918 articulum
2172 851 2481 934 sextum,
2529 845 2914 936 septimum

242 966 306 1032 et
357 965 729 1030 octavum.
786 954 1103 1031 Tandem
1157 957 1245 1030 de
1299 957 1707 1029 visitatione
1769 956 2278 1048 hospitalium,
2336 955 2793 1047 collegiorum
2845 960 2919 1027 et

236 1069 699 1143 sodalitatum
751 1069 1174 1161 singulatim
1227 1067 1667 1158 loquendum
1706 1068 1839 1140 erit
1877 1068 1952 1140 in
1988 1066 2222 1158 capite
2256 1067 2585 1158 septimo.
2628 1064 2914 1138 Consuli

239 1180 448 1252 etiam
485 1187 728 1272 potest
762 1178 1129 1273 Crispinus
1162 1180 1247 1253 de
1292 1179 1707 1253 Visitatione
1739 1181 1941 1253 Post.
1984 1187 2174 1270 part.
2215 1176 2391 1274 [ὅ.
2440 1180 2711 1251 13.14.
2754 1180 2905 1270 15.,

239 1287 656 1364 Barbosal.
698 1311 762 1365 c.
806 1288 1032 1383 Alleg.
1076 1293 1196 1363 75.

377 1405 507 1474 32.
567 1401 671 1475 De
720 1401 1065 1494 Capitulis
1102 1404 1478 1495 exemptiS,
1520 1404 1814 1494 quando
1848 1339 2244 1496 Episcopus
2297 1421 2424 1495 per
2458 1423 2536 1478 se
2571 1404 2803 1476 solum
2840 1410 2913 1477 et

240 1515 513 1606 absque
556 1515 920 1588 adiunctis
957 1514 1208 1587 eadem
1246 1515 1534 1588 visitare
1569 1516 1822 1607 possit,
1861 1516 2008 1608 agit
2045 1522 2376 1589 accurate
2412 1513 2683 1588 Bened.
2715 1511 2909 1587 XIV.

249 1628 323 1700 de
374 1630 558 1719 Syn.
617 1626 838 1699 dioec.
895 1625 1023 1698 lib.
1065 1622 1272 1698 XIII.
1332 1646 1490 1718 cap.
1531 1629 1604 1699 9.
1647 1647 1689 1699 a
1741 1645 1940 1699 num.
1989 1627 2055 1697 1.
2115 1626 2207 1699 ad
2260 1645 2461 1699 num.
2501 1628 2611 1714 9.,
2667 1624 2917 1715 ibique

245 1739 578 1812 conciliat
631 1739 775 1811 duo
826 1734 1146 1810 Trident.
1205 1738 1471 1830 Synodi
1523 1739 1791 1830 capita,
1847 1755 2107 1830 nempe
2156 1737 2325 1830 Cap.
2370 1737 2441 1809 4.
2497 1755 2677 1810 sess.
2719 1738 2789 1809 6.
2832 1736 2918 1809 de

246 1852 391 1943 Res.
432 1857 509 1925 et
545 1847 720 1942 Cap.
762 1851 833 1922 6.
874 1867 1048 1924 sess.
1093 1851 1213 1923 25.
1255 1850 1341 1923 de
1375 1850 1684 1934 Reform.
1740 1846 1847 1922 Ne
1895 1850 2113 1940 ultra,
2170 1855 2388 1940 quam
2443 1848 2750 1922 instituti
2784 1865 2915 1920 no-

244 1965 360 2036 stri
411 1963 602 2036 ratio
653 1961 998 2054 postulat,
1052 1962 1243 2035 hanc
1292 1960 1905 2035 elucubrationem
1950 1961 2477 2054 protrahamus,
2517 1961 2612 2033 ad
2644 1959 2910 2033 doctis-

246 2074 495 2146 simum
550 2090 718 2146 eum
771 2069 1183 2145 Pontificem
1233 2074 1535 2146 lectores
1584 2079 1866 2146 nostros
1916 2073 2369 2146 remittimuS.

381 2187 506 2258 33.
543 2184 951 2274 Antequam
976 2180 1375 2278 Episcopus
1408 2203 1684 2259 sacram
1720 2186 2202 2259 visitationem
2230 2184 2534 2277 aperiat,
2565 2201 2747 2276 opus
2771 2189 2908 2273 est,

248 2310 319 2374 ut
362 2320 493 2394 per
545 2300 856 2373 edictum
909 2299 1240 2373 enuntiet
1291 2300 1508 2388 diem,
1550 2317 1693 2389 quo
1730 2317 1890 2372 eam
1928 2299 2262 2373 inchoare
2313 2299 2451 2372 sibi
2504 2304 2908 2392 proponat:

248 2433 475 2505 neque
525 2414 719 2485 enim
771 2410 879 2484 fas
930 2419 1085 2499 est,
1148 2429 1494 2503 personas
1554 2411 1954 2483 visitandas
2007 2412 2311 2500 inscias,
2378 2417 2450 2484 et
2509 2429 2654 2484 non
2707 2427 2916 2501 prae-

246 2533 523 2617 paratas
578 2524 1104 2614 quodammodo
1156 2523 1444 2610 adoriri,
1502 2523 1639 2594 nisi
1694 2522 1883 2595 iusta
1935 2542 2165 2614 eaque
2222 2525 2638 2616 gravissima
2691 2541 2910 2596 causa

250 2639 442 2711 aliter
475 2637 713 2710 facere
747 2635 1075 2708 suadeat.
1134 2633 1421 2721 Contra,
1477 2635 1536 2708 si
1588 2635 1744 2708 dies
1795 2636 2249 2711 inchoandae
2300 2637 2729 2710 visitationis
2765 2637 2909 2707 iam

250 2750 566 2841 cognitus
618 2755 1182 2841 perspectusque
1234 2745 1477 2834 fuerit,
1534 2748 1888 2837 parochus
1941 2768 2084 2821 una
2122 2767 2282 2822 cum
2319 2748 2506 2821 clero
2542 2755 2613 2820 et
2649 2745 2913 2839 populo

252 2856 674 2950 Episcopum
726 2878 839 2948 ea,
896 2877 1038 2949 qua
1092 2858 1322 2946 decet,
1378 2857 1921 2932 honorificentia
1972 2861 2295 2952 recipiet,
2351 2865 2423 2932 et
2475 2865 2734 2932 cuncta
2784 2874 2916 2947 pa-

250 2977 405 3043 ratu
437 2970 840 3044 necessaria
876 2967 1347 3059 comparabit.
1388 2965 1502 3043 Ita
1535 2967 1834 3060 FuscuS,
1875 2968 2296 3062 Ventriglia‚
2337 2970 2604 3060 aliique
2640 2968 2913 3063 passim

255 3100 466 3172 penes
514 3080 917 3153 Ferrarium
972 3082 1106 3153 loc.
1149 3081 1269 3152 cit.
1328 3099 1403 3151 n.
1446 3081 1566 3153 81.
1624 3079 1883 3155 Fusius
1932 3089 2005 3155 et
2055 3081 2501 3155 enucleatius
2535 3099 2686 3153 rem
2719 3080 2911 3153 banc

256 3193 506 3266 evolvit
557 3198 633 3264 et
684 3191 1032 3285 appositis
1083 3191 1532 3264 documentis
1583 3201 1882 3267 exornat
1932 3191 2299 3286 Crispinus
2333 3191 2418 3265 de
2464 3193 2666 3266 Visit.
2701 3192 2905 3265 Past.

252 3308 433 3392 part.
473 3300 533 3375 I.
594 3323 638 3374 a
688 3299 763 3397 ἓ.
808 3304 878 3374 7.
938 3309 1011 3375 et
1059 3307 1393 3392 sequent.

392 3415 505 3486 34.
561 3411 723 3486 Non
774 3414 942 3487 licet
990 3409 1343 3506 Episcopo
1382 3415 1862 3488 visitationem
1899 3417 2344 3510 aggredienti
2382 3417 2616 3489 edicta
2650 3432 2910 3508 propo—

249 3542 441 3614 nere,
493 3525 762 3616 quibus
814 3524 1062 3598 fideles
1112 3526 1186 3598 in
1238 3528 1500 3600 virtute
1552 3525 2003 3602 obedientiae
2057 3529 2356 3602 crimina
2392 3528 2724 3619 detegere
2759 3527 2915 3600 adi-

250 3641 526 3727 gantur,
566 3636 942 3726 multoque
977 3638 1216 3709 minus
1252 3637 1498 3710 addita
1535 3655 1766 3728 poena
1803 3640 2599 3712 excommunicationis:
2650 3638 2910 3729 poterit

247 3765 416 3820 vero
459 3747 954 3823 tantummodo
1006 3749 1100 3821 ad
1152 3749 1225 3821 id
1276 3749 1485 3822 enixe
1538 3750 1823 3822 eosdem
1876 3751 2172 3824 hortari.
2231 3747 2407 3842 Vide
2462 3753 2534 3824 S.
2576 3747 2650 3822 C.
2691 3747 2900 3821 Conc.

248 3859 443 3948 apud
482 3858 871 3932 Barbosam
922 3858 1153 3953 deoff.
1192 3866 1258 3933 et
1283 3867 1433 3951 pot.
1476 3860 1609 3953 Ep.
1650 3879 1723 3952 p.
1768 3864 1837 3933 3.
1885 3862 2107 3953 Alleg.
2153 3863 2272 3935 75.
2315 3881 2391 3935 n.
2434 3863 2589 3951 29„
2628 3859 2903 3934 Ferrar.

242 3967 393 4040 loc.
429 3971 541 4043 cit.
599 3988 804 4043 num.
848 3971 968 4043 82.

303 4138 310 4147 .
402 4080 510 4152 35.
566 4079 878 4174 Tempus
927 4082 1357 4155 visitationis
1391 4040 1840 4158 inchoandae
1885 4102 2029 4157 non
2065 4093 2171 4159 est
2202 4084 2249 4157 ‘a
2285 4088 2438 4158 iure
2473 4083 2909 4158 determina·-

236 4194 454 4279 tum3
503 4193 747 4283 itaque
800 4193 1138 4285 prudenti
1190 4188 1522 4285 Episcopi
1575 4193 1870 4268 arbitrio
1919 4197 2245 4270 relictum
2281 4202 2414 4270 est.
2472 4192 2593 4268 Ita
2639 4192 2909 4269 Fuscus

238 4308 315 4373 et
375 4297 761 4398 Ventriglia
815 4306 1010 4396 apud
1059 4303 1337 4378 Ferrar.
1394 4306 1445 4377 l.
1488 4324 1551 4378 c.
1609 4325 1683 4378 n.
1728 4309 1847 4380 83.

402 4410 591 4495 Quod
641 4418 955 4508 pertinet
1006 4417 1099 4489 ad
1149 4424 1478 4509 tempuS‚
1533 4435 1677 4507 quo
1731 4418 2210 4492 visitationem
2262 4417 2658 4513 Episcopus
2709 4419 2910 4493 obire

233 4525 500 4614 possit,
552 4528 927 4603 recolenda
979 4534 1089 4601 est
1139 4548 1450 4620 sequens
1502 4529 1914 4604 declaratio.
1973 4529 2341 4623 Proposito
2392 4531 2663 4606 scilicet
2712 4530 2910 4626 apud

232 4631 317 4705 S.
364 4632 450 4706 C.
483 4634 551 4710 C.
604 4640 1013 4716 huiusmodi
1063 4642 1321 4716 dubio:
1383 4665 1420 4710 α
1452 4641 1562 4718 An
1592 4640 2019 4739 Episcopus,
2061 4646 2216 4738 qui,
2255 4645 2316 4720 si
2351 4646 2717 4721 commode
2752 4644 2906 4720 fieri
