3497 5235
1051 363 1170 440 ⁰⁸1³·
1194 364 1291 424 111.
1329 365 1403 425 Do
1442 363 1577 424 clero
1617 364 1888 424 medai.
1930 366 1984 443 ς.
2009 365 2093 425 10.
2785 365 2902 430 435

251 524 286 566 ›
322 498 700 571 conciones
752 497 841 571 ad
896 500 1240 591 populum
1294 500 1551 575 diebus
1604 498 1986 575 Dominicis
2041 506 2113 573 et
2163 498 2436 573 festivis
2486 502 2677 574 inter
2721 502 2905 575 cele-

249 634 284 677 ν
318 608 718 684 brationem
758 610 989 683 dictae
1042 608 1299 686 Missae
1334 616 1855 704 conventualiS,
1897 613 2169 705 absque
2208 632 2563 688 consensu
2597 612 2903 707 Capituli

247 746 282 789 ν
316 722 390 793 in
443 718 665 795 casu?
698 748 735 793 ›
792 726 1157 816 responsio
1211 725 1380 798 data
1434 734 1579 799 est:
1641 750 1679 793 ι
1711 725 1814 800 Ad
1868 727 2205 819 primum,
2249 726 2542 800 arbitrio
2577 726 2896 822 parochi.

247 858 282 901 ›
318 832 423 906 Ad
475 835 898 924 secundum,
955 836 1407 926 affirmative,
1465 838 1850 912 dummodo
1904 839 2084 913 fiant
2135 858 2173 913 e
2227 847 2596 933 suggestu,
2637 846 2707 913 ct
2758 858 2903 913 non

247 970 282 1013 ›
317 948 669 1020 excedant
721 949 1176 1022 medietatem
1227 950 1549 1023 horae.»

384 1060 557 1133 329.
590 1056 690 1133 De
727 1061 1159 1134 matrimonii
1194 1062 1863 1136 denuntiationibus
1898 1063 2057 1139 fuse
2093 1067 2267 1158 agit,
2297 1083 2592 1158 remque
2619 1084 2901 1141 omnem

243 1172 500 1246 evolvit
550 1168 863 1246 Ferraris
914 1173 1132 1246 verbo
1187 1175 1800 1249 Renuntiationes.

384 1437 423 1482 ‹
464 1412 557 1486 X.
604 1412 702 1486 An
758 1415 1012 1487 saltem
1062 1412 1448 1487 Dominicis
1500 1423 1572 1487 et
1625 1416 1784 1488 aliis
1835 1415 2035 1489 festis
2086 1416 2341 1490 diebus
2386 1417 2459 1488 in
2495 1417 2644 1490 suis
2695 1435 2902 1509 paro-

242 1552 279 1596 »
317 1527 498 1600 chiis
560 1526 727 1600 fidei
790 1528 1196 1600 rudimenta
1248 1532 1319 1600 et
1372 1525 1851 1600 obedientiam
1920 1547 2087 1621 erga
2157 1527 2381 1602 Deum
2443 1533 2513 1602 et
2565 1537 2899 1622 parentes

241 1665 278 1705 ι
314 1657 575 1731 pueros
625 1646 1043 1730 ceterosque
1095 1638 1230 1711 hoc
1283 1639 1634 1713 adiutorio
1685 1640 2093 1733 indigentes
2138 1641 2470 1731 doceant,
2527 1648 2598 1716 et
2651 1662 2786 1730 an,
2828 1649 2898 1715 et

240 1774 278 1817 ι»
318 1752 444 1841 qui
496 1752 601 1824 eis
651 1769 941 1842 operam
991 1757 1357 1843 praestent
1409 1751 1483 1823 in
1537 1751 1671 1824 hoc
1724 1770 1935 1846 opere
1990 1753 2476 1845 adimplend0‚
2517 1761 2588 1827 et
2625 1773 2717 1827 an
2754 1753 2898 1827 fru-

239 1888 278 1931 »
318 1870 563 1936 ctuose
615 1862 747 1938 hoc
813 1880 995 1955 opus
1060 1863 1239 1936 adeo
1302 1864 1783 1936 necessarium
1835 1865 1912 1937 in
1963 1865 2266 1958 singulis
2316 1866 2670 1958 parochiis
2737 1885 2899 1960 pro·

239 2000 278 2043 ν
314 1974 538 2048 ficiat.
585 1999 623 2042 ν

365 2216 787 2281 Ξυιιυῐιιυιι.
827 2216 982 2280 330.
1036 2214 1369 2280 Doctrinae
1417 2212 1792 2280 christianae
1839 2215 2056 2300 pueris
2105 2214 2603 2302 rudioribusque
2647 2216 2895 2282 traden-

232 2315 351 2382 dae
401 2316 853 2404 obligationem
901 2315 1194 2401 parochis
1243 2317 1517 2382 iniunxit
1563 2318 1934 2384 Tridentina
1985 2318 2317 2402 Synodu83
2354 2339 2423 2385 ac
2458 2319 2702 2389 Summi
2737 2322 2895 2385 Pon·

229 2417 467 2497 tiflces,
518 2420 890 2507 praesertim
941 2418 1183 2486 Bened.
1223 2421 1388 2485 xlv.
1442 2432 1505 2486 et
1550 2442 1605 2486 s.
1642 2440 1731 2486 m.
1786 2422 1924 2487 Pius
1972 2424 2082 2487 PP.
2124 2425 2225 2488 IX.
2282 2422 2531 2490 enixius
2581 2422 2897 2489 inculcare

225 2543 359 2589 non
407 2522 811 2590 destiterunt.
851 2560 894 2572 -
926 2525 1078 2588 331.
1132 2525 1195 2589 S.
1237 2525 1309 2589 C.
1349 2526 1541 2589 Conc.
1584 2525 1645 2589 in
1676 2524 1808 2589 suis
1855 2523 1931 2590 ad
1981 2526 2331 2611 Episcopos
2381 2526 2900 2613 responsionibus

226 2626 506 2715 idipsum
554 2627 846 2713 impense
895 2636 1109 2711 urget,
1147 2647 1213 2692 ac
1250 2628 1622 2693 nominatim
1668 2629 1936 2696 Constit.
1974 2628 2213 2695 Bened.
2257 2631 2419 2695 XIV.
2460 2632 2606 2696 Etsi
2635 2633 2899 2699 minime

221 2729 467 2797 servari
519 2729 793 2796 mandat.
849 2734 1118 2817 Insuper
1163 2740 1501 2816 utramque
1550 2729 1913 2796 Bellarmini
1965 2729 2319 2798 doctrinam
2368 2752 2400 2797 a
2448 2733 2742 2819 parochis
2788 2732 2896 2799 ad-

224 2833 431 2919 optari
485 2851 552 2897 ac
599 2852 719 2920 pro
766 2832 1076 2921 ampliore
1123 2834 1545 2899 instructione
1581 2832 2040 2899 catechismum
2092 2838 2442 2901 Romanum
2492 2855 2646 2922 prae
2695 2834 2897 2900 oculis

221 2935 444 3003 haberi
498 2934 928 3002 commendat.
965 2972 1006 2984 -
1053 2938 1206 3001 332.
1246 2939 1398 3002 333.
1452 2937 1581 3013 Qua
1629 2935 1935 3002 methodo
1984 2937 2268 3003 do'ctrina
2320 2936 2604 3003 docenda
2651 2937 2772 3015 sit,
2824 2955 2894 3003 ac

221 3050 555 3124 praeterea
606 3058 766 3125 quae
817 3038 1214 3105 incommoda
1263 3056 1341 3104 ex
1389 3038 1921 3104 catechismorum
1967 3039 2444 3124 multiplicitate
2490 3038 2892 3125 proficiscan-

223 3155 366 3221 tur,
422 3142 782 3209 ostenditur
826 3144 1199 3209 auctoritate
1247 3144 1563 3208 Clement.
1605 3144 1765 3207 Xlll.
1820 3143 1882 3208 in
1933 3145 2200 3210 Constit.
2242 3147 2315 3209 In
2350 3145 2680 3208 Dominico
2715 3160 2886 3227 ayro.

218 3281 265 3295 -
310 3248 470 3312 334.
523 3246 710 3312 Pueri
757 3246 1094 3333 puellaeve
1144 3245 1330 3313 unius
1377 3246 1711 3330 parochiae
1776 3264 1858 3311 ne
1913 3245 1989 3312 ad
2050 3246 2411 3332 parochiam
2460 3247 2720 3311 alteram
2770 3264 2891 3331 pro

218 3348 519 3415 doctrina
567 3348 899 3414 christiana
948 3348 1247 3416 discenda
1295 3349 1660 3435 promiscue
1708 3349 2034 3414 accedant.
2073 3385 2116 3398 -
2162 3352 2312 3415 335.
2368 3347 2888 3437 LudimagistrOS,

213 3451 357 3518 sive
407 3451 672 3518 clericos
718 3452 853 3517 sive
889 3452 1103 3529 laicos,
1139 3454 1275 3517 sive
1308 3452 1559 3539 publice
1593 3447 1950 3517 conductos
1973 3452 2109 3517 sive
2143 3471 2297 3530 non,
2335 3453 2515 3537 prius
2547 3450 2887 3528 hortando,

215 3566 445 3640 postea
494 3553 951 3642 praecipiendo
999 3554 1074 3621 ad
1127 3555 1522 3621 christianam
1588 3553 1945 3622 doctrinam
2018 3554 2384 3622 tradendam
2451 3574 2682 3643 cogere
2740 3554 2895 3639 Epi·

212 3676 492 3744 scopum
539 3675 724 3743 posse
774 3656 1064 3724 decrevit
1110 3660 1174 3725 S.
1217 3661 1289 3725 C.
1331 3660 1524 3724 Conc.
1568 3657 1630 3723 in
1684 3656 1959 3723 Satanae
2007 3658 2237 3723 Novae.
2278 3694 2321 3707 -
2354 3661 2508 3724 336.
2546 3656 2891 3745 Regulares

213 3761 416 3826 etiam
468 3758 667 3826 invito
716 3761 993 3846 parocho
1043 3760 1396 3826 doctrinam
1447 3761 1849 3826 christianam
1898 3772 2164 3846 possunt
2200 3760 2500 3838 edocere,
2540 3757 2891 3826 dummodo

214 3861 284 3931 id
318 3882 453 3929 non
485 3859 593 3928 fiat
623 3862 843 3929 eadem
878 3862 1056 3940 hora,
1092 3883 1212 3948 qua
1249 3862 1316 3929 fit
1349 3862 1413 3930 in
1446 3862 1766 3952 parochia.
1811 3861 1984 3928 Circa
2033 3862 2294 3930 modum
2344 3862 2672 3929 doctrinae
2721 3861 2890 3928 chri-

205 3967 460 4034 stianae
509 3986 540 4030 a
588 3965 1002 4053 Regularibus
1051 3965 1443 4042 edocendae,
1496 3968 1789 4033 relictum
1841 3965 1904 4032 id
1954 3977 2048 4033 est
2094 3966 2396 4055 prudenti
2447 3965 2743 4052 Episcopi
2793 3984 2890 4030 ar-

205 4069 439 4136 bitrio.
479 4104 522 4117 -
556 4071 711 4136 337.
760 4069 940 4147 Quod
990 4069 1181 4135 etiam
1227 4069 1418 4136 habet
1465 4070 1672 4136 locum
1722 4089 1867 4136 cum
1915 4090 1947 4136 a
1993 4069 2428 4136 sacerdotibus
2460 4067 2886 4135 saecularibus

204 4191 298 4239 ex
344 4171 749 4261 privatorum
795 4170 1214 4259 dispositione
1263 4172 1550 4239 doctrina
1587 4171 1918 4238 christiana
1953 4172 2323 4260 explicanda
2356 4171 2462 4236 sit.
2500 4208 2543 4220 -
2576 4175 2727 4237 338.
2766 4174 2885 4237 lle-

199 4278 472 4364 gulares
519 4286 854 4362 nequeunt
900 4273 1019 4339 sibi
1067 4275 1395 4341 vindicare
1443 4275 1538 4340 ius
1586 4273 2004 4360 explicandae
2053 4274 2378 4340 doctrinae
2411 4275 2787 4340 christianae
2820 4273 2888 4340 in

193 4380 505 4446 ecclesiis
548 4376 1012 4465 parochialibus
1057 4379 1161 4442 vel
1211 4375 1594 4454 titularibus,
1631 4375 1833 4443 invito
1866 4376 2143 4463 parocho
2192 4378 2291 4441 vel
2337 4377 2601 4454 titulari,
2643 4378 2887 4443 tametsi

190 4483 468 4550 adesset
515 4481 813 4548 diuturna
861 4480 1281 4548 consuetudo.
1319 4515 1361 4529 -
1394 4482 1546 4546 339.
1585 4479 1772 4547 ΝυΙΙο
1824 4490 2140 4565 tempore,
2191 4479 2502 4564 nulloque
2548 4491 2885 4568 praetextu

185 4585 352 4652 sive
401 4584 901 4661 consuetudinis,
951 4585 1086 4650 sive
1136 4583 1625 4669 occupationum
1673 4582 1930 4669 parochi
1983 4602 2014 4647 a
2064 4580 2349 4648 doctrina
2396 4583 2730 4649 christiana
2779 4601 2885 4649 ex-

182 4687 531 4778 plananda
557 4697 986 4753 excusantur.
1023 4722 1066 4735 -
1097 4689 1251 4752 340.
1294 4684 1732 4773 Indulgentiae
1765 4705 1798 4750 a
1834 4683 2111 4752 Summis
2144 4683 2553 4753 Pontificibus
2587 4685 2884 4775 elargitae

182 4791 321 4874 iis,
373 4791 486 4878 qui
532 4788 831 4878 adscripti
878 4800 1028 4858 sunt
1071 4789 1356 4857 societati
1404 4788 1741 4858 Doctrinae
1789 4788 2199 4859 Christianae.
