3497 5235
547 250 628 321 38
1357 256 1430 321 De
1469 260 1772 321 vitiatione
1813 258 2081 321 Scotorum
2117 260 2382 323 nimiunn.

547 400 870 456 auctorem
915 388 1105 457 huius
1151 390 1359 479 operis
1408 394 1733 461 nominare
1765 393 2056 481 dignatus
2090 407 2203 462 est.
2258 396 2611 468 secretario
2663 397 2997 465 latinarum
3054 398 3188 488 epi·

546 492 844 558 stolarum
898 492 959 558 in
1010 493 1229 560 eadem
1277 496 1631 582 particulari
1705 498 2209 585 congregatione
2278 500 2450 567 locus
2518 499 2798 567 relictus*
2841 512 2979 580 est,
3031 501 3186 589 quin

547 593 736 660 etiam
785 594 986 681 prima
1034 595 1245 663 eidem
1296 598 1466 664 inter
1511 599 1828 666 Praesules
1873 601 2058 668 sedes
2103 600 2474 733 adsignata..

689 831 811 904 86.
870 829 1202 906 Summus
1249 829 1573 906 Pontifex
1651 836 1890 908 Sixtus
1940 832 2024 907 V.
2084 837 2158 909 in
2210 837 2425 910 citata
2476 834 2991 910 Constitutione
3045 839 3184 910 Im„

545 962 787 1016 mensa
837 947 1008 1017 anni
1050 946 1293 1033 1587„
1326 965 1465 1035 qua
1503 952 1704 1018 tanta
1741 948 2090 1039 sapientia
2121 949 2554 1038 consilioque
2588 945 3183 1041 Congregationes

544 1056 1080 1144 ecclesiasticaS,
1137 1076 1218 1131 ac
1267 1059 1688 1130 nominatim
1740 1057 1927 1130 hanc
1977 1060 2204 1148 ipsam
2257 1057 2330 1131 S.
2370 1057 2444 1131 C.
2483 1058 2772 1132 Concilii
2806 1079 2931 1151 pro
2981 1080 3186 1134 exse-

544 1169 830 1241 cutione
865 1174 933 1241 et
969 1169 1551 1259 interpretatione
1599 1167 1888 1241 Concilii
1927 1165 2317 1241 Tridentini
2371 1171 2705 1257 instituit,
2745 1170 2921 1242 illud
2956 1171 3181 1244 eidem

541 1278 848 1351 officium
902 1286 1235 1371 perpetuo
1287 1278 1773 1369 demandavit,
1829 1286 1908 1353 ut
1961 1281 2336 1354 relationes
2386 1282 2474 1353 de
2525 1288 2714 1355 statu
2767 1281 3180 1355 dioeceseon

542 1391 916 1481 acciperet,
1000 1397 1275 1464 maturo
1352 1394 1678 1465 examine
1727 1393 2182 1485 expenderet,
2246 1394 2696 1468 Antistitibus
2759 1395 3181 1469 relatoribus

537 1500 780 1573 literas
829 1503 1340 1575 testimoniales
1389 1504 1479 1576 de
1529 1505 1721 1577 obita
1777 1504 1899 1578 SS.
1957 1504 2099 1578 LL.
2142 1503 2559 1579 visitatione
2618 1506 2848 1595 daret,
2888 1526 3182 1600 respon-

538 1614 807 1686 sionem
862 1633 1070 1705 super
1121 1619 1530 1691 renuntiato
1580 1619 1992 1693 dioeceseon
2045 1625 2237 1692 statu
2288 1619 2639 1708 redderet,
2688 1622 3002 1714 ipsorum
3051 1638 3181 1711 po·

538 1728 800 1800 stulata
857 1745 940 1798 ex
994 1726 1362 1801 charitatis
1429 1731 1881 1821 iustitiaeque
1933 1751 2181 1803 norma
2236 1748 2362 1822 per
2410 1750 2485 1804 se
2537 1731 2922 1823 expediret.
2982 1726 3178 1803 Inter

536 1837 714 1910 haec
763 1840 819 1910 si
874 1856 1059 1928 quae
1112 1841 1373 1911 maiora
1426 1840 1663 1914 forsan
1720 1848 2195 1927 occurrerent,
2237 1841 2484 1915 itidem
2519 1843 2854 1929 iniunxit,
2909 1848 2988 1914 ut
3040 1842 3174 1933 ipsi

537 1947 860 2023 Pontifici
912 1949 1278 2022 referenda
1331 1960 1631 2025 curaret.
1689 1951 1942 2025 Primis
1992 1952 2429 2044 temporibus
2502 1954 2881 2026 relationes
2929 1953 3181 2025 buius-

540 2064 728 2134 modi
783 2064 1464 2154 recognoscebantur
1515 2085 1555 2136 a
1610 2066 1684 2138 S.
1738 2064 1848 2154 C.‚
1905 2065 2224 2139 adhibita
2276 2065 2634 2137 ordinaria
2702 2067 2999 2138 aliorum
3049 2084 3178 2137 ne·

538 2176 881 2265 gotiorum
934 2178 1231 2263 ratione,
1288 2184 1357 2249 et
1408 2196 1823 2268 responsum
1875 2180 2120 2269 utique
2184 2177 2663 2269 praebebatur
2698 2178 2942 2264 literis,
2997 2178 3182 2270 poli-

534 2287 695 2357 tiori
748 2304 888 2375 quo
942 2287 1090 2359 fieri
1144 2294 1378 2377 posset
1432 2289 1784 2361 latinitate
1822 2289 2282 2379 conscriptis;
2339 2295 2411 2361 et
2463 2287 2593 2360 boc
2628 2289 2956 2361 ultimum
2991 2308 3178 2360 sem·

535 2413 661 2486 per
712 2399 927 2469 etiam
981 2397 1274 2488 posthac
1325 2398 1777 2472 observatum
1827 2407 1960 2472 est.

684 2510 803 2579 87.
869 2508 950 2581 At
1007 2527 1167 2581 vero
1220 2509 1309 2581 ob
1361 2510 1731 2583 innumera
1786 2513 2099 2603 negotia,
2155 2512 2418 2601 quibus
2468 2508 2810 2582 eademS
2767 2558 2839 2582 ...
2872 2416 3174 2602 Congre-

537 2622 724 2712 gatio
779 2622 1096 2711 undique
1146 2624 1474 2713 occupari
1528 2623 1721 2695 nullo
1768 2643 1909 2696 uon
1945 2629 2258 2714 tempore
2294 2622 2591 2710 destitit,
2632 2621 3018 2712 aliquando
3055 2621 3178 2693 fie-

532 2730 684 2820 bat,
724 2739 829 2821 ut,
871 2733 1007 2804 nisi
1042 2751 1195 2806 sero
1232 2734 1697 2807 relationibus
1732 2736 2138 2828 responderi
2176 2753 2318 2808 non
2360 2741 2616 2826 posset.
2664 2731 2811 2816 Quo
2860 2741 3176 2824 tempore

530 2841 1085 2933 Lambertinius‚
1144 2846 1264 2935 qui
1319 2846 1690 2918 Secretarii
1744 2844 1820 2918 S.
1860 2843 2434 2939 Congregationis
2487 2864 2776 2917 munere
2827 2844 3176 2935 fungeba-

529 2962 672 3042 tur,
729 2963 807 3028 ut
860 2956 1022 3028 huic
1078 2957 1175 3028 rei
1229 2956 1655 3050 provideret,
1695 2977 1735 3028 a
1774 2955 2060 3029 Summo
2099 2955 2434 3030 Pontifice
2474 2976 2596 3047 pro
2642 2963 2955 3048 tempore
2989 2958 3173 3028 eele-

529 3067 916 3139 berrimum
969 3068 1222 3155 virum,
1264 3065 1712 3141 vincentium
1751 3066 2319 3156 Luccbesinium,
2362 3069 2629 3140 latinae
2665 3068 2951 3158 linguae
2985 3068 3173 3158 peri-

526 3178 904 3264 tissimum,
932 3179 1065 3251 sibi
1102 3179 1256 3251 dari
1285 3181 1786 3270 expostulavit,
1817 3182 1938 3271 qui
1967 3179 2368 3252 huiusmodi
2401 3179 2639 3250 literas
2664 3177 3162 3250 conscriberet.

527 3284 758 3360 Huius
809 3291 908 3361 rei
959 3291 1444 3363 testimonium
1496 3299 1729 3364 exstat
1780 3293 1855 3364 in
1912 3290 2189 3363 funebri
2241 3292 2582 3376 oratione,
2640 3308 2856 3379 quam
2907 3286 3170 3381 Philip-

526 3418 661 3490 pus
713 3397 1162 3474 Bonamicius
1213 3401 1301 3473 de
1353 3398 1801 3475 Lucehesinii
1854 3403 2186 3474 laudibus
2221 3401 2634 3485 elaboravit,
2675 3398 3039 3490 ediditque
3094 3401 3168 3472 in

524 3528 653 3582 suo
688 3521 898 3602 opere
935 3514 1017 3585 de
1052 3514 1229 3587 clar.
1278 3514 1485 3586 Pont.
1527 3535 1634 3606 ep.
1668 3515 1875 3587 scrib.
1910 3514 2005 3587 ad
2047 3515 2262 3588 Clem.
2303 3513 2489 3584 XIV.
2530 3513 2698 3583 edit.
2730 3511 2910 3584 anni
2948 3509 2986 3582 1
2999 3510 3035 3582 7
3046 3510 3162 3582 70.

524 3623 706 3713 typis
762 3623 1138 3697 Palearini
1178 3645 1349 3719 paq.
1406 3625 1576 3699 300.
1640 3650 1676 3693 ‹
1716 3623 1894 3698 Nam
1946 3623 2076 3716 (ita
2132 3624 2392 3694 ibidem
2448 3619 2732 3716 legitur)
2782 3639 2942 3695 cum
2994 3619 3173 3692 Con-

526 3756 563 3799 »
605 3736 991 3826 gregationi
1044 3734 1527 3809 Cardinalium
1578 3735 1866 3810 Concilii
1920 3732 2310 3806 Tridentini
2378 3736 2844 3824 interpretum
2910 3729 3166 3824 (Bene-

528 3864 566 3910 »
606 3845 838 3918 dictus
893 3843 1120 3941 XIV.)
1173 3848 1408 3921 adhue
1460 3850 1533 3919 in
1588 3848 1979 3919 minoribus
2015 3867 2050 3915 a
2090 3848 2376 3918 secretis
2414 3851 2623 3933 esset,
2666 3862 2966 3935 cumque
3011 3862 3171 3935 per-

525 3978 563 4021 »
605 3957 860 4030 multos
914 3954 1324 4050 EpiscopOS,
1387 3961 1509 4049 qui
1560 3976 1733 4030 suae
1788 3958 2089 4047 quisque
2143 3957 2482 4030 dioecesis
2531 3963 2839 4044 statum,
2898 3956 3165 4046 qualis-

524 4091 561 4134 »
603 4085 905 4158 cumque
958 4078 1091 4157 est,
1148 4070 1378 4142 eidem
1431 4067 1969 4161 Congregationi
2022 4068 2397 4161 diligenter
2449 4073 2843 4158 exponunt,
2884 4067 3160 4139 nullum

523 4201 561 4247 »
603 4179 863 4252 habere
930 4200 1343 4272 responsum
1410 4180 2060 4269 animadvertisset,
2137 4182 2314 4254 adiit
2380 4178 2834 4266 Pontificem,
2909 4179 3171 4250 oravit-

525 4317 560 4357 »
601 4310 766 4381 que,
806 4292 942 4364 sibi
996 4300 1072 4366 ut
1127 4294 1442 4384 aliquem
1493 4292 1721 4380 daret,
1781 4292 2002 4364 latina
2061 4293 2472 4384 praesertim
2529 4290 2864 4363 facultate
2901 4290 3168 4381 expoli-

524 4427 560 4471 ›
604 4411 777 4493 tum,
835 4405 955 4493 qui
1011 4424 1194 4494 quae
1246 4403 1709 4496 Congregatio
1745 4405 2109 4494 sapienter
2145 4401 2596 4491 decrevisset,
2652 4404 3013 4495 eleganter
3045 4419 3169 4473 ex-

523 4539 558 4584 »
601 4515 859 4606 plicata
917 4518 1225 4590 mitteret
1279 4518 1372 4590 ad
1425 4516 1834 4610 Episcopus,
1921 4516 2005 4589 At
2083 4535 2467 4606 quemnam
2535 4517 2752 4588 alium
2805 4535 2950 4587 non
3002 4533 3169 4606 pos-

521 4651 557 4698 »
597 4626 851 4701 tulavit
902 4628 1158 4718 solum,
1216 4647 1461 4702 verum
1514 4631 1725 4702 etiam
1777 4629 2148 4721 flagitavit,
2190 4628 2327 4700 nisi
2367 4621 3058 4699 Luccllesiniumss..
3093 4680 3109 4701 .
3141 4678 3158 4697 .
