3497 5235
578 301 693 376 ⁰⁸1·
715 301 785 360 11.
825 302 901 360 Do
938 299 1202 376 Episcopo.
1241 301 1650 376 muitum.
1689 300 1920 361 Prinas·
1959 301 2016 371 ot
2052 299 2378 362 Patrium
2420 304 2474 377 ἓ.
2498 302 2549 359 8.
2774 300 2897 365 189

404 435 798 527 Ceteroquin
849 453 1056 507 nemo
1107 437 1362 524 nescit,
1403 434 1623 526 quod,
1662 436 1947 509 tametsi
2000 434 2426 508 beneficium
2475 436 2906 509 ecclesiasti·

287 568 418 623 cum
461 548 697 621 rectori
750 546 1094 640 praebeat
1163 547 1275 618 ius
1343 552 1769 639 perpetuum
1831 548 2270 638 percipiendi
2352 546 2625 621 fructus
2699 548 2901 621 iuxta

283 678 676 733 communem
726 658 1061 731 beneficii
1115 658 1633 748 definitionem,
1691 658 2160 731 nihilominus
2211 659 2391 731 nihil
2443 666 2663 749 vetat,
2708 659 2901 750 quod

281 772 659 846 beneficium
725 777 1055 843 naturam
1108 769 1605 843 beneficialem
1659 787 1806 841 non
1858 778 2111 859 exuat,
2170 772 2495 861 quamvis
2545 777 2901 843 statutum

277 886 374 974 sit,
419 890 492 956 ut
541 889 767 957 rector
817 882 910 954 ab
963 883 1213 955 eodem
1267 882 1613 954 removeri
1667 888 1938 971 queat:
1996 881 2260 956 sufficit
2313 884 2550 972 enim,
2608 889 2690 955 ut
2739 900 2905 974 per-

275 997 542 1089 petuitas
588 996 724 1089 ipsi
776 994 1130 1067 beneficio
1182 993 1580 1083 inhaereat,
1622 993 1755 1066 etsi
1794 1009 2171 1086 personam
2208 992 2711 1067 beneficiatam
2750 1012 2896 1066 non

277 1109 594 1200 attingat3
670 1106 885 1178 veluti
958 1124 1045 1178 ex
1117 1105 1476 1177 communi
1545 1106 2076 1177 canonistarum
2138 1107 2541 1195 sententia,
2617 1123 2904 1180 necnon

274 1221 332 1293 S.
364 1217 573 1292 Rotae
623 1216 996 1291 Romanae
1048 1223 1122 1290 et
1170 1215 1243 1288 S.
1285 1214 1358 1288 C.
1402 1214 1693 1289 Concilii
1765 1217 2190 1290 auctoritate
2251 1216 2457 1290 docet
2505 1218 2762 1310 folium
2826 1219 2900 1290 in

276 1333 542 1405 Pinnen.
574 1331 820 1422 Benef.
863 1335 928 1402 et
963 1329 1149 1401 Iuris
1179 1334 1335 1419 pat.
1375 1328 1491 1400 14.
1531 1324 1697 1399 Maii
1740 1330 1954 1401 1859.
1994 1325 2068 1423 ἓ.
2105 1318 2338 1421 Neque
2371 1334 2443 1401 et
2478 1347 2633 1420 seq.
2676 1329 2904 1420 pluri-

273 1444 383 1517 bus
411 1445 638 1518 citatis
674 1440 1279 1515 declarationibus
1316 1458 1399 1512 ac
1433 1441 1855 1513 nominatim
1886 1440 2274 1514 Novarien.
2316 1440 2579 1532 Capell.
2617 1442 2733 1513 16.
2763 1440 2909 1513 Au-

273 1556 425 1647 gusti
478 1556 694 1627 1828.

384 1664 830 1739 coadiutoria
883 1683 1043 1737 cum
1100 1664 1341 1737 futura
1392 1666 1841 1737 successione
1876 1671 1945 1736 et
1982 1665 2347 1756 assignata
2383 1684 2698 1758 congrua
2734 1684 2908 1737 cau-
3024 1698 3027 1699 f

268 1797 390 1853 sam
436 1778 826 1870 legitimam
880 1778 1080 1848 iuxta
1133 1775 1639 1849 resolutionem
1675 1777 1752 1847 in
1789 1795 2004 1849 causa
2041 1777 2367 1849 Elboren.
2407 1777 2753 1869 praebere
2799 1777 2905 1849 vi-

268 1891 466 1978 detur,
504 1895 592 1961 ut
627 1887 995 1960 coadiutor
1026 1883 1380 1979 Episcopo
1415 1885 1784 1960 subiectus
1817 1890 1937 1977 sit,
1978 1890 2182 1960 cuius
2218 1888 2292 1959 in
2330 1888 2636 1961 dioecesi
2671 1894 2904 1963 exstat

264 2000 669 2075 beneficium
736 2002 810 2071 in
863 1999 1377 2072 coadiutoriam
1429 2016 1904 2087 concessum3
1978 2016 2143 2070 nam
2214 2000 2290 2072 in
2342 2000 2669 2073 Elboren.
2714 2000 2897 2072 Dub.

265 2116 363 2186 23.
405 2112 577 2206 Aug.
626 2113 841 2184 1721.
896 2111 1260 2203 proposita
1314 2109 1606 2182 fuerunt
1656 2109 1928 2182 dubia:
2008 2133 2046 2176 ι
2091 2108 2194 2182 An
2247 2111 2618 2185 coadiutor
2669 2113 2906 2185 cuius-

266 2250 297 2293 »
328 2226 476 2297 dam
529 2224 1003 2297 canonicatus
1052 2241 1214 2296 cum
1268 2221 1506 2293 futura
1558 2222 2012 2294 successione
2048 2230 2118 2295 et
2154 2224 2520 2315 assignata
2556 2242 2899 2315 congrua,

269 2360 300 2404 ›
330 2338 494 2410 alias
545 2343 884 2424 exterus,
941 2353 1025 2407 eo
1076 2335 1232 2425 ipso
1284 2334 1422 2406 dici
1474 2335 1700 2426 possit
1758 2334 2127 2408 subiectus
2177 2331 2503 2426 Capitulo
2554 2332 2898 2408 Elborcn.

263 2473 294 2514 ›
327 2450 408 2522 ad
447 2449 785 2522 effectum
819 2446 1256 2539 suscipiendi
1291 2443 1596 2518 Ordines
1633 2446 1909 2535 absque
1944 2445 2093 2518 ulla
2130 2447 2531 2520 dimissoria
2566 2445 2910 2540 Episcopi

262 2584 294 2628 ι
325 2580 483 2635 suae
517 2561 820 2654 originis
856 2559 947 2632 ad
981 2559 1306 2633 tramites
1357 2556 1607 2631 Bullae
1647 2559 2123 2650 Speculatores
2175 2556 2250 2656 ἓ.
2291 2559 2485 2634 Licet
2532 2555 2749 2634 vero?
2804 2558 2907 2631 An

263 2697 294 2734 2
325 2674 733 2765 supradicta
769 2672 1208 2745 coadiutoria
1245 2670 1555 2744 sufficiat
1592 2670 1875 2759 saltem,
1915 2677 1996 2742 ut
2030 2672 2197 2744 talis
2232 2672 2602 2745 coadiutor
2624 2671 2909 2746 dicatur

261 2810 292 2854 ›
322 2785 587 2858 babere
640 2784 1080 2857 domicilium
1131 2784 1557 2873 requisitum
1611 2803 1650 2853 a
1702 2780 2003 2854 Constit.
2051 2801 2110 2854 s.
2156 2803 2252 2854 m.
2294 2781 2697 2856 Innocentii
2733 2777 2900 2853 XII.

261 2921 292 2963 ›
321 2898 529 2990 incip.
581 2897 1062 2986 Speculatores
1116 2893 1206 2967 ad
1260 2894 1590 2967 effectum
1627 2895 2063 2986 suscipiendi
2103 2893 2406 2968 Ordines
2441 2914 2527 2968 ex
2563 2913 2672 2983 e0,
2715 2894 2910 2983 quod

258 3032 292 3075 ›
324 3027 402 3081 ex
451 3008 905 3101 possessione
957 3006 1124 3080 talis
1176 3005 1657 3078 coadiutoriae
1710 3012 2100 3097 perpetuae
2151 3005 2434 3078 videtur
2468 3005 2909 3079 sufficienter

258 3143 290 3186 ι
323 3121 851 3194 demonstratus
902 3119 1188 3190 animus
1238 3124 1585 3209 perpetuo
1637 3101 2025 3190 manendi?
2077 3115 2150 3188 S.
2192 3115 2445 3209 Congr.
2489 3115 2904 3208 respoudit:

260 3253 291 3296 ι
330 3233 422 3304 Ad
463 3235 534 3303 1.
583 3230 1040 3302 affirmative.
1084 3227 1191 3299 Ad
1224 3230 1298 3300 2.
1339 3225 1706 3300 Provisum
1758 3230 1833 3300 in
1885 3230 2140 3319 prim0.
2173 3255 2211 3296 ›

375 3340 866 3415 Nihilominus
933 3359 1078 3413 non
1150 3341 1249 3412 ita
1316 3348 1589 3413 certum
1654 3341 1728 3413 id
1780 3340 2198 3412 habendum
2251 3358 2408 3413 esse
2461 3341 2909 3432 putaverim;

251 3472 580 3546 namque,
640 3453 862 3526 veluti
913 3451 1382 3543 perpenditur
1417 3453 1490 3523 in
1526 3451 1693 3524 folio
1740 3470 1999 3525 causae
2044 3454 2520 3526 Tarraconen.
2570 3453 2906 3527 ordinat.

251 3564 310 3635 1.
347 3563 509 3639 Iulii
577 3564 793 3636 1741.
850 3560 925 3658 ξ.
973 3566 1159 3637 Sane
1195 3569 1264 3635 et
1303 3581 1490 3653 seq„
1547 3564 1986 3636 coadiutoria
2040 3582 2239 3656 spem
2294 3566 2584 3656 quidem
2638 3566 2733 3637 ad
2783 3565 2911 3638 be-

250 3678 574 3750 neficium
646 3674 1179 3764 assequendum
1244 3675 1712 3747 certissimam
1782 3675 2080 3762 tribuit,
2137 3684 2355 3766 atque
2408 3676 2585 3749 adeo
2653 3677 2766 3748 ius
2819 3675 2914 3748 ad

245 3806 406 3878 rem,
446 3789 751 3861 minime
805 3804 969 3859 vero
1019 3787 1310 3859 titulum
1348 3793 1516 3858 actu
1552 3795 1983 3874 assecutum,
2024 3794 2094 3860 et
2130 3787 2424 3879 pacifica
2464 3788 2916 3879 possessione

245 3903 769 3990 confirmatum,
826 3919 955 3972 seu
1008 3902 1119 3972 ius
1169 3901 1243 3971 in
1295 3918 1398 3989 re,
1457 3910 1666 3991 prout
1719 3901 1794 3972 in
1835 3898 2133 3973 Constit.
2183 3903 2660 3994 Speculatores
2695 3901 2911 3995 plane

243 4012 781 4103 praescribitur.
823 4009 913 4084 Et
948 4029 1122 4083 sane
1160 4011 1353 4106 apud
1404 4013 1478 4083 S.
1511 4010 1585 4083 C.
1627 4010 1841 4084 Cone.
1880 4013 1955 4083 in
1996 4020 2382 4085 memorata
2426 4015 2907 4087 Tarraconen.

241 4124 546 4198 dubium
599 4124 1044 4218 propositum
1085 4122 1218 4195 fuit
1250 4142 1269 4192 ε
1331 4144 1370 4189 ‹
1404 4120 1505 4193 An
1544 4123 1990 4195 coadiutores
2025 4124 2324 4195 alicuius
2362 4123 2761 4215 dignitatis,
2801 4124 2915 4196 vel

245 4260 279 4301 »
315 4237 792 4309 canonicatus
860 4253 1021 4306 cum
1091 4233 1330 4306 futura
1398 4235 1891 4324 successione,
1947 4241 2098 4306 tam
2150 4235 2224 4306 in
2279 4253 2494 4323 casu,
2551 4253 2694 4325 quo
2748 4235 2923 4326 ipsis

242 4372 276 4416 ι
311 4368 641 4441 congrua
679 4349 911 4441 portio
947 4354 1073 4420 aut
1106 4349 1356 4442 pensio
1392 4367 1521 4441 per
1554 4349 1963 4421 coadiutum
2001 4348 2406 4439 assignetur
2441 4366 2529 4420 ex
2564 4347 2919 4424 fructibus

240 4485 276 4526 ι
307 4461 784 4554 praebendae
836 4461 1154 4533 eiusdem
1207 4460 1581 4553 dignitatis
1632 4461 1744 4532 vel
1798 4461 2288 4546 canonicatus,
2347 4478 2564 4550 quam
2600 4462 2675 4533 in
2715 4482 2913 4551 casu,

235 4594 272 4640 ›
310 4591 459 4664 quo
519 4591 913 4665 congruam
967 4574 1363 4665 portionem
1416 4573 1553 4645 sibi
1608 4573 2043 4663 assignatam
2096 4571 2412 4645 habeant
2457 4591 2542 4645 ex
2579 4575 2912 4667 propriiS,

236 4706 273 4752 ›
312 4686 427 4758 vel
488 4685 794 4759 alterius
844 4683 1472 4776 patrimonialibus
1520 4683 1759 4774 boniS‚
1812 4682 2039 4757 donec
2098 4702 2226 4777 per
2274 4684 2550 4760 obitum
2600 4686 2918 4761 coadiuti
