3497 5235
654 293 777 368 osp.
802 293 872 352 11.
910 293 985 352 n·
1023 292 1287 368 xpi-upa,
1329 292 1740 366 Aratispi-copo,
1780 290 2010 349 Prin-t·
2047 291 2107 349 ot
2144 289 2472 349 namn».
2514 290 2569 365 g.
2597 230 2651 346 a.
2875 286 2986 350 173

297 430 487 517 culo,
545 436 684 501 aut
737 424 932 498 nullo
982 426 1197 517 plane
1268 426 1610 498 canonico
1664 425 2204 515 impedimento,
2260 423 2375 496 vel
2428 422 2721 495 crimine
2789 420 2991 493 testi-

303 541 625 612 monium
680 536 1130 629 perhibetur,
1201 538 1498 628 insuper
1554 537 2041 607 necessarium
2095 542 2243 625 est,
2302 542 2381 607 ut
2433 535 2524 607 de
2579 533 2983 621 natalibus,

307 651 392 724 de
442 656 713 736 aetate,
755 648 846 719 de
882 649 1057 735 vita,
1098 655 1169 721 et
1215 647 1531 720 moribus
1585 646 1767 719 fides
1818 648 1971 736 fiat,
2030 649 2127 719 ita
2180 654 2263 720 ut
2312 647 2599 740 dignus·
2628 645 2983 732 videatur,

305 764 427 854 qui
479 762 576 834 ad
631 758 939 833 Ordines
990 763 1384 851 promoveri
1420 760 1688 850 possit3
1746 758 2349 847 quemadmodum
2398 764 2757 845 accurate,
2798 755 2990 828 fuse-

305 893 442 966 que
494 874 1037 946 demonstratur
1088 871 1182 944 ab
1224 868 1634 943 Honorante
1697 870 1829 941 loc.
1871 871 1995 941 cit.
2037 888 2195 960 cap.
2241 869 2359 942 15.
2402 875 2572 942 nota
2607 869 2815 942 tertio
2858 886 2987 958 per

301 993 524 1061 totum
570 1004 742 1077 paq.
788 981 956 1057 160.
1012 988 1079 1056 et
1129 1001 1311 1073 seq.‚·
1365 999 1643 1053 necnon
1697 982 1773 1052 in
1828 980 1991 1052 folio
2043 981 2262 1053 citato
2298 981 2677 1054 Plancinae
2717 980 2988 1052 611Ιοί-

301 1117 504 1179 nen„
560 1113 841 1186 suaque
903 1094 1169 1167 ibidem
1234 1093 1668 1165 resolutione
1717 1093 2163 1165 confirmavit
2214 1095 2430 1165 Sacra
2479 1089 2975 1184 Congregatio.

296 1205 477 1281 Nam
539 1205 1025 1279 Mediscbinus
1077 1204 1370 1295 quidam
1424 1205 1762 1277 subditus
1812 1202 2146 1297 Episcopi
2187 1203 2496 1277 Pientini
2534 1206 2808 1275 ratione
2843 1203 2986 1276 ori-

301 1321 484 1409 ginis
540 1325 613 1390 et
668 1317 1006 1390 domicilii
1073 1315 1502 1389 beneficium
1574 1318 1648 1389 in
1718 1317 2027 1389 dioecesi
2100 1313 2440 1388 Ilcinensi
2510 1313 2819 1405 adeptus
2882 1313 2978 1386 ab

300 1428 659 1524 Episcopo
712 1427 1040 1500 beneficii
1103 1429 1477 1500 ordinatus
1551 1427 1788 1501 tuerat
1852 1447 2014 1502 cum
2084 1429 2311 1501 literis
2378 1425 2981 1501 testimonialibus

299 1539 636 1631 Episcopi
693 1537 1031 1626 Pientini,
1075 1540 1531 1630 generalibus
1580 1547 1826 1613 tamen
1863 1549 1934 1614 et
1973 1559 2115 1611 non
2152 1539 2614 1632 specialibus,
2656 1545 2736 1611 ut
2773 1538 2979 1610 modo

301 1653 739 1745 explicatum
777 1657 913 1739 est,
969 1652 1242 1740 itaque,
1299 1652 1660 1744 proposito
1711 1652 1932 1725 dubio
1984 1649 2145 1724 111:
2224 1675 2262 1720 ι
2303 1651 2411 1723 An
2463 1653 2712 1723 literae
2780 1650 2980 1722 testi·

302 1791 339 1833 »
377 1765 762 1851 moniales,
804 1782 985 1854 quas
1020 1761 1454 1836 Laurentius
1489 1760 1974 1836 Mediscbinus
2027 1765 2434 1855 impetravit
2484 1763 2577 1835 ab
2628 1761 2979 1854 Episcopo

300 1902 337 1946 ι
375 1875 744 1961 Pientino‚
810 1873 1079 1947 fuerint
1144 1874 1585 1947 sufficientes
1652 1875 1745 1947 ad
1814 1877 2081 1948 licitam
2147 1870 2723 1949 ordinationem?
2764 1899 2802 1944 >
2865 1875 2979 1947 die

300 1988 415 2063 18.
460 1988 638 2061 Iulii
695 1985 911 2060 1733.
967 2004 1391 2078 responsum
1444 1985 1630 2058 fuit:
1707 2012 1746 2055 ι
1788 1986 2221 2061 Affirmative
2283 1989 2355 2058 in
2409 2006 2624 2076 casu,
2690 1985 2781 2058 de
2833 2002 2976 2076 quo

299 2102 560 2193 agitur.
605 2125 645 2167 ιι
714 2098 801 2170 At
850 2116 1015 2170 vero
1067 2118 1283 2169 causa
1336 2100 1594 2171 iterum
1664 2100 2026 2190 proposita
2090 2119 2252 2171 cum
2325 2098 2591 2172 additis
2654 2097 2979 2170 animad-

297 2209 797 2297 versionibuS‚
856 2227 1160 2299 quarum
1216 2228 1566 2280 summam
1630 2210 1799 2282 inde
1854 2211 2059 2282 modo
2113 2213 2621 2302 excerpsimuS‚
2680 2209 2754 2283 S.
2797 2209 2978 2283 Con-

300 2323 616 2416 gregatio
671 2322 784 2394 die
833 2321 905 2394 8.
949 2324 1127 2414 Auq.
1170 2341 1308 2412 seq.
1366 2323 1780 2413 rescripsit:
1860 2344 1898 2388 ι
1936 2320 2447 2395 Recedendum
2502 2344 2543 2394 a
2594 2324 2854 2395 decisis
2905 2330 2977 2397 et

301 2460 338 2502 v
376 2433 780 2526 Episcopus
856 2430 1231 2504 Ilcinensis
1308 2451 1391 2504 ac
1467 2430 1971 2507 Medescbinus
2049 2435 2429 2508 consulant
2498 2436 2976 2509 conscientiae

298 2571 336 2614 »
373 2564 580 2620 suae.
625 2572 665 2614 ι
706 2542 1066 2619 Consonat
1116 2544 1276 2617 Sac.
1317 2542 1658 2637 Congreg.
1701 2546 1778 2617 in
1830 2548 2049 2640 Bury.
2096 2547 2170 2619 S.
2214 2548 2471 2621 Domn.
2512 2565 2641 2620 seu
2699 2547 2976 2622 Cremo-

295 2679 459 2731 nen.
507 2660 768 2733 ordin.
816 2657 884 2730 1.
928 2660 1106 2751 Any.
1153 2657 1369 2731 1750.

439 2768 668 2843 Multo
719 2788 885 2841 vero
941 2772 1176 2842 minus
1226 2771 1472 2842 valent
1521 2772 1615 2844 ad
1667 2772 2042 2861 effectum,
2101 2772 2190 2846 de
2245 2791 2387 2863 quo
2456 2774 2717 2864 agitur,
2775 2771 2977 2844 testi-

291 2884 645 2955 moniales
697 2881 787 2954 de
835 2882 979 2954 vita
1034 2888 1107 2954 et
1158 2881 1477 2954 moribus
1528 2881 1618 2954 ob
1673 2883 1891 2955 alium
1945 2884 2160 2956 finem
2215 2904 2256 2955 a
2311 2880 2587 2956 Vicario
2639 2881 2971 2956 Generali

287 2995 751 3086 impetratae,
809 2992 1410 3084 quemadmodum
1449 2991 1522 3064 S.
1563 2991 1639 3066 C.
1681 2991 1894 3067 Conc.
1931 2996 2367 3068 adamussim
2403 2996 2697 3067 retinuit
2736 2995 2807 3065 in
2848 2994 2972 3066 Pi-

283 3126 505 3188 sana,
539 3126 661 3178 seu
722 3107 1016 3180 Clusina
1069 3105 1252 3177 Dub.
1298 3105 1551 3177 ordin.
1592 3106 1717 3177 26.
1759 3101 1916 3179 Ian.
1984 3109 2197 3179 1732.
2249 3104 2500 3196 Neque
2550 3107 2796 3178 itidem
2852 3126 2972 3177 va·

277 3218 386 3290 let
437 3217 620 3290 fides
673 3237 715 3288 a
766 3215 1199 3288 Cancellario
1252 3215 1451 3304 data,
1508 3217 1700 3308 quod
1755 3219 1919 3309 quis
1970 3218 2171 3290 nullo
2208 3218 2719 3309 impedimento
2756 3236 2972 3290 cano-

275 3330 448 3403 nico
497 3331 594 3402 sit
645 3330 995 3416 irretitus3
1037 3332 1107 3399 et
1157 3328 1217 3398 si
1270 3324 1669 3419 Episcopus
1705 3347 1791 3400 ea
1842 3330 1982 3401 fide
2019 3331 2233 3401 nixus
2284 3329 2597 3419 aliquem
2651 3329 2961 3420 ordinet,

270 3442 528 3515 illicite
582 3441 896 3527 ordinat,
939 3433 1011 3511 et
1062 3439 1278 3512 debet
1331 3441 1813 3513 conscientiae
1865 3458 2039 3512 suae
2076 3441 2470 3513 consulere.
2512 3442 2584 3513 S.
2628 3439 2703 3513 C.
2745 3439 2958 3514 Conc.

269 3552 354 3623 in
395 3555 709 3626 M3ssan.
758 3551 932 3624 Ord.
973 3552 1087 3622 12.
1123 3549 1319 3643 Sept.
1361 3554 1579 3625 1739.
1606 3546 1989 3647 (Thesaur.
2034 3556 2192 3626 Res.
2234 3560 2403 3626 tom.
2439 3553 2511 3627 9.
2544 3573 2717 3645 paq.
2754 3548 2967 3648 112.)

437 3667 557 3737 67.
619 3662 710 3736 In
762 3664 988 3736 literis
1037 3663 1458 3737 dimissoriis
1509 3665 1810 3756 exprimi
1862 3665 2082 3737 debet
2131 3683 2376 3753 causa,
2430 3684 2560 3739 cur
2603 3686 2644 3736 a
2682 3666 2965 3756 proprio

265 3775 642 3870 Episcopo
671 3779 748 3864 ii,
782 3778 905 3867 qui
942 3775 1400 3866 promovendi
1438 3783 1635 3863 sunt,
1669 3795 1815 3847 non
1844 3784 2147 3868 possunt
2172 3776 2515 3864 ordinari3
2557 3778 2652 3848 ita
2682 3776 2966 3848 disertis

261 3890 526 3964 verbis
577 3897 868 3962 cautum
921 3895 1030 3960 est
1080 3906 1209 3979 per
1258 3885 1471 3960 Conc.
1523 3886 1713 3960 Trid.
1773 3909 1939 3960 8688.
2000 3888 2071 3961 7.
2127 3907 2286 3979 cap.
2332 3888 2449 3961 11.
2492 3888 2577 3960 de
2613 3888 2962 3981 Reform„

257 3998 607 4075 Barbosa
660 4001 756 4072 ad
812 4000 1018 4073 Cone.
1072 4000 1267 4072 Trid.
1310 3998 1402 4071 ad
1453 4000 1588 4072 hoc
1639 4007 1882 4091 caput.

429 4110 683 4204 Neque
734 4112 922 4185 ultra
973 4111 1312 4185 bimestre
1381 4113 1492 4184 vel
1561 4112 1916 4185 trimestre
1970 4133 2007 4183 a
2062 4112 2179 4185 die
2230 4112 2444 4184 datae
2495 4112 2783 4185 easdem
2837 4113 2968 4185 ad·

249 4225 679 4298 mittendas
715 4242 962 4324 essexa
1014 4225 1089 4294 S.
1130 4222 1206 4295 C.
1248 4225 1668 4297 Adversana
1720 4225 1792 4295 4.
1839 4223 2170 4297 Decemb.
2217 4225 2463 4314 1666„
2505 4243 2548 4296 a
2600 4221 2677 4294 S.
2709 4222 2787 4296 C.
2822 4220 3004 4296 Im·-

239 4337 547 4412 munit.
605 4336 891 4426 Lycien.
938 4335 1006 4406 7.
1051 4336 1249 4426 Sept.
1297 4337 1542 4425 1624.‚·
1599 4343 1673 4408 et
1720 4334 1932 4409 Cone.
1990 4333 2279 4408 Mediol.
2321 4333 2523 4408 Prov.
2568 4337 2637 4407 4.
2686 4338 2785 4408 Da
2820 4337 2962 4420 his,

237 4467 462 4544 quae
491 4445 812 4537 pert.ad
851 4448 1052 4518 Sacr.
1101 4446 1274 4519 Ord.
1316 4454 1669 4522 statutum
1707 4448 1920 4520 fuisse
1957 4453 2265 4519 testatur
2290 4445 2746 4522 Honorantes
2779 4451 2969 4522 Pra-

230 4564 366 4633 (εἰς
441 4559 708 4662 Saecret.
760 4558 949 4630 Trib'.
1001 4557 1238 4631 Vicor.
1282 4578 1441 4651 cap.
1468 4558 1540 4632 6.
1587 4566 1757 4634 nota
1794 4559 2094 4631 secundo
2134 4578 2307 4652 paq.
2341 4558 2463 4633 73.
2512 4557 2967 4652 Quamquam

234 4672 748 4768 paragrapho
788 4659 1134 4762 sequenti
1175 4670 1370 4744 idem
1421 4677 1669 4745 auctor
1719 4671 2106 4762 existimat,
2183 4673 2406 4762 quod,
2462 4673 2813 4765 quamvis
2858 4670 2970 4742 di-
