3497 5235
1009 265 1162 384 ·Otp.
1187 314 1282 370 m.
1321 314 1393 370 Do
1434 314 1568 374 clero
1610 318 1881 376 annul-ri.
1923 321 1975 394 ἓ.
2004 320 2054 376 6.
2759 316 2878 378 393

235 463 268 504 »
305 438 657 510 servanda
713 447 848 528 est,
906 442 1110 515 aliter
1162 444 1451 518 nulliter
1504 453 1572 519 et
1624 450 1886 522 iniuste
1924 454 2267 542 procedit,
2300 461 2369 526 et
2406 455 2478 524 in
2516 453 2879 542 sequelam

236 574 266 616 ν
304 555 630 638 pastores
664 551 1119 624 ecclesiarum
1157 556 1670 645 parochialium
1708 563 1782 632 in
1820 563 2176 655 integrum
2212 572 2379 637 sunt
2415 564 2879 650 restituendi3

235 683 266 727 ν
307 666 378 731 et
431 662 614 732 ratio
666 670 800 750 est,
836 665 1002 753 quia
1041 666 1257 737 iudex
1309 669 1599 741 nulliter
1637 674 2029 762 procedens
2068 694 2211 747 non
2244 677 2474 766 privat
2511 676 2882 748 absentem

237 794 266 836 ι
307 771 515 844 titulo
567 791 702 846 nec
752 777 1199 869 possessione
1247 780 1634 870 ecclesiae3
1692 790 1764 855 et
1816 785 1889 855 in
1941 785 2074 858 hoc
2125 787 2662 876 saepissime...
2721 804 2888 879 pec-

237 908 268 947 »
307 890 480 955 cant
531 881 888 958 Ordinarii
943 888 1280 978 locorum,
1340 893 1491 981 qui,
1556 894 1728 967 iuris
1782 897 2029 969 ordine
2081 916 2225 969 non
2278 905 2584 985 servate,
2639 903 2884 970 contra

237 1017 267 1059 ν
307 995 660 1085 parochos
712 997 1030 1089 aliosque
1084 1002 1375 1075 clericos
1439 1002 1774 1079 absentes
1827 1006 1918 1078 ad
1972 1008 2436 1098 privationem
2504 1008 2889 1080 beneficio-

239 1127 268 1169 »
305 1123 465 1177 rum
521 1109 1077 1200 praecipitanter
1123 1114 1566 1204 procedunt3
1624 1135 1768 1188 non
1820 1120 2077 1192 mirum
2113 1121 2352 1211 igitur,
2392 1121 2451 1191 si
2487 1120 2887 1191 sententiae

237 1237 267 1282 ι
305 1212 849 1290 ordinariorum
902 1227 1268 1314 tamquam
1322 1226 1562 1299 nullae
1614 1236 1686 1300 et
1737 1230 2045 1302 iniustae
2082 1231 2154 1302 in
2192 1234 2383 1304 curia
2441 1232 2891 1303 infirmentur

238 1350 270 1391 ›
305 1344 394 1397 ex
432 1328 651 1419 plane
690 1330 1018 1404 deductis
1069 1353 1197 1425 per
1233 1334 1400 1410 Rot.
1445 1340 1609 1410 Dec.
1644 1339 1852 1421 609..
1882 1344 2045 1412 Dee.
2084 1341 2250 1415 431.
2292 1349 2356 1414 et
2393 1341 2560 1415 433.
2592 1350 2657 1414 et
2689 1340 2890 1421 163„

238 1461 268 1506 ι
307 1440 480 1512 Dee.
525 1440 743 1515 4366.
786 1460 1019 1516 coram
1075 1445 1404 1538 seraph„
1449 1452 1612 1522 Dee.
1659 1450 1830 1523 466.
1873 1470 2107 1523 coram
2146 1451 2350 1543 Capr.
2409 1459 2478 1524 et
2530 1452 2702 1523 alibi
2756 1449 2892 1522 fre-

238 1574 268 1616 »
306 1561 645 1640 quenter.
685 1579 721 1622 »

238 1670 242 1674 ’
375 1663 548 1735 238.
606 1662 919 1739 Huiusce
973 1673 1278 1743 auctoris
1348 1672 1739 1745 doctrinam
1813 1676 2107 1748 tradunt
2157 1677 2370 1748 etiam
2425 1674 2891 1747 communiter

239 1775 522 1846 maioris
573 1783 783 1851 notae
836 1779 1186 1871 doctores,
1243 1784 1461 1854 veluti
1514 1782 1900 1876 Fagnanus
1956 1787 2124 1877 Cap.
2166 1785 2270 1858 Ex
2323 1794 2524 1872 tuae,
2581 1785 2663 1857 de
2714 1786 2882 1857 cler.

237 1904 372 1956 uon
414 1906 553 1958 res.
595 1908 669 1959 η.
713 1891 784 1962 9.
823 1898 889 1963 et
924 1900 1231 1983 sequent.
1273 1891 1587 1983 GarciaS,
1627 1893 2011 1986 GiraldiuS,
2051 1905 2123 1971 et
2159 1899 2231 1969 S.
2261 1896 2334 1969 C.
2377 1894 2588 1968 Cone.
2620 1896 2888 1986 pluries

233 1996 301 2066 in
349 1999 551 2070 Thes.
596 2002 787 2083 Res„
824 2004 948 2076 sed
985 2005 1304 2094 punctim
1342 2006 1415 2077 in
1454 2007 1647 2078 Folio
1685 2009 2103 2099 spoletanae
2138 2011 2340 2081 Priv.
2365 2027 2532 2099 par.
2574 2007 2663 2079 ad
2701 2007 2889 2079 diem

235 2109 351 2181 26.
397 2109 737 2184 Februar.
770 2115 982 2187 1842.
1022 2114 1096 2210 ἓ.
1124 2120 1323 2191 Hisce
1357 2127 1423 2193 et
1458 2138 1596 2210 seq.
1622 2118 2045 2193 -Giraldius
2081 2120 2266 2214 (Ιαε.
2301 2121 2512 2193 Pont.
2546 2121 2752 2191 Part.
2787 2118 2884 2190 ῙῙ.

233 2229 398 2294 sect.
440 2221 567 2296 88.
608 2225 684 2295 in
733 2224 905 2323 fin.)
958 2227 1138 2299 duas
1191 2231 1403 2304 refert
1454 2234 1525 2304 S.
1567 2230 2146 2325 Congregationis
2205 2231 2417 2305 Cone.
2476 2231 2894 2305 declaratio-

233 2352 388 2422 nes,
450 2354 667 2407 unam
720 2338 1050 2411 videlicet
1101 2341 1242 2413 diei
1296 2344 1413 2415 26.
1462 2343 1716 2434 Aprilis
1776 2346 1987 2417 1621.
2028 2346 2245 2418 huius
2296 2345 2599 2416 tenoris:
2646 2371 2682 2410 «ι
2713 2340 2892 2415 Cen-

237 2468 273 2511 »
309 2447 504 2531 suit,
562 2444 988 2540 Episcopum
1042 2471 1248 2544 posse
1302 2460 1550 2526 contra
1623 2456 2060 2548 parochum,
2116 2465 2197 2529 ut
2247 2457 2708 2547 proponitur,
2767 2453 2895 2525 ab·

235 2580 273 2626 ›
310 2565 594 2631 sentem
648 2561 738 2633 ad
791 2562 1258 2652 privationem
1299 2566 1705 2656 procedere,
1747 2567 1918 2641 dum
1969 2575 2210 2642 tamen
2249 2568 2383 2640 tria
2420 2567 2652 2641 edicta
2689 2583 2895 2657 prae-

231 2694 266 2737 »
309 2674 702 2759 cesserint,
759 2679 828 2745 et
880 2675 1062 2766 lapsi
1116 2678 1259 2749 sint
1310 2683 1454 2750 tres
1507 2699 1790 2753 menses
1859 2682 1949 2754 ad
2020 2683 2534 2771 praescriptum
2587 2677 2882 2750 Constit.

233 2807 270 2851 »
310 2780 571 2856 Innoc.
623 2781 792 2873 ΙΙΙ..
851 2805 1036 2877 quae
1099 2789 1345 2881 incipit
1399 2791 1511 2863 Ex
1563 2798 1821 2866 tuae.»
1885 2793 2189 2865 Alteram
2243 2811 2407 2864 vero
2468 2791 2607 2862 diei
2660 2792 2730 2860 8.
2772 2785 2894 2860 lu-

225 2895 326 2964 nii
366 2894 621 2981 1624.;
653 2915 810 2967 cum
849 2898 1038 2969 enim
1069 2905 1468 2988 quaesitum
1499 2903 1794 2976 fuisset:
1833 2927 1869 2970 ‹
1894 2904 2000 2974 An
2029 2900 2448 2993 EpiscopuS,
2481 2900 2888 2992 praemissis

227 3028 265 3073 ›
307 3004 550 3084 tribus
602 3009 1112 3081 monitionibus
1165 3013 1257 3084 ad
1307 3014 1782 3086 revocandum
1847 3015 2236 3106 parochum
2290 3013 2380 3085 ad
2432 3011 2890 3083 residentiam

228 3138 267 3181 »
309 3118 543 3207 possit
594 3118 977 3209 procedere
1030 3122 1119 3193 ad
1172 3124 1637 3214 privationem
1714 3126 1945 3197 dictae
1999 3124 2465 3215 parochialiS,
2526 3129 2594 3194 et
2646 3121 2747 3193 sic
2798 3138 2892 3192 an

223 3253 263 3293 »
306 3226 536 3298 verba
605 3230 820 3301 etiam
888 3252 1101 3323 usque
1151 3235 1247 3306 ad
1289 3238 1763 3325 privationem
1832 3237 2326 3332 intelligantur
2385 3235 2727 3307 inclusive
2778 3233 2891 3304 vel

222 3362 263 3406 >
307 3338 714 3426 exclusive,
773 3338 843 3412 S.
888 3339 1345 3436 congregatio
1410 3350 1727 3435 censuit,
1789 3349 2251 3439 intelligenda
2305 3365 2458 3419 esse
2518 3346 2888 3431 inclusive,

217 3472 260 3518 ι»
306 3451 491 3522 dum
544 3458 786 3523 tamen
838 3459 1353 3544 praecesserint
1401 3460 1533 3529 tria
1591 3459 1820 3531 edicta
1874 3459 2191 3550 publica,
2233 3465 2302 3531 et
2340 3459 2521 3549 lapsi
2574 3458 2718 3528 sint
2769 3473 2891 3527 sex

217 3585 259 3630 >
308 3580 602 3634 menses
655 3565 852 3637 iuxta
908 3569 1076 3659 Cap.
1117 3566 1222 3639 Ex
1275 3574 1466 3658 tuae,
1523 3571 1606 3642 de
1658 3571 1823 3644 cler.
1869 3590 2009 3642 non
2062 3589 2197 3641 res,
2234 3594 2270 3638 »

376 3675 554 3745 239.
599 3675 996 3766 Antequam
1048 3682 1590 3769 sequestrationi
1644 3689 1713 3754 et
1767 3681 2148 3776 privationi
2201 3680 2559 3753 fructuum
2613 3679 2740 3750 fiat
2791 3678 2895 3749 lo-

209 3805 389 3874 cuS‚
438 3787 674 3859 citatio
710 3806 837 3880 per
888 3790 1199 3862 edictum
1237 3800 1341 3864 est
1394 3795 1680 3865 omnino
1719 3779 2166 3884 necessaria}
2222 3814 2389 3867 nam
2444 3792 2516 3866 S.
2559 3792 2632 3865 C.
2675 3791 2885 3865 Conc.

205 3898 436 3991 apud
489 3896 759 3972 Girald.
800 3897 896 3994 (l.
938 3923 1002 3973 c.
1044 3904 1120 3973 in
1163 3905 1400 3994 princ.
1446 3906 1520 3976 in
1580 3905 1937 3979 sabinien.
1981 3908 2052 3986 2.
2097 3906 2291 3999 Sept.
2339 3904 2592 3998 1581.)
2652 3929 2688 3971 α
2729 3922 2895 3977 cen-

201 4042 244 4087 »
292 4017 490 4103 suit,
528 4018 1165 4106 sequestrationem
1220 4016 1574 4090 fructuum
1628 4036 1714 4090 ex
1767 4017 2074 4091 Concilio
2145 4038 2284 4090 non
2337 4019 2650 4109 potuisse
2702 4016 2886 4101 fieri,

202 4154 247 4199 1>
295 4135 592 4201 rectore
647 4145 789 4198 non
841 4129 1055 4200 citato
1109 4129 1199 4198 ad
1254 4130 1750 4218 residendum,
1808 4131 1967 4203 ideo
2018 4130 2290 4203 fructus
2342 4129 2767 4202 relaxandos
2822 4132 2892 4198 et

198 4265 243 4308 »
292 4235 825 4312 restituendos.
878 4263 916 4306 ν
956 4237 1301 4311 Citatione
1354 4242 1782 4331 praemissa,
1842 4243 1916 4313 in
1968 4242 2316 4315 fructibus
2385 4241 2894 4314 subtrahendis

195 4366 432 4441 quae
483 4348 726 4440 regula
779 4350 1145 4438 sequenda
1181 4352 1314 4439 sit,
1375 4352 1589 4423 tradit
1641 4352 1835 4444 apud
1886 4354 2212 4425 eumdem
2261 4349 2530 4424 Girald.
2591 4353 2721 4424 loc.
2764 4353 2886 4424 cit.

191 4465 281 4539 S.
336 4464 701 4556 Congreg.
743 4462 1005 4537 Concil.
1048 4467 1117 4537 in
1158 4466 1441 4538 decreto
1477 4464 1615 4535 diei
1651 4464 1722 4533 9.
1774 4462 1948 4554 Aug.
1996 4464 2241 4547 1602..
2285 4466 2594 4537 scilicet:
2642 4487 2680 4530 αι
2720 4461 2898 4536 Con-

191 4605 238 4650 »
292 4577 640 4670 gregatio
667 4577 971 4665 censuit,
1003 4573 1457 4666 Episcopum,
1489 4574 1767 4663 quoties
1803 4574 1877 4645 in
1913 4593 2216 4667 poenam
2246 4577 2548 4649 omissae
2579 4575 2896 4648 residen-

195 4719 242 4762 ι»
294 4690 475 4763 tiae
522 4688 675 4760 vult
725 4687 1051 4778 parochis
1084 4685 1503 4759 subtrahere
1539 4691 1807 4777 parteS,
1848 4705 2030 4774 quas
2084 4687 2455 4761 residendo
2507 4707 2675 4761 suas
2711 4687 2896 4762 fece-
