3497 5235
453 271 571 316 vm
1510 255 1778 316 huntio
1815 256 2064 317 statoria.

446 395 632 481 dein
700 392 1199 481 Secretarius
1262 370 1342 480 S.
1395 391 1693 503 Oongr.
1761 391 2049 478 studiis
2112 392 2496 503 regundis
2575 395 3119 505 praepositae,

437 560 765 643 unaque
828 563 878 619 a
940 562 1003 619 s.
1056 562 1159 617 m.
1206 532 1602 642 Gregorio
1665 531 1882 618 XVI.
1939 530 2180 617 iudex
2244 560 2653 616 sacrarum
2719 534 3114 645 cognitio-

436 700 634 757 num
698 673 1232 773 renuntiatae,
1286 672 1533 780 vulgo
1566 710 1569 711 f
1597 668 1940 756 Auditor
2003 668 2250 773 SSmi,
2304 696 2492 755 mox
2551 671 3103 780 Inquisitionis

440 810 526 894 in
592 810 804 895 alma
866 812 1086 897 Urbe
1129 811 1547 911 Adsessor,
1591 809 1944 918 denique
1986 837 2148 895 non
2202 808 2373 894 sine
2417 817 2798 922 pergrata
2858 811 3112 897 totius

439 950 648 1034 sacri
712 948 1055 1060 Collegii
1115 947 1719 1057 suffragatione,
1764 950 2435 1057 quemadmodum
2517 947 2653 1036 SS.
2708 949 2804 1032 D.
2860 950 2958 1035 N.
3024 950 3109 1033 in

440 1086 918 1174 allocutione
985 1087 1142 1175 diei
1213 1086 1290 1173 7.
1337 1088 1575 1173 Mart.
1630 1084 1922 1187 1853„
1986 1084 2193 1197 (Vid.
2241 1084 2445 1171 Acta
2507 1086 2633 1170 Pii
2694 1088 2842 1171 IX.
2887 1086 2984 1174 P.
3030 1091 3103 1175 1.

423 1258 510 1345 p.
558 1227 781 1342 437.)
847 1226 1440 1338 pronuntiabat,
1502 1223 1713 1310 inter
1789 1231 2275 1336 purpuratos
2329 1227 2616 1310 Patres
2680 1252 2727 1308 a
2793 1224 3108 1310 Sancti-

438 1369 607 1451 tate
673 1366 838 1453 Sua
902 1371 1318 1475 cooptatus
1384 1370 1532 1449 est.
1577 1361 2002 1471 Aliquibus
2066 1371 2248 1473 post
2309 1362 2541 1447 annis
2605 1390 2789 1447 cum
2847 1364 3108 1448 Effius
3271 1357 3280 1362 ’

435 1530 530 1588 ac
594 1505 951 1589 Revmus
1017 1504 1258 1589 Card.
1312 1500 1672 1612 Gagiano
1737 1504 1838 1589 de
1905 1499 2275 1587 Azevedo
2339 1502 2613 1612 (quem
2673 1501 2936 1588 virum
3000 1504 3104 1587 ob

434 1642 891 1752 praeclaras
964 1642 1138 1727 eius
1214 1640 1552 1726 virtutes
1628 1668 1723 1724 ac
1786 1639 2298 1749 omnigenam
2374 1667 2786 1723 sacrarum
2874 1638 3108 1724 disci-

435 1781 833 1892 plinarum
876 1779 1292 1867 scientiam
1344 1784 1427 1864 et
1468 1806 1741 1865 rerum
1786 1807 2022 1865 usum
2054 1778 2379 1864 honoris
2445 1785 2530 1864 et
2580 1778 2795 1888 grati
2860 1779 3104 1864 animi

439 1942 636 2030 ergo
701 1919 1113 2005 nominare
1174 1947 1304 2004 me
1383 1944 1617 2027 posse
1682 1917 2046 2029 gaudeo)
2113 1945 2158 2002 e
2226 1917 2743 2002 Praefectura
2807 1915 3102 2003 Sacrae

438 2056 1102 2169 Congregationis
1167 2056 1497 2143 Concilii
1561 2057 1665 2141 ad
1727 2084 2045 2142 sacrum
2097 2055 2775 2142 Poenitentiariae
2844 2055 3104 2141 tribu-

437 2186 572 2281 nal
637 2203 728 2282 ut
789 2196 1043 2282 maior
1107 2193 1785 2282 Poenitentiarius
1849 2202 2272 2306 provectus
2335 2194 2648 2297 fuisset,
2712 2193 2795 2277 in
2858 2192 3104 2280 huius

438 2337 705 2422 locum
782 2366 830 2421 a
908 2336 1231 2421 Summo
1294 2334 1677 2420 Pontifice
1763 2336 2250 2445 subrogatus
2332 2360 2628 2417 munus
2702 2329 3106 2416 Praefecti

439 2475 801 2562 eiusdem
866 2474 1158 2562 Sacrae
1224 2472 1895 2585 Congregationis
1952 2470 2283 2557 Concilii
2345 2470 2719 2581 suscepit,
2767 2472 2980 2579 quod
3020 2468 3103 2552 in

437 2612 1078 2724 praesentiarum
1142 2612 1406 2703 adhuc
1470 2616 1699 2698 tanta
1743 2639 1925 2696 cum
1973 2608 2367 2722 sapientia
2418 2614 2498 2694 et
2561 2606 2889 2695 consilio
2934 2635 3101 2693 mo-

439 2755 793 2838 deratur.
841 2751 995 2836 Hic
1059 2779 1300 2862 porro
1364 2779 1509 2862 pro
1574 2779 1695 2853 ea,
1740 2778 1903 2859 qua
1965 2748 2242 2859 pollet,
2293 2748 2658 2832 omnibus
2721 2750 3102 2833 beneme-

438 2890 668 2976 rendi
730 2917 1127 3001 propensa
1189 2889 1606 2975 voluntate
1669 2918 1717 2972 a
1781 2886 2185 2997 primaevo
2261 2884 2846 2971 adolescentiae
2908 2885 3105 2971 flore

438 3029 524 3111 in
588 3055 819 3111 suam
881 3027 1119 3146 fidem
1161 3026 1543 3137 recipere,
1589 3025 1854 3110 studia
1916 3053 2095 3111 mea
2137 3023 2218 3107 in
2288 3024 2799 3133 expediendis
2845 3024 3107 3108 eccle-

442 3165 811 3251 siasticae
874 3164 1334 3274 disciplinae
1401 3164 1746 3274 negotiis
1814 3161 2292 3272 amplissime
2355 3163 2650 3263 fovere,
2702 3167 2785 3247 et
2849 3158 3108 3243 omni-

439 3332 703 3414 genae
767 3302 1288 3387 humanitatis
1354 3331 1447 3387 ac
1513 3300 2116 3388 benevolentiae
2199 3299 2909 3409 significationibus
2972 3326 3104 3384 me

433 3441 816 3552 prosequi
898 3468 1307 3549 nunquam
1368 3440 1644 3525 desiit:
1731 3438 2002 3522 nullus
2074 3437 2351 3547 itaque
2415 3443 2634 3523 recto
2700 3465 2791 3521 ac
2859 3439 3106 3522 bene-

266 3651 269 3654 .
432 3580 612 3666 volo
677 3579 1258 3691 suppeditando
1323 3578 1649 3664 consilio
1711 3577 1972 3688 magis
2035 3578 2366 3663 idoneus
2419 3576 2617 3661 mihi
2680 3602 3104 3661 occurrere

433 3718 846 3828 potuisset.
896 3718 1258 3825 Aequam
1320 3745 1490 3802 rem
1554 3717 1714 3801 imo
1781 3715 2133 3801 debitam
2196 3716 2560 3802 existimo
2601 3715 2733 3800 hic
2795 3739 3102 3799 memo-

435 3882 618 3939 rare
684 3856 926 3941 etiam
990 3857 1089 3939 R.
1136 3857 1228 3939 P.
1279 3853 1376 3937 D.
1422 3856 1752 3939 Petrum
1825 3852 2250 3957 siiannelli‚
2326 3854 2554 3939 cuius
2618 3877 3101 3964 propensum

435 3989 519 4075 in
583 4020 713 4077 me
779 3992 1133 4081 studium
1207 4020 1364 4078 non
1432 3998 1554 4077 est
1634 3993 2186 4078 demirandum
2223 4058 2243 4095 ,
2314 4021 2495 4078 cum
2559 4018 2832 4078 omnes
2870 4054 2890 4092 ,
2962 3986 3103 4098 qui

435 4128 699 4240 ipsum
763 4134 1086 4235 adeunt,
1130 4117 1672 4216 urbanitatem
1715 4130 1888 4216 eius
1937 4131 2471 4241 experiantur.
2516 4130 2672 4214 Hic
2736 4127 3100 4230 Auditor,

439 4296 678 4378 quem
720 4275 1031 4374 vocant,
1075 4268 1531 4380 Apostolico
1574 4268 1832 4379 primo
1874 4270 2234 4380 Neapoli,
2281 4270 2462 4354 dein
2507 4267 2834 4352 Parisiis
2878 4268 3104 4353 Nun-

434 4405 549 4490 tio
614 4404 1043 4510 adhibitus,
1095 4413 1377 4517 postea
1440 4408 1651 4494 inter
1714 4409 2131 4494 duodecim
2193 4408 2404 4493 viros
2470 4406 2548 4494 S.
2611 4409 2874 4491 Rotae
2938 4404 3102 4489 liti-

432 4545 588 4629 bus
651 4543 1112 4630 dirimendis
1156 4545 1398 4631 iudex
1463 4547 1852 4649 adlectus,
1900 4575 1994 4631 ac
2039 4553 2316 4657 postea
2356 4545 2527 4658 ipse
2593 4542 3098 4655 Apostolicus
