<?xml version="1.0" encoding="UTF-8"?>
<!DOCTYPE html PUBLIC "-//W3C//DTD XHTML 1.0 Transitional//EN"
    "http://www.w3.org/TR/xhtml1/DTD/xhtml1-transitional.dtd">
<html xmlns="http://www.w3.org/1999/xhtml" xml:lang="en" lang="en">
 <head>
  <title>
</title>
<meta http-equiv="Content-Type" content="text/html;charset=utf-8" />
  <meta name='ocr-system' content='tesseract 3.04.00' />
  <meta name='ocr-capabilities' content='ocr_page ocr_carea ocr_par ocr_line ocrx_word'/>
</head>
<body>
  <div class='ocr_page' id='page_1' title='image "./devisitationesa00popegoog_0147.png"; bbox 0 0 3497 5235; ppageno 0'>
   <div class='ocr_carea' id='block_1_1' title="bbox 937 319 2919 401">
    <p class='ocr_par' dir='ltr' id='par_1_1' title="bbox 937 319 2919 401">
     <span class='ocr_line' id='line_1_1' title="bbox 937 319 2919 401; baseline 0.002 -18"><span class='ocrx_word' id='word_1_1' title='bbox 937 324 1055 401; x_wconf 70' lang='lat' dir='ltr'>oq».</span> <span class='ocrx_word' id='word_1_2' title='bbox 1087 327 1129 384; x_wconf 88' lang='lat'>1.</span> <span class='ocrx_word' id='word_1_3' title='bbox 1172 324 1244 381; x_wconf 77' lang='lat' dir='ltr'>n·</span> <span class='ocrx_word' id='word_1_4' title='bbox 1284 321 1435 383; x_wconf 63' lang='lat' dir='ltr'>nutu</span> <span class='ocrx_word' id='word_1_5' title='bbox 1475 320 1735 380; x_wconf 67' lang='lat' dir='ltr'>nouum</span> <span class='ocrx_word' id='word_1_6' title='bbox 1774 319 2048 380; x_wconf 61' lang='lat' dir='ltr'>munau</span> <span class='ocrx_word' id='word_1_7' title='bbox 2089 322 2143 398; x_wconf 73' lang='lat'>§-</span> <span class='ocrx_word' id='word_1_8' title='bbox 2174 322 2223 380; x_wconf 76' lang='grc' dir='ltr'><strong>ο.</strong></span> <span class='ocrx_word' id='word_1_9' title='bbox 2803 322 2919 386; x_wconf 77' lang='grc'><strong>119</strong></span> 
     </span>
    </p>
   </div>
   <div class='ocr_carea' id='block_1_2' title="bbox 273 457 2919 1564">
    <p class='ocr_par' dir='ltr' id='par_1_2' title="bbox 273 457 2919 665">
     <span class='ocr_line' id='line_1_2' title="bbox 273 457 2919 549; baseline 0.001 -20"><span class='ocrx_word' id='word_1_10' title='bbox 273 487 302 529; x_wconf 81' lang='lat'><strong>»</strong></span> <span class='ocrx_word' id='word_1_11' title='bbox 337 479 502 534; x_wconf 91' lang='lat' dir='ltr'>suae</span> <span class='ocrx_word' id='word_1_12' title='bbox 537 460 1055 549; x_wconf 88' lang='lat' dir='ltr'>iurisdictioni;</span> <span class='ocrx_word' id='word_1_13' title='bbox 1112 467 1185 532; x_wconf 90' lang='lat' dir='ltr'>et</span> <span class='ocrx_word' id='word_1_14' title='bbox 1233 479 1324 531; x_wconf 91' lang='lat' dir='ltr'>an</span> <span class='ocrx_word' id='word_1_15' title='bbox 1365 465 1435 532; x_wconf 93' lang='lat' dir='ltr'>et</span> <span class='ocrx_word' id='word_1_16' title='bbox 1472 476 1658 549; x_wconf 88' lang='lat' dir='ltr'>quae</span> <span class='ocrx_word' id='word_1_17' title='bbox 1693 459 2070 531; x_wconf 82' lang='lat' dir='ltr'><strong>mulierum</strong></span> <span class='ocrx_word' id='word_1_18' title='bbox 2110 457 2536 531; x_wconf 84' lang='lat' dir='ltr'>monasteria</span> <span class='ocrx_word' id='word_1_19' title='bbox 2573 457 2710 531; x_wconf 91' lang='lat' dir='ltr'>sibi</span> <span class='ocrx_word' id='word_1_20' title='bbox 2745 459 2919 533; x_wconf 92' lang='lat' dir='ltr'>sub-</span> 
     </span>
     <span class='ocr_line' id='line_1_3' title="bbox 277 564 1935 665; baseline 0 -24"><span class='ocrx_word' id='word_1_21' title='bbox 277 600 306 641; x_wconf 82' lang='lat'><strong>»</strong></span> <span class='ocrx_word' id='word_1_22' title='bbox 341 576 508 646; x_wconf 90' lang='lat' dir='ltr'>iecta</span> <span class='ocrx_word' id='word_1_23' title='bbox 558 575 734 661; x_wconf 90' lang='lat' dir='ltr'>sint,</span> <span class='ocrx_word' id='word_1_24' title='bbox 797 574 906 645; x_wconf 90' lang='lat' dir='ltr'>vel</span> <span class='ocrx_word' id='word_1_25' title='bbox 961 573 1299 665; x_wconf 89' lang='lat' dir='ltr'>praelatis</span> <span class='ocrx_word' id='word_1_26' title='bbox 1352 564 1850 664; x_wconf 83' lang='lat' dir='ltr'>regularibus!</span> <span class='ocrx_word' id='word_1_27' title='bbox 1898 596 1935 641; x_wconf 83' lang='lat'>›</span> 
     </span>
    </p>

    <p class='ocr_par' dir='ltr' id='par_1_3' title="bbox 277 680 2916 1115">
     <span class='ocr_line' id='line_1_4' title="bbox 391 680 2912 780; baseline 0.001 -23"><span class='ocrx_word' id='word_1_28' title='bbox 391 680 618 780; x_wconf 91' lang='lat' dir='ltr'>(Quod</span> <span class='ocrx_word' id='word_1_29' title='bbox 672 685 986 776; x_wconf 79' lang='lat' dir='ltr'>pertinet</span> <span class='ocrx_word' id='word_1_30' title='bbox 1039 685 1130 756; x_wconf 89' lang='lat' dir='ltr'>ad</span> <span class='ocrx_word' id='word_1_31' title='bbox 1183 702 1523 777; x_wconf 89' lang='lat' dir='ltr'>praesens</span> <span class='ocrx_word' id='word_1_32' title='bbox 1560 683 1980 774; x_wconf 86' lang='lat' dir='ltr'>capitulum,</span> <span class='ocrx_word' id='word_1_33' title='bbox 2022 683 2351 756; x_wconf 90' lang='lat' dir='ltr'>lectorem</span> <span class='ocrx_word' id='word_1_34' title='bbox 2388 701 2790 775; x_wconf 81' lang='lat' dir='ltr'>precamur,</span> <span class='ocrx_word' id='word_1_35' title='bbox 2831 694 2912 761; x_wconf 90' lang='lat' dir='ltr'>ut</span> 
     </span>
     <span class='ocr_line' id='line_1_5' title="bbox 277 793 2911 892; baseline 0 -22"><span class='ocrx_word' id='word_1_36' title='bbox 277 818 412 890; x_wconf 83' lang='lat' dir='ltr'>cap.</span> <span class='ocrx_word' id='word_1_37' title='bbox 453 799 575 870; x_wconf 86' lang='lat' dir='ltr'>IV.</span> <span class='ocrx_word' id='word_1_38' title='bbox 617 798 700 869; x_wconf 81' lang='lat' dir='ltr'>de</span> <span class='ocrx_word' id='word_1_39' title='bbox 739 796 1196 890; x_wconf 65' lang='lat' dir='ltr'>Regularibus</span> <span class='ocrx_word' id='word_1_40' title='bbox 1246 794 1320 892; x_wconf 61' lang='grc' dir='ltr'><strong>ἓ.</strong></span> <span class='ocrx_word' id='word_1_41' title='bbox 1365 796 1535 878; x_wconf 73' lang='grc' dir='ltr'><strong>ΙΙΙ.,</strong></span> <span class='ocrx_word' id='word_1_42' title='bbox 1573 813 1854 867; x_wconf 81' lang='lat' dir='ltr'>necnon</span> <span class='ocrx_word' id='word_1_43' title='bbox 1889 814 1951 866; x_wconf 88' lang='lat' dir='ltr'>c.</span> <span class='ocrx_word' id='word_1_44' title='bbox 1996 794 2072 867; x_wconf 82' lang='lat' dir='ltr'>V.</span> <span class='ocrx_word' id='word_1_45' title='bbox 2112 794 2196 867; x_wconf 83' lang='lat' dir='ltr'>de</span> <span class='ocrx_word' id='word_1_46' title='bbox 2222 795 2646 870; x_wconf 68' lang='lat' dir='ltr'>Martialibus</span> <span class='ocrx_word' id='word_1_47' title='bbox 2683 793 2756 892; x_wconf 69' lang='lat'>§-</span> <span class='ocrx_word' id='word_1_48' title='bbox 2796 797 2911 871; x_wconf 86' lang='lat' dir='ltr'>VI.</span> 
     </span>
     <span class='ocr_line' id='line_1_6' title="bbox 279 905 2916 1002; baseline 0 -20"><span class='ocrx_word' id='word_1_49' title='bbox 279 917 332 983; x_wconf 81' lang='lat' dir='ltr'>et</span> <span class='ocrx_word' id='word_1_50' title='bbox 377 930 510 1002; x_wconf 80' lang='lat' dir='ltr'>seq.</span> <span class='ocrx_word' id='word_1_51' title='bbox 550 911 749 982; x_wconf 88' lang='lat' dir='ltr'>adire</span> <span class='ocrx_word' id='word_1_52' title='bbox 785 927 874 981; x_wconf 90' lang='lat' dir='ltr'>ne</span> <span class='ocrx_word' id='word_1_53' title='bbox 912 913 1289 1000; x_wconf 77' lang='lat' dir='ltr'>gravetur:</span> <span class='ocrx_word' id='word_1_54' title='bbox 1347 908 1446 979; x_wconf 90' lang='lat' dir='ltr'>ibi</span> <span class='ocrx_word' id='word_1_55' title='bbox 1498 905 1851 997; x_wconf 85' lang='lat' dir='ltr'>siquidem</span> <span class='ocrx_word' id='word_1_56' title='bbox 1903 906 2096 976; x_wconf 91' lang='lat' dir='ltr'>omni</span> <span class='ocrx_word' id='word_1_57' title='bbox 2147 923 2234 977; x_wconf 78' lang='lat' dir='ltr'>ex</span> <span class='ocrx_word' id='word_1_58' title='bbox 2283 913 2486 1000; x_wconf 88' lang='lat' dir='ltr'>parte</span> <span class='ocrx_word' id='word_1_59' title='bbox 2537 927 2916 1000; x_wconf 82' lang='lat' dir='ltr'>argumen-</span> 
     </span>
     <span class='ocr_line' id='line_1_7' title="bbox 281 1016 1774 1115; baseline -0.002 -22"><span class='ocrx_word' id='word_1_60' title='bbox 281 1030 405 1094; x_wconf 88' lang='lat' dir='ltr'>tum</span> <span class='ocrx_word' id='word_1_61' title='bbox 456 1022 593 1094; x_wconf 90' lang='lat' dir='ltr'>boc</span> <span class='ocrx_word' id='word_1_62' title='bbox 645 1021 800 1094; x_wconf 77' lang='lat' dir='ltr'>tuse</span> <span class='ocrx_word' id='word_1_63' title='bbox 851 1026 1358 1111; x_wconf 91' lang='lat' dir='ltr'>pertractatum</span> <span class='ocrx_word' id='word_1_64' title='bbox 1414 1016 1774 1115; x_wconf 74' lang='lat' dir='ltr'>reperiet).</span> 
     </span>
    </p>

    <p class='ocr_par' dir='ltr' id='par_1_4' title="bbox 276 1129 2912 1564">
     <span class='ocr_line' id='line_1_8' title="bbox 333 1129 2912 1223; baseline 0.001 -17"><span class='ocrx_word' id='word_1_65' title='bbox 333 1195 344 1206; x_wconf 87' lang='lat'>.</span> <span class='ocrx_word' id='word_1_66' title='bbox 400 1157 436 1200; x_wconf 84' lang='lat'><strong>‹</strong></span> <span class='ocrx_word' id='word_1_67' title='bbox 473 1129 606 1205; x_wconf 82' lang='lat' dir='ltr'>lx.</span> <span class='ocrx_word' id='word_1_68' title='bbox 653 1132 762 1205; x_wconf 82' lang='lat' dir='ltr'>An</span> <span class='ocrx_word' id='word_1_69' title='bbox 797 1133 983 1205; x_wconf 89' lang='lat' dir='ltr'>adsit</span> <span class='ocrx_word' id='word_1_70' title='bbox 1020 1135 1090 1205; x_wconf 92' lang='lat' dir='ltr'>in</span> <span class='ocrx_word' id='word_1_71' title='bbox 1128 1132 1431 1206; x_wconf 89' lang='lat' dir='ltr'>dioecesi</span> <span class='ocrx_word' id='word_1_72' title='bbox 1467 1133 1927 1204; x_wconf 90' lang='lat' dir='ltr'>seminarium</span> <span class='ocrx_word' id='word_1_73' title='bbox 1968 1131 2407 1220; x_wconf 89' lang='lat' dir='ltr'>clericorum,</span> <span class='ocrx_word' id='word_1_74' title='bbox 2466 1140 2638 1223; x_wconf 90' lang='lat' dir='ltr'>quot</span> <span class='ocrx_word' id='word_1_75' title='bbox 2673 1134 2912 1209; x_wconf 90' lang='lat' dir='ltr'>clerici</span> 
     </span>
     <span class='ocr_line' id='line_1_9' title="bbox 277 1233 2910 1338; baseline 0.002 -23"><span class='ocrx_word' id='word_1_76' title='bbox 277 1274 305 1315; x_wconf 82' lang='lat'>›</span> <span class='ocrx_word' id='word_1_77' title='bbox 340 1249 405 1320; x_wconf 91' lang='lat' dir='ltr'>in</span> <span class='ocrx_word' id='word_1_78' title='bbox 457 1248 709 1320; x_wconf 91' lang='lat' dir='ltr'>eodem</span> <span class='ocrx_word' id='word_1_79' title='bbox 767 1247 1078 1336; x_wconf 83' lang='lat' dir='ltr'>alantur,</span> <span class='ocrx_word' id='word_1_80' title='bbox 1137 1266 1230 1319; x_wconf 92' lang='lat' dir='ltr'>an</span> <span class='ocrx_word' id='word_1_81' title='bbox 1284 1245 1497 1318; x_wconf 81' lang='lat' dir='ltr'>fuerit</span> <span class='ocrx_word' id='word_1_82' title='bbox 1540 1251 1809 1318; x_wconf 84' lang='lat' dir='ltr'>statuta</span> <span class='ocrx_word' id='word_1_83' title='bbox 1846 1251 2040 1332; x_wconf 76' lang='lat' dir='ltr'>taxa,</span> <span class='ocrx_word' id='word_1_84' title='bbox 2082 1250 2152 1316; x_wconf 93' lang='lat' dir='ltr'>et</span> <span class='ocrx_word' id='word_1_85' title='bbox 2188 1244 2261 1315; x_wconf 93' lang='lat' dir='ltr'>in</span> <span class='ocrx_word' id='word_1_86' title='bbox 2299 1263 2441 1335; x_wconf 91' lang='lat' dir='ltr'>qua</span> <span class='ocrx_word' id='word_1_87' title='bbox 2478 1233 2910 1338; x_wconf 83' lang='lat' dir='ltr'>quantitate,</span> 
     </span>
     <span class='ocr_line' id='line_1_10' title="bbox 276 1357 2908 1450; baseline 0.003 -24"><span class='ocrx_word' id='word_1_88' title='bbox 276 1385 304 1426; x_wconf 84' lang='lat'>›</span> <span class='ocrx_word' id='word_1_89' title='bbox 337 1366 402 1432; x_wconf 89' lang='lat' dir='ltr'>et</span> <span class='ocrx_word' id='word_1_90' title='bbox 451 1381 544 1431; x_wconf 91' lang='lat' dir='ltr'>an</span> <span class='ocrx_word' id='word_1_91' title='bbox 599 1360 844 1450; x_wconf 89' lang='lat' dir='ltr'>aliqua</span> <span class='ocrx_word' id='word_1_92' title='bbox 897 1359 1244 1431; x_wconf 81' lang='lat' dir='ltr'>beneficia</span> <span class='ocrx_word' id='word_1_93' title='bbox 1316 1357 1578 1430; x_wconf 77' lang='lat' dir='ltr'>tuerint</span> <span class='ocrx_word' id='word_1_94' title='bbox 1645 1358 1874 1430; x_wconf 88' lang='lat' dir='ltr'>eidem</span> <span class='ocrx_word' id='word_1_95' title='bbox 1945 1358 2192 1444; x_wconf 87' lang='lat' dir='ltr'>unita,</span> <span class='ocrx_word' id='word_1_96' title='bbox 2248 1363 2320 1430; x_wconf 89' lang='lat' dir='ltr'>et</span> <span class='ocrx_word' id='word_1_97' title='bbox 2371 1358 2445 1430; x_wconf 90' lang='lat' dir='ltr'>in</span> <span class='ocrx_word' id='word_1_98' title='bbox 2500 1359 2908 1435; x_wconf 89' lang='lat' dir='ltr'>universum</span> 
     </span>
     <span class='ocr_line' id='line_1_11' title="bbox 280 1463 2469 1564; baseline 0.001 -26"><span class='ocrx_word' id='word_1_99' title='bbox 280 1497 307 1538; x_wconf 83' lang='lat'><strong>›</strong></span> <span class='ocrx_word' id='word_1_100' title='bbox 338 1473 658 1564; x_wconf 88' lang='lat' dir='ltr'>quinam,</span> <span class='ocrx_word' id='word_1_101' title='bbox 716 1479 786 1544; x_wconf 91' lang='lat' dir='ltr'>et</span> <span class='ocrx_word' id='word_1_102' title='bbox 838 1478 1013 1562; x_wconf 91' lang='lat' dir='ltr'>quot</span> <span class='ocrx_word' id='word_1_103' title='bbox 1061 1473 1203 1543; x_wconf 88' lang='lat' dir='ltr'>sint</span> <span class='ocrx_word' id='word_1_104' title='bbox 1256 1470 1526 1544; x_wconf 89' lang='lat' dir='ltr'>reditus</span> <span class='ocrx_word' id='word_1_105' title='bbox 1578 1469 1921 1562; x_wconf 78' lang='lat' dir='ltr'>praedicti</span> <span class='ocrx_word' id='word_1_106' title='bbox 1973 1463 2391 1544; x_wconf 60' lang='lat' dir='ltr'>seminarii?</span> <span class='ocrx_word' id='word_1_107' title='bbox 2432 1494 2469 1541; x_wconf 81' lang='lat'><strong>»</strong></span> 
     </span>
    </p>
   </div>
   <div class='ocr_carea' id='block_1_3' title="bbox 346 1733 2823 1802">
    <p class='ocr_par' dir='ltr' id='par_1_5' title="bbox 346 1733 2823 1802">
     <span class='ocr_line' id='line_1_12' title="bbox 346 1733 2823 1802; baseline -0.002 -8"><span class='ocrx_word' id='word_1_108' title='bbox 346 1737 478 1794; x_wconf 76' lang='lat' dir='ltr'>Art.</span> <span class='ocrx_word' id='word_1_109' title='bbox 509 1738 559 1795; x_wconf 90' lang='lat'>1.</span> <span class='ocrx_word' id='word_1_110' title='bbox 599 1737 693 1796; x_wconf 86' lang='lat' dir='ltr'>De</span> <span class='ocrx_word' id='word_1_111' title='bbox 731 1735 1211 1795; x_wconf 77' lang='lat' dir='ltr'>seminariomm</span> <span class='ocrx_word' id='word_1_112' title='bbox 1248 1733 1636 1791; x_wconf 79' lang='lat' dir='ltr'>necessitate</span> <span class='ocrx_word' id='word_1_113' title='bbox 1676 1734 1740 1788; x_wconf 95' lang='lat' dir='ltr'>et</span> <span class='ocrx_word' id='word_1_114' title='bbox 1775 1734 2070 1797; x_wconf 80' lang='lat' dir='ltr'>utilitate,</span> <span class='ocrx_word' id='word_1_115' title='bbox 2109 1747 2445 1802; x_wconf 81' lang='lat' dir='ltr'>eorumque</span> <span class='ocrx_word' id='word_1_116' title='bbox 2485 1734 2823 1791; x_wconf 84' lang='lat' dir='ltr'>erectione.</span> 
     </span>
    </p>
   </div>
   <div class='ocr_carea' id='block_1_4' title="bbox 267 1944 2918 4826">
    <p class='ocr_par' dir='ltr' id='par_1_6' title="bbox 267 1944 2918 4826">
     <span class='ocr_line' id='line_1_13' title="bbox 383 1944 2913 2031; baseline -0.004 -10"><span class='ocrx_word' id='word_1_117' title='bbox 383 1959 812 2021; x_wconf 64' lang='lat' dir='ltr'>Sunuanmnr.</span> <span class='ocrx_word' id='word_1_118' title='bbox 847 1953 992 2015; x_wconf 91' lang='grc'><strong>112.</strong></span> <span class='ocrx_word' id='word_1_119' title='bbox 1026 1948 1474 2016; x_wconf 86' lang='lat' dir='ltr'>Gravissimum</span> <span class='ocrx_word' id='word_1_120' title='bbox 1508 1945 1590 2013; x_wconf 92' lang='lat' dir='ltr'>de</span> <span class='ocrx_word' id='word_1_121' title='bbox 1621 1944 1975 2011; x_wconf 87' lang='lat' dir='ltr'>seminariis</span> <span class='ocrx_word' id='word_1_122' title='bbox 2007 1954 2461 2031; x_wconf 80' lang='lat' dir='ltr'>argumentum</span> <span class='ocrx_word' id='word_1_123' title='bbox 2492 1946 2681 2031; x_wconf 90' lang='lat' dir='ltr'>paulo</span> <span class='ocrx_word' id='word_1_124' title='bbox 2716 1945 2913 2012; x_wconf 79' lang='lat' dir='ltr'>fusius</span> 
     </span>
     <span class='ocr_line' id='line_1_14' title="bbox 269 2041 2914 2141; baseline -0.002 -21"><span class='ocrx_word' id='word_1_125' title='bbox 269 2041 771 2141; x_wconf 87' lang='lat' dir='ltr'>pertractandum</span> <span class='ocrx_word' id='word_1_126' title='bbox 821 2054 1117 2118; x_wconf 85' lang='lat' dir='ltr'>sumitur.</span> <span class='ocrx_word' id='word_1_127' title='bbox 1172 2051 1287 2131; x_wconf 84' lang='lat' dir='ltr'>Qui</span> <span class='ocrx_word' id='word_1_128' title='bbox 1337 2060 1625 2117; x_wconf 84' lang='lat' dir='ltr'>auctores</span> <span class='ocrx_word' id='word_1_129' title='bbox 1663 2048 1743 2114; x_wconf 90' lang='lat' dir='ltr'>de</span> <span class='ocrx_word' id='word_1_130' title='bbox 1776 2047 2130 2114; x_wconf 88' lang='lat' dir='ltr'>seminariis</span> <span class='ocrx_word' id='word_1_131' title='bbox 2163 2066 2385 2114; x_wconf 89' lang='lat' dir='ltr'>recens</span> <span class='ocrx_word' id='word_1_132' title='bbox 2415 2050 2840 2137; x_wconf 87' lang='lat' dir='ltr'>scripserunt.</span> <span class='ocrx_word' id='word_1_133' title='bbox 2872 2086 2914 2100; x_wconf 89' lang='lat'>-</span> 
     </span>
     <span class='ocr_line' id='line_1_15' title="bbox 275 2152 2918 2240; baseline -0.002 -15"><span class='ocrx_word' id='word_1_134' title='bbox 275 2162 398 2225; x_wconf 80' lang='grc'><strong>113.</strong></span> <span class='ocrx_word' id='word_1_135' title='bbox 437 2158 941 2225; x_wconf 84' lang='lat' dir='ltr'>Seminariorum</span> <span class='ocrx_word' id='word_1_136' title='bbox 993 2156 1223 2222; x_wconf 84' lang='lat' dir='ltr'>utilitas</span> <span class='ocrx_word' id='word_1_137' title='bbox 1270 2167 1460 2239; x_wconf 91' lang='lat' dir='ltr'>atque</span> <span class='ocrx_word' id='word_1_138' title='bbox 1507 2154 1847 2220; x_wconf 82' lang='lat' dir='ltr'>necessitas</span> <span class='ocrx_word' id='word_1_139' title='bbox 1896 2152 2255 2218; x_wconf 83' lang='lat' dir='ltr'>ostenditur</span> <span class='ocrx_word' id='word_1_140' title='bbox 2302 2172 2380 2218; x_wconf 85' lang='lat' dir='ltr'>ex</span> <span class='ocrx_word' id='word_1_141' title='bbox 2416 2172 2516 2232; x_wconf 91' lang='lat' dir='ltr'>eo,</span> <span class='ocrx_word' id='word_1_142' title='bbox 2555 2153 2728 2239; x_wconf 91' lang='lat' dir='ltr'>quod</span> <span class='ocrx_word' id='word_1_143' title='bbox 2763 2153 2918 2240; x_wconf 88' lang='lat' dir='ltr'>Epi-</span> 
     </span>
     <span class='ocr_line' id='line_1_16' title="bbox 269 2255 2915 2347; baseline -0.001 -22"><span class='ocrx_word' id='word_1_144' title='bbox 269 2261 416 2347; x_wconf 86' lang='lat' dir='ltr'>scopi</span> <span class='ocrx_word' id='word_1_145' title='bbox 451 2260 962 2327; x_wconf 86' lang='lat' dir='ltr'>adolescentulos</span> <span class='ocrx_word' id='word_1_146' title='bbox 1007 2258 1134 2324; x_wconf 85' lang='lat' dir='ltr'>suis</span> <span class='ocrx_word' id='word_1_147' title='bbox 1180 2258 1297 2323; x_wconf 93' lang='lat' dir='ltr'>sub</span> <span class='ocrx_word' id='word_1_148' title='bbox 1347 2257 1544 2323; x_wconf 89' lang='lat' dir='ltr'>oculis</span> <span class='ocrx_word' id='word_1_149' title='bbox 1583 2255 1996 2321; x_wconf 84' lang='lat' dir='ltr'>subcrescere</span> <span class='ocrx_word' id='word_1_150' title='bbox 2031 2255 2456 2344; x_wconf 88' lang='lat' dir='ltr'>conspiciunt.</span> <span class='ocrx_word' id='word_1_151' title='bbox 2489 2293 2531 2305; x_wconf 93' lang='lat'>-</span> <span class='ocrx_word' id='word_1_152' title='bbox 2570 2256 2720 2323; x_wconf 80' lang='grc'><strong>114.</strong></span> <span class='ocrx_word' id='word_1_153' title='bbox 2759 2259 2915 2323; x_wconf 87' lang='lat' dir='ltr'>Item</span> 
     </span>
     <span class='ocr_line' id='line_1_17' title="bbox 270 2359 2913 2447; baseline -0.001 -20"><span class='ocrx_word' id='word_1_154' title='bbox 270 2384 335 2427; x_wconf 82' lang='lat' dir='ltr'>ex</span> <span class='ocrx_word' id='word_1_155' title='bbox 379 2384 476 2440; x_wconf 87' lang='lat' dir='ltr'>eo,</span> <span class='ocrx_word' id='word_1_156' title='bbox 531 2362 707 2447; x_wconf 88' lang='lat' dir='ltr'>quod</span> <span class='ocrx_word' id='word_1_157' title='bbox 755 2384 785 2426; x_wconf 90' lang='lat' dir='ltr'>a</span> <span class='ocrx_word' id='word_1_158' title='bbox 839 2361 1071 2428; x_wconf 89' lang='lat' dir='ltr'>teneris</span> <span class='ocrx_word' id='word_1_159' title='bbox 1119 2359 1494 2438; x_wconf 89' lang='lat' dir='ltr'>bonitatem,</span> <span class='ocrx_word' id='word_1_160' title='bbox 1545 2359 1876 2425; x_wconf 87' lang='lat' dir='ltr'>scientiam</span> <span class='ocrx_word' id='word_1_161' title='bbox 1941 2369 2004 2424; x_wconf 90' lang='lat' dir='ltr'>et</span> <span class='ocrx_word' id='word_1_162' title='bbox 2066 2359 2419 2426; x_wconf 88' lang='lat' dir='ltr'>doctrinam</span> <span class='ocrx_word' id='word_1_163' title='bbox 2468 2359 2839 2428; x_wconf 89' lang='lat' dir='ltr'>doceantur.</span> <span class='ocrx_word' id='word_1_164' title='bbox 2870 2397 2913 2410; x_wconf 93' lang='lat'><em>—</em></span> 
     </span>
     <span class='ocr_line' id='line_1_18' title="bbox 274 2462 2916 2532; baseline 0 -1"><span class='ocrx_word' id='word_1_165' title='bbox 274 2470 404 2532; x_wconf 79' lang='lat'>115.</span> <span class='ocrx_word' id='word_1_166' title='bbox 439 2466 762 2532; x_wconf 85' lang='lat' dir='ltr'>Praeclara</span> <span class='ocrx_word' id='word_1_167' title='bbox 794 2463 871 2530; x_wconf 91' lang='lat' dir='ltr'>ad</span> <span class='ocrx_word' id='word_1_168' title='bbox 907 2483 1037 2529; x_wconf 89' lang='lat' dir='ltr'>rem</span> <span class='ocrx_word' id='word_1_169' title='bbox 1075 2464 1380 2529; x_wconf 88' lang='lat' dir='ltr'>Barbosae</span> <span class='ocrx_word' id='word_1_170' title='bbox 1416 2463 1629 2528; x_wconf 90' lang='lat' dir='ltr'>verba.</span> <span class='ocrx_word' id='word_1_171' title='bbox 1665 2499 1708 2510; x_wconf 96' lang='lat'>-</span> <span class='ocrx_word' id='word_1_172' title='bbox 1745 2467 1893 2529; x_wconf 90' lang='grc'><strong>116.</strong></span> <span class='ocrx_word' id='word_1_173' title='bbox 1933 2465 2119 2528; x_wconf 87' lang='lat' dir='ltr'>Teste</span> <span class='ocrx_word' id='word_1_174' title='bbox 2169 2468 2236 2532; x_wconf 92' lang='lat' dir='ltr'>S.</span> <span class='ocrx_word' id='word_1_175' title='bbox 2274 2462 2496 2530; x_wconf 88' lang='lat' dir='ltr'>Carolo</span> <span class='ocrx_word' id='word_1_176' title='bbox 2530 2465 2916 2531; x_wconf 89' lang='lat' dir='ltr'>Borromaeo</span> 
     </span>
     <span class='ocr_line' id='line_1_19' title="bbox 270 2564 2911 2654; baseline 0 -21"><span class='ocrx_word' id='word_1_177' title='bbox 270 2567 614 2637; x_wconf 88' lang='lat' dir='ltr'>huiusmodi</span> <span class='ocrx_word' id='word_1_178' title='bbox 666 2569 1082 2654; x_wconf 85' lang='lat' dir='ltr'>collegiorum</span> <span class='ocrx_word' id='word_1_179' title='bbox 1133 2567 1509 2634; x_wconf 84' lang='lat' dir='ltr'>iuvenilium</span> <span class='ocrx_word' id='word_1_180' title='bbox 1562 2564 1944 2633; x_wconf 88' lang='lat' dir='ltr'>intermissio</span> <span class='ocrx_word' id='word_1_181' title='bbox 1991 2565 2269 2632; x_wconf 86' lang='lat' dir='ltr'>maximo</span> <span class='ocrx_word' id='word_1_182' title='bbox 2311 2566 2430 2635; x_wconf 78' lang='lat' dir='ltr'>snit</span> <span class='ocrx_word' id='word_1_183' title='bbox 2463 2568 2767 2634; x_wconf 82' lang='lat' dir='ltr'>ecclesiae</span> <span class='ocrx_word' id='word_1_184' title='bbox 2800 2566 2911 2634; x_wconf 92' lang='lat' dir='ltr'>de-</span> 
     </span>
     <span class='ocr_line' id='line_1_20' title="bbox 270 2669 2913 2756; baseline 0 -21"><span class='ocrx_word' id='word_1_185' title='bbox 270 2671 573 2739; x_wconf 88' lang='lat' dir='ltr'>trimento.</span> <span class='ocrx_word' id='word_1_186' title='bbox 612 2711 656 2722; x_wconf 94' lang='lat'>-</span> <span class='ocrx_word' id='word_1_187' title='bbox 697 2675 843 2738; x_wconf 88' lang='grc'><strong>117.</strong></span> <span class='ocrx_word' id='word_1_188' title='bbox 887 2669 1242 2738; x_wconf 88' lang='lat' dir='ltr'>Concilium</span> <span class='ocrx_word' id='word_1_189' title='bbox 1290 2669 1703 2756; x_wconf 85' lang='lat' dir='ltr'>Aquileiense</span> <span class='ocrx_word' id='word_1_190' title='bbox 1751 2670 2098 2736; x_wconf 89' lang='lat' dir='ltr'>Ecclesiam</span> <span class='ocrx_word' id='word_1_191' title='bbox 2145 2669 2341 2735; x_wconf 83' lang='lat' dir='ltr'>hodie</span> <span class='ocrx_word' id='word_1_192' title='bbox 2387 2670 2495 2735; x_wconf 81' lang='lat' dir='ltr'>vix</span> <span class='ocrx_word' id='word_1_193' title='bbox 2542 2689 2729 2756; x_wconf 89' lang='lat' dir='ltr'>posse</span> <span class='ocrx_word' id='word_1_194' title='bbox 2775 2670 2913 2738; x_wconf 89' lang='lat' dir='ltr'>sine</span> 
     </span>
     <span class='ocr_line' id='line_1_21' title="bbox 269 2774 2913 2862; baseline -0 -23"><span class='ocrx_word' id='word_1_195' title='bbox 269 2776 603 2842; x_wconf 88' lang='lat' dir='ltr'>seminariis</span> <span class='ocrx_word' id='word_1_196' title='bbox 651 2792 961 2862; x_wconf 88' lang='lat' dir='ltr'>prospere</span> <span class='ocrx_word' id='word_1_197' title='bbox 1007 2775 1349 2839; x_wconf 86' lang='lat' dir='ltr'>consistere</span> <span class='ocrx_word' id='word_1_198' title='bbox 1399 2774 1804 2839; x_wconf 83' lang='lat' dir='ltr'>existimavit.</span> <span class='ocrx_word' id='word_1_199' title='bbox 1858 2774 2014 2838; x_wconf 87' lang='lat' dir='ltr'>Hinc</span> <span class='ocrx_word' id='word_1_200' title='bbox 2073 2784 2357 2839; x_wconf 89' lang='lat' dir='ltr'>secretae</span> <span class='ocrx_word' id='word_1_201' title='bbox 2413 2774 2705 2840; x_wconf 88' lang='lat' dir='ltr'>moderni</span> <span class='ocrx_word' id='word_1_202' title='bbox 2771 2774 2913 2839; x_wconf 90' lang='lat' dir='ltr'>aevi</span> 
     </span>
     <span class='ocr_line' id='line_1_22' title="bbox 269 2875 2913 2964; baseline 0 -25"><span class='ocrx_word' id='word_1_203' title='bbox 269 2878 578 2943; x_wconf 86' lang='lat' dir='ltr'>societates</span> <span class='ocrx_word' id='word_1_204' title='bbox 628 2877 935 2943; x_wconf 85' lang='lat' dir='ltr'>acerrime</span> <span class='ocrx_word' id='word_1_205' title='bbox 984 2876 1315 2942; x_wconf 85' lang='lat' dir='ltr'>seminaria</span> <span class='ocrx_word' id='word_1_206' title='bbox 1351 2886 1746 2964; x_wconf 86' lang='lat' dir='ltr'>oppugnant.</span> <span class='ocrx_word' id='word_1_207' title='bbox 1785 2913 1828 2924; x_wconf 94' lang='lat'>-</span> <span class='ocrx_word' id='word_1_208' title='bbox 1866 2878 2012 2943; x_wconf 91' lang='grc'><strong>118.</strong></span> <span class='ocrx_word' id='word_1_209' title='bbox 2052 2876 2353 2943; x_wconf 89' lang='lat' dir='ltr'>Nonnulli</span> <span class='ocrx_word' id='word_1_210' title='bbox 2392 2897 2426 2943; x_wconf 93' lang='lat' dir='ltr'>e</span> <span class='ocrx_word' id='word_1_211' title='bbox 2458 2876 2743 2942; x_wconf 88' lang='lat' dir='ltr'>Patribus</span> <span class='ocrx_word' id='word_1_212' title='bbox 2776 2875 2913 2941; x_wconf 89' lang='lat' dir='ltr'>Tri-</span> 
     </span>
     <span class='ocr_line' id='line_1_23' title="bbox 273 2979 2916 3072; baseline 0.002 -28"><span class='ocrx_word' id='word_1_213' title='bbox 273 2979 529 3072; x_wconf 77' lang='lat' dir='ltr'>dentinis</span> <span class='ocrx_word' id='word_1_214' title='bbox 576 2979 1008 3057; x_wconf 85' lang='lat' dir='ltr'>autumabant,</span> <span class='ocrx_word' id='word_1_215' title='bbox 1065 2989 1292 3044; x_wconf 89' lang='lat' dir='ltr'>tantam</span> <span class='ocrx_word' id='word_1_216' title='bbox 1345 2998 1478 3045; x_wconf 85' lang='lat' dir='ltr'>esse</span> <span class='ocrx_word' id='word_1_217' title='bbox 1527 2980 1868 3046; x_wconf 87' lang='lat' dir='ltr'>utilitatem</span> <span class='ocrx_word' id='word_1_218' title='bbox 1915 2979 2154 3047; x_wconf 88' lang='lat' dir='ltr'>decreti</span> <span class='ocrx_word' id='word_1_219' title='bbox 2213 2981 2372 3045; x_wconf 88' lang='lat' dir='ltr'>circa</span> <span class='ocrx_word' id='word_1_220' title='bbox 2417 2980 2787 3059; x_wconf 89' lang='lat' dir='ltr'>seminaria,</span> <span class='ocrx_word' id='word_1_221' title='bbox 2842 2991 2916 3048; x_wconf 90' lang='lat' dir='ltr'>ut</span> 
     </span>
     <span class='ocr_line' id='line_1_24' title="bbox 277 3082 2913 3171; baseline 0.002 -25"><span class='ocrx_word' id='word_1_222' title='bbox 277 3082 501 3149; x_wconf 86' lang='lat' dir='ltr'>labores</span> <span class='ocrx_word' id='word_1_223' title='bbox 551 3102 772 3150; x_wconf 89' lang='lat' dir='ltr'>omnes</span> <span class='ocrx_word' id='word_1_224' title='bbox 819 3084 938 3150; x_wconf 91' lang='lat' dir='ltr'>hoc</span> <span class='ocrx_word' id='word_1_225' title='bbox 990 3103 1185 3149; x_wconf 90' lang='lat' dir='ltr'>unum</span> <span class='ocrx_word' id='word_1_226' title='bbox 1234 3103 1646 3171; x_wconf 85' lang='lat' dir='ltr'>compensare</span> <span class='ocrx_word' id='word_1_227' title='bbox 1695 3084 2010 3150; x_wconf 88' lang='lat' dir='ltr'>dicerent.</span> <span class='ocrx_word' id='word_1_228' title='bbox 2044 3121 2087 3133; x_wconf 97' lang='lat'><em>-</em></span> <span class='ocrx_word' id='word_1_229' title='bbox 2124 3087 2270 3151; x_wconf 82' lang='lat'>119.</span> <span class='ocrx_word' id='word_1_230' title='bbox 2328 3083 2626 3151; x_wconf 80' lang='lat' dir='ltr'>Refertur</span> <span class='ocrx_word' id='word_1_231' title='bbox 2671 3085 2913 3170; x_wconf 88' lang='lat' dir='ltr'>princi-</span> 
     </span>
     <span class='ocr_line' id='line_1_25' title="bbox 271 3185 2914 3275; baseline 0.002 -24"><span class='ocrx_word' id='word_1_232' title='bbox 271 3187 409 3270; x_wconf 87' lang='lat' dir='ltr'>palis</span> <span class='ocrx_word' id='word_1_233' title='bbox 453 3186 644 3253; x_wconf 87' lang='lat' dir='ltr'>huius</span> <span class='ocrx_word' id='word_1_234' title='bbox 690 3186 928 3253; x_wconf 89' lang='lat' dir='ltr'>decreti</span> <span class='ocrx_word' id='word_1_235' title='bbox 982 3208 1146 3275; x_wconf 88' lang='lat' dir='ltr'>pars.</span> <span class='ocrx_word' id='word_1_236' title='bbox 1177 3224 1219 3236; x_wconf 92' lang='lat'>-</span> <span class='ocrx_word' id='word_1_237' title='bbox 1256 3191 1401 3253; x_wconf 88' lang='grc'><strong>120.</strong></span> <span class='ocrx_word' id='word_1_238' title='bbox 1440 3190 1633 3265; x_wconf 86' lang='lat' dir='ltr'>Quam</span> <span class='ocrx_word' id='word_1_239' title='bbox 1683 3186 1972 3272; x_wconf 89' lang='lat' dir='ltr'>impense</span> <span class='ocrx_word' id='word_1_240' title='bbox 2007 3205 2125 3272; x_wconf 90' lang='lat' dir='ltr'>pro</span> <span class='ocrx_word' id='word_1_241' title='bbox 2160 3187 2452 3254; x_wconf 86' lang='lat' dir='ltr'>eiusdem</span> <span class='ocrx_word' id='word_1_242' title='bbox 2501 3185 2914 3255; x_wconf 82' lang='lat' dir='ltr'>exsecutione</span> 
     </span>
     <span class='ocr_line' id='line_1_26' title="bbox 272 3289 2907 3376; baseline 0 -22"><span class='ocrx_word' id='word_1_243' title='bbox 272 3289 659 3357; x_wconf 85' lang='lat' dir='ltr'>elaborarunt</span> <span class='ocrx_word' id='word_1_244' title='bbox 707 3292 950 3358; x_wconf 89' lang='lat' dir='ltr'>Summi</span> <span class='ocrx_word' id='word_1_245' title='bbox 1009 3290 1378 3369; x_wconf 69' lang='lat' dir='ltr'>Pontifices»,</span> <span class='ocrx_word' id='word_1_246' title='bbox 1430 3294 1808 3376; x_wconf 89' lang='lat' dir='ltr'>praesertim</span> <span class='ocrx_word' id='word_1_247' title='bbox 1858 3290 2099 3358; x_wconf 87' lang='lat' dir='ltr'>Bened.</span> <span class='ocrx_word' id='word_1_248' title='bbox 2155 3291 2311 3356; x_wconf 83' lang='lat' dir='ltr'>XIII.</span> <span class='ocrx_word' id='word_1_249' title='bbox 2367 3290 2431 3355; x_wconf 88' lang='lat' dir='ltr'>in</span> <span class='ocrx_word' id='word_1_250' title='bbox 2477 3309 2586 3356; x_wconf 89' lang='lat' dir='ltr'>sua</span> <span class='ocrx_word' id='word_1_251' title='bbox 2636 3291 2907 3358; x_wconf 89' lang='lat' dir='ltr'>Constit.</span> 
     </span>
     <span class='ocr_line' id='line_1_27' title="bbox 277 3394 2918 3482; baseline 0.002 -25"><span class='ocrx_word' id='word_1_252' title='bbox 277 3394 550 3459; x_wconf 76' lang='lat' dir='ltr'>creditae</span> <span class='ocrx_word' id='word_1_253' title='bbox 598 3395 796 3460; x_wconf 77' lang='lat' dir='ltr'>nobis.</span> <span class='ocrx_word' id='word_1_254' title='bbox 850 3431 892 3443; x_wconf 90' lang='lat'>-</span> <span class='ocrx_word' id='word_1_255' title='bbox 945 3398 1095 3460; x_wconf 91' lang='grc'><strong>121.</strong></span> <span class='ocrx_word' id='word_1_256' title='bbox 1147 3396 1555 3480; x_wconf 78' lang='lat' dir='ltr'>praecipuam</span> <span class='ocrx_word' id='word_1_257' title='bbox 1620 3394 1796 3462; x_wconf 77' lang='lat' dir='ltr'>ssmi</span> <span class='ocrx_word' id='word_1_258' title='bbox 1861 3397 1933 3459; x_wconf 91' lang='lat' dir='ltr'>D.</span> <span class='ocrx_word' id='word_1_259' title='bbox 1988 3398 2062 3461; x_wconf 94' lang='lat' dir='ltr'>N.</span> <span class='ocrx_word' id='word_1_260' title='bbox 2117 3413 2329 3460; x_wconf 88' lang='lat' dir='ltr'>curam</span> <span class='ocrx_word' id='word_1_261' title='bbox 2388 3413 2535 3482; x_wconf 89' lang='lat' dir='ltr'>erga</span> <span class='ocrx_word' id='word_1_262' title='bbox 2582 3395 2918 3462; x_wconf 87' lang='lat' dir='ltr'>seminaria</span> 
     </span>
     <span class='ocr_line' id='line_1_28' title="bbox 270 3496 2914 3587; baseline 0.002 -27"><span class='ocrx_word' id='word_1_263' title='bbox 270 3513 388 3561; x_wconf 87' lang='lat' dir='ltr'>esse</span> <span class='ocrx_word' id='word_1_264' title='bbox 432 3496 781 3564; x_wconf 84' lang='lat' dir='ltr'>ostendunt</span> <span class='ocrx_word' id='word_1_265' title='bbox 827 3496 1238 3564; x_wconf 86' lang='lat' dir='ltr'>seminarium</span> <span class='ocrx_word' id='word_1_266' title='bbox 1290 3498 1791 3587; x_wconf 80' lang='lat' dir='ltr'>senogalliense,</span> <span class='ocrx_word' id='word_1_267' title='bbox 1844 3518 1911 3562; x_wconf 89' lang='lat' dir='ltr'>ac</span> <span class='ocrx_word' id='word_1_268' title='bbox 1958 3498 2370 3564; x_wconf 87' lang='lat' dir='ltr'>seminarium</span> <span class='ocrx_word' id='word_1_269' title='bbox 2417 3498 2599 3564; x_wconf 88' lang='lat' dir='ltr'>Pium</span> <span class='ocrx_word' id='word_1_270' title='bbox 2652 3518 2730 3564; x_wconf 83' lang='lat' dir='ltr'>ex</span> <span class='ocrx_word' id='word_1_271' title='bbox 2779 3498 2914 3564; x_wconf 82' lang='lat' dir='ltr'>eius</span> 
     </span>
     <span class='ocr_line' id='line_1_29' title="bbox 270 3599 2917 3687; baseline 0.002 -23"><span class='ocrx_word' id='word_1_272' title='bbox 270 3599 682 3667; x_wconf 82' lang='lat' dir='ltr'>munificentia</span> <span class='ocrx_word' id='word_1_273' title='bbox 729 3612 1117 3687; x_wconf 86' lang='lat' dir='ltr'>sumptuque</span> <span class='ocrx_word' id='word_1_274' title='bbox 1168 3601 1451 3667; x_wconf 77' lang='lat' dir='ltr'>funditus</span> <span class='ocrx_word' id='word_1_275' title='bbox 1500 3611 1835 3679; x_wconf 80' lang='lat' dir='ltr'>erectum3</span> <span class='ocrx_word' id='word_1_276' title='bbox 1886 3600 2133 3686; x_wconf 89' lang='lat' dir='ltr'>aliaque</span> <span class='ocrx_word' id='word_1_277' title='bbox 2169 3602 2364 3667; x_wconf 89' lang='lat' dir='ltr'>multa</span> <span class='ocrx_word' id='word_1_278' title='bbox 2398 3603 2626 3668; x_wconf 90' lang='lat' dir='ltr'>eodem</span> <span class='ocrx_word' id='word_1_279' title='bbox 2660 3602 2917 3687; x_wconf 86' lang='lat' dir='ltr'>auspice</span> 
     </span>
     <span class='ocr_line' id='line_1_30' title="bbox 274 3698 2915 3790; baseline 0.003 -27"><span class='ocrx_word' id='word_1_280' title='bbox 274 3698 529 3769; x_wconf 79' lang='lat' dir='ltr'>fundata.</span> <span class='ocrx_word' id='word_1_281' title='bbox 582 3740 624 3752; x_wconf 93' lang='lat'>-</span> <span class='ocrx_word' id='word_1_282' title='bbox 677 3706 827 3768; x_wconf 92' lang='grc'><strong>122.</strong></span> <span class='ocrx_word' id='word_1_283' title='bbox 881 3705 1100 3788; x_wconf 87' lang='lat' dir='ltr'>Neque</span> <span class='ocrx_word' id='word_1_284' title='bbox 1149 3706 1396 3769; x_wconf 91' lang='lat' dir='ltr'>minore</span> <span class='ocrx_word' id='word_1_285' title='bbox 1444 3703 1656 3770; x_wconf 89' lang='lat' dir='ltr'>studio</span> <span class='ocrx_word' id='word_1_286' title='bbox 1707 3724 1813 3769; x_wconf 89' lang='lat' dir='ltr'>usa</span> <span class='ocrx_word' id='word_1_287' title='bbox 1862 3714 1979 3783; x_wconf 90' lang='lat' dir='ltr'>est,</span> <span class='ocrx_word' id='word_1_288' title='bbox 2032 3704 2366 3790; x_wconf 86' lang='lat' dir='ltr'>utiturque</span> <span class='ocrx_word' id='word_1_289' title='bbox 2416 3708 2477 3772; x_wconf 94' lang='lat' dir='ltr'>S.</span> <span class='ocrx_word' id='word_1_290' title='bbox 2523 3707 2592 3770; x_wconf 92' lang='lat' dir='ltr'>C.</span> <span class='ocrx_word' id='word_1_291' title='bbox 2642 3707 2839 3771; x_wconf 89' lang='lat' dir='ltr'>Conc.</span> <span class='ocrx_word' id='word_1_292' title='bbox 2872 3741 2915 3753; x_wconf 97' lang='lat'><em>-</em></span> 
     </span>
     <span class='ocr_line' id='line_1_31' title="bbox 277 3805 2915 3895; baseline 0.003 -29"><span class='ocrx_word' id='word_1_293' title='bbox 277 3805 416 3869; x_wconf 87' lang='grc'><strong>123.</strong></span> <span class='ocrx_word' id='word_1_294' title='bbox 464 3809 663 3871; x_wconf 87' lang='lat' dir='ltr'>Locus</span> <span class='ocrx_word' id='word_1_295' title='bbox 714 3805 1026 3873; x_wconf 85' lang='lat' dir='ltr'>excitandi</span> <span class='ocrx_word' id='word_1_296' title='bbox 1074 3807 1392 3873; x_wconf 87' lang='lat' dir='ltr'>seminarii</span> <span class='ocrx_word' id='word_1_297' title='bbox 1442 3808 1650 3892; x_wconf 88' lang='lat' dir='ltr'>aptior</span> <span class='ocrx_word' id='word_1_298' title='bbox 1697 3821 1791 3874; x_wconf 91' lang='lat' dir='ltr'>est</span> <span class='ocrx_word' id='word_1_299' title='bbox 1840 3809 1984 3885; x_wconf 85' lang='lat' dir='ltr'>ille,</span> <span class='ocrx_word' id='word_1_300' title='bbox 2053 3807 2161 3894; x_wconf 88' lang='lat' dir='ltr'>qui</span> <span class='ocrx_word' id='word_1_301' title='bbox 2224 3827 2429 3895; x_wconf 90' lang='lat' dir='ltr'>prope</span> <span class='ocrx_word' id='word_1_302' title='bbox 2484 3806 2915 3874; x_wconf 87' lang='lat' dir='ltr'>cathedralem</span> 
     </span>
     <span class='ocr_line' id='line_1_32' title="bbox 267 3904 2914 3999; baseline 0.004 -32"><span class='ocrx_word' id='word_1_303' title='bbox 267 3904 414 3971; x_wconf 85' lang='lat' dir='ltr'>situs</span> <span class='ocrx_word' id='word_1_304' title='bbox 444 3910 537 3973; x_wconf 87' lang='lat' dir='ltr'>sit.</span> <span class='ocrx_word' id='word_1_305' title='bbox 575 3947 619 3958; x_wconf 96' lang='lat'><em>-</em></span> <span class='ocrx_word' id='word_1_306' title='bbox 655 3913 808 3975; x_wconf 75' lang='grc'><strong>124.</strong></span> <span class='ocrx_word' id='word_1_307' title='bbox 860 3912 927 3974; x_wconf 91' lang='lat' dir='ltr'>ln</span> <span class='ocrx_word' id='word_1_308' title='bbox 974 3909 1217 3976; x_wconf 87' lang='lat' dir='ltr'>duabus</span> <span class='ocrx_word' id='word_1_309' title='bbox 1251 3909 1647 3977; x_wconf 83' lang='lat' dir='ltr'>dioecesibus</span> <span class='ocrx_word' id='word_1_310' title='bbox 1688 3930 1893 3996; x_wconf 86' lang='lat' dir='ltr'>aeque</span> <span class='ocrx_word' id='word_1_311' title='bbox 1944 3911 2382 3999; x_wconf 84' lang='lat' dir='ltr'>principaliter</span> <span class='ocrx_word' id='word_1_312' title='bbox 2414 3911 2632 3987; x_wconf 81' lang='lat' dir='ltr'>unitis,</span> <span class='ocrx_word' id='word_1_313' title='bbox 2671 3909 2914 3996; x_wconf 82' lang='lat' dir='ltr'>duplex</span> 
     </span>
     <span class='ocr_line' id='line_1_33' title="bbox 272 4011 2915 4099; baseline 0.003 -27"><span class='ocrx_word' id='word_1_314' title='bbox 272 4022 356 4073; x_wconf 88' lang='lat' dir='ltr'>est</span> <span class='ocrx_word' id='word_1_315' title='bbox 397 4013 798 4078; x_wconf 87' lang='lat' dir='ltr'>seminarium</span> <span class='ocrx_word' id='word_1_316' title='bbox 835 4011 1239 4099; x_wconf 89' lang='lat' dir='ltr'>erigendum.</span> <span class='ocrx_word' id='word_1_317' title='bbox 1276 4048 1318 4061; x_wconf 92' lang='lat'>-</span> <span class='ocrx_word' id='word_1_318' title='bbox 1355 4015 1505 4081; x_wconf 90' lang='grc'><strong>125.</strong></span> <span class='ocrx_word' id='word_1_319' title='bbox 1541 4012 1601 4081; x_wconf 92' lang='lat' dir='ltr'>Si</span> <span class='ocrx_word' id='word_1_320' title='bbox 1642 4025 1851 4080; x_wconf 91' lang='lat' dir='ltr'>tamen</span> <span class='ocrx_word' id='word_1_321' title='bbox 1881 4014 2154 4082; x_wconf 85' lang='lat' dir='ltr'>subsidia</span> <span class='ocrx_word' id='word_1_322' title='bbox 2189 4014 2422 4090; x_wconf 87' lang='lat' dir='ltr'>desint,</span> <span class='ocrx_word' id='word_1_323' title='bbox 2460 4013 2915 4080; x_wconf 88' lang='lat' dir='ltr'>adolescentuli</span> 
     </span>
     <span class='ocr_line' id='line_1_34' title="bbox 271 4110 2908 4186; baseline 0.003 -11"><span class='ocrx_word' id='word_1_324' title='bbox 271 4110 560 4180; x_wconf 82' lang='lat' dir='ltr'>dioecesis</span> <span class='ocrx_word' id='word_1_325' title='bbox 605 4116 946 4181; x_wconf 88' lang='lat' dir='ltr'>seminario</span> <span class='ocrx_word' id='word_1_326' title='bbox 995 4117 1265 4181; x_wconf 86' lang='lat' dir='ltr'>carentis</span> <span class='ocrx_word' id='word_1_327' title='bbox 1311 4117 1389 4183; x_wconf 90' lang='lat' dir='ltr'>ad</span> <span class='ocrx_word' id='word_1_328' title='bbox 1433 4119 1846 4185; x_wconf 88' lang='lat' dir='ltr'>seminarium</span> <span class='ocrx_word' id='word_1_329' title='bbox 1895 4121 2151 4186; x_wconf 87' lang='lat' dir='ltr'>alterius</span> <span class='ocrx_word' id='word_1_330' title='bbox 2201 4121 2501 4186; x_wconf 87' lang='lat' dir='ltr'>ecclesiae</span> <span class='ocrx_word' id='word_1_331' title='bbox 2548 4119 2908 4184; x_wconf 89' lang='lat' dir='ltr'>mittantur.</span> 
     </span>
     <span class='ocr_line' id='line_1_35' title="bbox 270 4215 2912 4309; baseline 0.003 -29"><span class='ocrx_word' id='word_1_332' title='bbox 270 4215 673 4282; x_wconf 80' lang='lat' dir='ltr'>Seminarium</span> <span class='ocrx_word' id='word_1_333' title='bbox 711 4218 869 4304; x_wconf 88' lang='lat' dir='ltr'>erigi</span> <span class='ocrx_word' id='word_1_334' title='bbox 903 4217 1094 4284; x_wconf 91' lang='lat' dir='ltr'>debet</span> <span class='ocrx_word' id='word_1_335' title='bbox 1127 4219 1314 4285; x_wconf 89' lang='lat' dir='ltr'>etiam</span> <span class='ocrx_word' id='word_1_336' title='bbox 1352 4219 1415 4285; x_wconf 90' lang='lat' dir='ltr'>in</span> <span class='ocrx_word' id='word_1_337' title='bbox 1450 4221 1727 4286; x_wconf 89' lang='lat' dir='ltr'>ecclesiis</span> <span class='ocrx_word' id='word_1_338' title='bbox 1762 4222 2195 4289; x_wconf 88' lang='lat' dir='ltr'>abbatialibus.</span> <span class='ocrx_word' id='word_1_339' title='bbox 2234 4258 2277 4271; x_wconf 93' lang='lat'><em>—</em></span> <span class='ocrx_word' id='word_1_340' title='bbox 2315 4226 2459 4289; x_wconf 85' lang='grc'><strong>126.</strong></span> <span class='ocrx_word' id='word_1_341' title='bbox 2500 4223 2562 4289; x_wconf 91' lang='lat' dir='ltr'>Si</span> <span class='ocrx_word' id='word_1_342' title='bbox 2601 4222 2664 4288; x_wconf 83' lang='lat' dir='ltr'>in</span> <span class='ocrx_word' id='word_1_343' title='bbox 2696 4224 2912 4309; x_wconf 85' lang='lat' dir='ltr'>singu·</span> 
     </span>
     <span class='ocr_line' id='line_1_36' title="bbox 271 4317 2914 4414; baseline 0.005 -33"><span class='ocrx_word' id='word_1_344' title='bbox 271 4317 341 4383; x_wconf 88' lang='lat' dir='ltr'>lis</span> <span class='ocrx_word' id='word_1_345' title='bbox 373 4321 639 4386; x_wconf 87' lang='lat' dir='ltr'>ecclesiis</span> <span class='ocrx_word' id='word_1_346' title='bbox 686 4324 1100 4388; x_wconf 88' lang='lat' dir='ltr'>seminarium</span> <span class='ocrx_word' id='word_1_347' title='bbox 1149 4324 1308 4411; x_wconf 86' lang='lat' dir='ltr'>erigi</span> <span class='ocrx_word' id='word_1_348' title='bbox 1360 4337 1661 4408; x_wconf 90' lang='lat' dir='ltr'>nequeat,</span> <span class='ocrx_word' id='word_1_349' title='bbox 1715 4326 1996 4414; x_wconf 84' lang='lat' dir='ltr'>erigatur</span> <span class='ocrx_word' id='word_1_350' title='bbox 2028 4345 2253 4404; x_wconf 90' lang='lat' dir='ltr'>unum,</span> <span class='ocrx_word' id='word_1_351' title='bbox 2306 4336 2370 4392; x_wconf 90' lang='lat' dir='ltr'>et</span> <span class='ocrx_word' id='word_1_352' title='bbox 2419 4325 2608 4392; x_wconf 89' lang='lat' dir='ltr'>etiam</span> <span class='ocrx_word' id='word_1_353' title='bbox 2641 4329 2914 4394; x_wconf 89' lang='lat' dir='ltr'>alterum</span> 
     </span>
     <span class='ocr_line' id='line_1_37' title="bbox 271 4425 2915 4516; baseline 0.005 -32"><span class='ocrx_word' id='word_1_354' title='bbox 271 4440 591 4491; x_wconf 89' lang='lat' dir='ltr'>commune</span> <span class='ocrx_word' id='word_1_355' title='bbox 640 4425 705 4491; x_wconf 87' lang='lat' dir='ltr'>in</span> <span class='ocrx_word' id='word_1_356' title='bbox 751 4426 1105 4514; x_wconf 82' lang='lat' dir='ltr'>provincia.</span> <span class='ocrx_word' id='word_1_357' title='bbox 1157 4463 1199 4475; x_wconf 90' lang='lat'>-</span> <span class='ocrx_word' id='word_1_358' title='bbox 1251 4430 1396 4492; x_wconf 90' lang='grc'><strong>127.</strong></span> <span class='ocrx_word' id='word_1_359' title='bbox 1451 4430 1518 4493; x_wconf 91' lang='lat' dir='ltr'>ln</span> <span class='ocrx_word' id='word_1_360' title='bbox 1568 4427 2033 4513; x_wconf 77' lang='lat' dir='ltr'>Melphictana,</span> <span class='ocrx_word' id='word_1_361' title='bbox 2091 4427 2196 4494; x_wconf 90' lang='lat' dir='ltr'>ubi</span> <span class='ocrx_word' id='word_1_362' title='bbox 2256 4440 2524 4516; x_wconf 89' lang='lat' dir='ltr'>propter</span> <span class='ocrx_word' id='word_1_363' title='bbox 2586 4429 2915 4496; x_wconf 88' lang='lat' dir='ltr'>redituum</span> 
     </span>
     <span class='ocr_line' id='line_1_38' title="bbox 272 4525 2915 4619; baseline 0.005 -32"><span class='ocrx_word' id='word_1_364' title='bbox 272 4525 627 4593; x_wconf 87' lang='lat' dir='ltr'>tenuitatem</span> <span class='ocrx_word' id='word_1_365' title='bbox 674 4528 1086 4596; x_wconf 90' lang='lat' dir='ltr'>seminarium</span> <span class='ocrx_word' id='word_1_366' title='bbox 1135 4529 1295 4619; x_wconf 85' lang='lat' dir='ltr'>erigi</span> <span class='ocrx_word' id='word_1_367' title='bbox 1345 4549 1473 4595; x_wconf 92' lang='lat' dir='ltr'>non</span> <span class='ocrx_word' id='word_1_368' title='bbox 1502 4540 1780 4617; x_wconf 88' lang='lat' dir='ltr'>poterat,</span> <span class='ocrx_word' id='word_1_369' title='bbox 1835 4537 1898 4600; x_wconf 90' lang='lat' dir='ltr'>S.</span> <span class='ocrx_word' id='word_1_370' title='bbox 1939 4534 2007 4597; x_wconf 89' lang='lat' dir='ltr'>C.</span> <span class='ocrx_word' id='word_1_371' title='bbox 2048 4526 2360 4609; x_wconf 79' lang='lat' dir='ltr'>decrevit,</span> <span class='ocrx_word' id='word_1_372' title='bbox 2399 4533 2915 4600; x_wconf 90' lang='lat' dir='ltr'>constituendum</span> 
     </span>
     <span class='ocr_line' id='line_1_39' title="bbox 269 4627 2915 4720; baseline 0.004 -30"><span class='ocrx_word' id='word_1_373' title='bbox 269 4627 625 4714; x_wconf 83' lang='lat' dir='ltr'>magistrum</span> <span class='ocrx_word' id='word_1_374' title='bbox 673 4651 874 4698; x_wconf 90' lang='lat' dir='ltr'>unum</span> <span class='ocrx_word' id='word_1_375' title='bbox 923 4633 1363 4720; x_wconf 85' lang='lat' dir='ltr'>grammaticae</span> <span class='ocrx_word' id='word_1_376' title='bbox 1413 4644 1475 4699; x_wconf 88' lang='lat' dir='ltr'>et</span> <span class='ocrx_word' id='word_1_377' title='bbox 1522 4635 1796 4700; x_wconf 84' lang='lat' dir='ltr'>alterum</span> <span class='ocrx_word' id='word_1_378' title='bbox 1844 4633 2144 4703; x_wconf 86' lang='lat' dir='ltr'>musicae.</span> <span class='ocrx_word' id='word_1_379' title='bbox 2182 4673 2225 4684; x_wconf 91' lang='grc'>-</span> <span class='ocrx_word' id='word_1_380' title='bbox 2261 4640 2409 4703; x_wconf 89' lang='grc'><strong>128.</strong></span> <span class='ocrx_word' id='word_1_381' title='bbox 2448 4635 2915 4704; x_wconf 85' lang='lat' dir='ltr'>Beneficiorum</span> 
     </span>
     <span class='ocr_line' id='line_1_40' title="bbox 273 4729 2913 4826; baseline 0.004 -32"><span class='ocrx_word' id='word_1_382' title='bbox 273 4729 604 4801; x_wconf 82' lang='lat' dir='ltr'>taxationes</span> <span class='ocrx_word' id='word_1_383' title='bbox 649 4754 768 4823; x_wconf 90' lang='lat' dir='ltr'>pro</span> <span class='ocrx_word' id='word_1_384' title='bbox 812 4735 1022 4804; x_wconf 84' lang='lat' dir='ltr'>schola</span> <span class='ocrx_word' id='word_1_385' title='bbox 1069 4754 1199 4804; x_wconf 89' lang='lat' dir='ltr'>non</span> <span class='ocrx_word' id='word_1_386' title='bbox 1243 4748 1393 4805; x_wconf 89' lang='lat' dir='ltr'>sunt</span> <span class='ocrx_word' id='word_1_387' title='bbox 1439 4735 1949 4826; x_wconf 86' lang='lat' dir='ltr'>permittendae,</span> <span class='ocrx_word' id='word_1_388' title='bbox 2001 4738 2123 4808; x_wconf 89' lang='lat' dir='ltr'>nisi</span> <span class='ocrx_word' id='word_1_389' title='bbox 2177 4739 2244 4807; x_wconf 89' lang='lat' dir='ltr'>in</span> <span class='ocrx_word' id='word_1_390' title='bbox 2291 4758 2370 4808; x_wconf 92' lang='lat' dir='ltr'>eo</span> <span class='ocrx_word' id='word_1_391' title='bbox 2418 4759 2601 4821; x_wconf 86' lang='lat' dir='ltr'>casu,</span> <span class='ocrx_word' id='word_1_392' title='bbox 2653 4738 2734 4809; x_wconf 90' lang='lat' dir='ltr'>de</span> <span class='ocrx_word' id='word_1_393' title='bbox 2783 4757 2913 4826; x_wconf 90' lang='lat' dir='ltr'>quo</span> 
     </span>
    </p>
   </div>
  </div>
 </body>
</html>
