3497 5235
526 336 647 401 532
1689 336 1956 412 Appendix
1989 339 2035 395 1.

530 476 791 548 veritas
842 475 1245 566 detegatur,
1289 480 1362 546 et
1413 474 1719 566 cognitio
1774 480 1923 545 tum
1981 473 2324 560 criminis,
2376 490 2536 545 cum
2591 473 2864 588 reitatis
2916 480 3042 545 aut
3095 474 3213 545 in·

534 587 904 660 nocentiae
959 587 1271 658 accusati
1323 592 1687 677 exsurgat.

673 693 842 767 XII.
900 693 1281 769 Processus
1336 697 1682 770 confectio
1754 697 2098 768 committi
2150 703 2390 786 potest
2439 696 2652 769 alicui
2703 696 2929 787 probo
2984 704 3204 786 atque

529 809 786 881 idoneo
837 809 1342 897 ecclesiasticO,
1403 810 1741 882 adstante
1797 810 2142 882 actuario.

681 916 886 991 XIII.
947 917 1347 1010 Unicuique
1387 921 1626 992 curiae
1679 939 1860 1012 opus
1913 926 2020 993 est
2070 927 2528 1011 procuratore
2581 921 2804 993 fiscali
2841 940 2972 1011 pro
3006 923 3216 993 iusti-

533 1032 675 1103 tiae
727 1037 796 1103 et
849 1031 1026 1123 legis
1085 1033 1330 1104 tutela.

680 1139 871 1214 XIV.
930 1140 1297 1225 Quatenus
1349 1163 1476 1235 pro
1529 1144 2106 1218 intimationibus
2160 1151 2284 1217 aut
2346 1144 2959 1219 notificationibus
3011 1146 3212 1218 haud

532 1263 819 1352 praesto
869 1257 962 1329 sit
1015 1275 1228 1350 opera
1283 1258 1773 1350 apparitorum
1827 1258 2110 1346 curiae,
2167 1258 2540 1348 suppletur
2592 1257 3037 1329 exhibitione
3091 1277 3214 1330 ea-

531 1369 854 1440 rumdem
891 1369 1247 1459 explenda
1284 1387 1410 1462 per
1464 1369 1949 1458 qualificatam
2006 1388 2412 1460 personam,
2455 1388 2641 1458 quae
2687 1369 2776 1441 de
2832 1370 3022 1441 facto
3056 1388 3215 1443 cer-

532 1481 780 1568 tioret3
837 1479 986 1552 sive
1041 1499 1161 1551 eas
1215 1480 1798 1570 transmittendO,
1858 1500 1990 1573 ope
2044 1482 2681 1561 commendationis
2716 1499 2941 1572 penes
2977 1481 3213 1553 tabel-

529 1591 865 1663 lariorum
903 1590 1240 1680 officium,
1301 1592 1442 1663 illis
1498 1594 1569 1663 in
1622 1593 1822 1681 locis,
1879 1594 1952 1663 in
2010 1592 2275 1682 quibus
2326 1593 2460 1665 hoc
2505 1593 2809 1664 invaluit
2861 1600 3202 1682 systema,

531 1702 980 1794 exposcendo
1033 1704 1244 1775 fidem
1300 1703 1787 1792 exhibitionis,
1845 1706 2273 1794 receptionis
2325 1711 2449 1777 aut
2501 1706 2808 1797 repudii.

681 1811 832 1885 XV.
888 1811 1092 1886 Basis
1144 1815 1309 1886 facti
1352 1816 1712 1887 criminosi
1767 1817 2101 1887 constitui
2140 1824 2374 1908 potest
2413 1835 2540 1908 per
2577 1817 3100 1907 expositionem
3135 1819 3208 1888 in

531 1945 864 2020 processu
900 1926 1252 2012 habitam,
1296 1927 1731 1999 authenticis
1768 1927 2173 1999 roboratam
2215 1927 2840 2000 informationibus
2877 1936 3008 2000 aut
3043 1946 3213 2000 con-

530 2041 964 2117 fessionibus
1017 2040 1712 2129 extraiudicialibus,
1756 2040 1864 2111 vel
1903 2042 2189 2112 testium
2228 2039 2821 2131 depositionibuS,
2858 2046 2929 2111 et
2968 2039 3207 2129 quoad

535 2155 825 2227 titulum
876 2153 1462 2244 transgressionis
1509 2153 1867 2242 praecepti
1905 2159 2184 2223 constat
2219 2171 2346 2243 per
2380 2170 2633 2224 novam
2689 2150 3204 2225 exhibitionem

532 2266 795 2338 decreti
851 2272 921 2337 et
975 2272 1179 2337 actus
1232 2263 1686 2351 indictioniS‚
1756 2263 2229 2355 perfectorum
2286 2264 2514 2336 modis
2567 2265 2966 2336 enuntiatis
3039 2264 3211 2336 arti-

534 2378 689 2449 culo
746 2372 904 2446 VII.
946 2383 1018 2448 et
1052 2372 1252 2457 vul,

678 2484 870 2558 XVI.
935 2489 1035 2559 Ad
1092 2489 1535 2559 retinendam
1596 2490 1669 2558 in
1720 2489 1957 2578 specie
2034 2488 2599 2578 culpabilitatem
2656 2493 2974 2563 accusati
3027 2509 3208 2582 opus

529 2606 635 2674 est
687 2599 1105 2691 probatione
1164 2600 1417 2692 legali,
1496 2620 1682 2690 quae
1744 2602 1912 2672 talia
1967 2600 2330 2673 continere
2384 2600 2598 2674 debet
2671 2602 3069 2690 elementa,
3127 2606 3208 2672 ut

526 2714 897 2786 veritatem
951 2714 1259 2801 evincat,
1305 2719 1428 2785 aut
1482 2713 1739 2784 saltem
1798 2713 2091 2784 inducat
2135 2713 2473 2784 moralem
2527 2714 3057 2801 certitudinem,
3098 2731 3206 2784 re-

530 2833 720 2898 moto
774 2827 848 2896 in
902 2827 1337 2897 contrarium
1396 2825 1645 2914 quovis
1699 2823 2112 2896 rationabili
2167 2823 2413 2895 dubio,

679 2933 905 3007 XVII.
964 2935 1342 3024 Personae,
1386 2956 1566 3027 quas
1621 2937 2036 3007 examinare
2090 2937 2451 3026 expediat,
2493 2954 2774 3027 semper
2809 2937 3210 3009 audiuntur

533 3050 945 3142 separatim.

681 3156 949 3234 XVIII.
1007 3157 1249 3233 Testes
1304 3161 1395 3231 ad
1447 3160 1975 3250 probationem,
2027 3167 2151 3231 aut
2208 3160 2299 3232 ad
2353 3159 2868 3248 defensionem,
2927 3162 3216 3250 quoties

533 3275 791 3366 legalia
847 3273 1214 3344 obstacula
1252 3271 1463 3366 ‚haud
1517 3271 1914 3360 obsistant,
1973 3271 2107 3342 sub
2166 3272 2565 3344 iuramento
2618 3273 2851 3344 audiri
2906 3271 3201 3358 debent,

536 3387 728 3478 quod
781 3385 1069 3456 extendi
1124 3379 1384 3475 potest,
1444 3385 1499 3454 si
1556 3402 1735 3473 opus
1791 3384 1908 3469 sit,
1967 3382 2057 3454 ad
2109 3381 2612 3472 obligationem
2667 3384 2953 3457 secreti.

683 3494 877 3567 XIX.
937 3492 1248 3567 Testium
1305 3494 1758 3581 absentium,
1821 3501 1944 3565 aut
1997 3495 2075 3564 in
2129 3495 2365 3565 aliena
2420 3494 2720 3566 dioecesi
2775 3496 3212 3566 morantium

533 3612 937 3703 exposcitur
990 3627 1291 3681 examen
1347 3609 1418 3678 in
1470 3606 1872 3678 subsidium
1928 3604 2018 3676 ab
2059 3607 2540 3678 ecclesiastica
2578 3607 2711 3678 loci
2749 3607 3196 3692 auctoritate,

532 3726 760 3798 eidem
815 3722 1362 3794 transmittendo
1400 3725 1860 3811 prospectum
1900 3717 2113 3806 facti3
2171 3725 2242 3790 et
2279 3720 2665 3790 auctoritas
2700 3719 3050 3807 requisita
3084 3735 3204 3808 pe·

530 3840 762 3913 titioni
817 3838 1229 3929 respondet,
1288 3836 1638 3907 servando
1694 3835 2091 3925 praesentis
2145 3834 2635 3906 instructionis
2685 3850 3006 3905 normas.

683 3948 837 4021 XX.
895 3947 1183 4031 Quoties
1240 3948 1644 4019 indicentur
1693 3952 1912 4017 testes
1950 3945 2039 4016 ob
2095 3947 2281 4017 facta
2320 3951 2445 4016 aut
2480 3946 2819 4017 adiuncta
2858 3944 3206 4016 essentia·-

531 4066 692 4137 liter
744 4064 945 4135 utilia
1001 4062 1248 4133 merito
1302 4079 1586 4146 causae,
1632 4060 1752 4148 qui
1794 4060 2103 4129 examini
2140 4058 2394 4128 subiici
2449 4063 2840 4147 nequeant,
2885 4075 2971 4128 eo
3011 4053 3198 4145 quod

534 4184 909 4249 censeatur
945 4175 1141 4246 haud
1180 4173 1586 4259 convenire,
1645 4178 1723 4242 ut
1778 4177 2144 4258 vocentur,
2190 4176 2314 4241 aut
2352 4171 2520 4259 quia
2556 4168 2783 4240 vocati
2842 4166 3191 4250 abnuant,

532 4290 797 4360 mentio
852 4287 1257 4359 eorumdem
1316 4285 1394 4355 lit
1447 4285 1521 4353 in
1575 4282 1883 4368 actibus,
1925 4287 1996 4352 et
2048 4288 2338 4352 curatur
2388 4280 2720 4373 supplere
2774 4297 3023 4351 eorum
3075 4278 3198 4348 de·

531 4399 796 4472 fectum
850 4417 976 4490 per
1029 4396 1508 4488 depositiones
1571 4394 1867 4465 aliorum
1923 4396 2238 4479 testium,
2297 4393 2416 4481 qui
2472 4392 2561 4462 de
2611 4392 2834 4463 relato
2888 4397 3012 4461 aut
3063 4389 3196 4460 alia

530 4511 803 4582 ratione
858 4510 1187 4582 noverint
1241 4508 1340 4594 id,
1400 4506 1590 4595 quod
1644 4505 2070 4595 exquiritur.

478 4635 483 4642 ”
677 4618 873 4691 XXI.
931 4619 1162 4701 Quum
1217 4619 1588 4691 collectum
1645 4618 1858 4689 fuerit
1916 4615 2266 4707 quidquid
2303 4633 2481 4708 opus
2533 4614 2623 4687 sit
2679 4613 2771 4684 ad
2823 4613 3089 4685 factum
3127 4616 3193 4682 et

532 4732 846 4803 accusati
871 4730 1576 4820 responsabilitatem
1607 4730 2210 4818 constituendam,
2245 4732 2535 4800 vocatur
2573 4728 2705 4800 iste
2735 4728 2825 4801 ad
2864 4745 3196 4801 examen.
