3497 5235
1071 296 1191 372 οι».
1221 299 1318 356 ιιι.
1356 297 1429 355 no
1469 296 1603 355 olm
1644 297 1914 356 mou-ri.
1955 297 2116 371 §.112
2804 294 2926 356 529

268 453 306 496 »
347 428 682 503 mandari.
712 429 942 500 iussit.
984 426 1368 502 Contrariis
1422 429 1993 521 quibuscumque
2029 438 2165 503 etc.
2210 429 2468 504 Datum
2507 449 2593 503 ex
2631 428 2701 502 S.
2745 428 2927 504 Con-

268 568 305 608 »
349 558 541 633 greg.
581 538 822 631 Episc.
867 547 937 612 et
971 538 1229 632 Regul.
1286 541 1423 613 hac
1476 543 1590 615 die
1650 544 1766 613 12.
1811 540 2015 614 Mart.
2064 544 2276 616 1840.
2315 567 2352 610 »

413 653 581 724 498.
643 650 885 724 Finem
938 654 1105 724 huic
1157 655 1456 726 articulo
1509 655 1968 745 imponimus,
2026 654 2289 727 additis
2341 655 2922 745 resolutionibus,

268 783 447 856 quas
500 762 574 835 S.
616 761 690 834 C.
730 762 969 857 Episc.
1011 773 1079 838 et
1132 763 1388 857 Regul.
1430 766 1653 838 edidit
1709 767 1785 837 in
1843 767 2170 855 sequenti
2209 784 2426 838 causa
2469 768 2927 842 castrimaris

272 876 493 968 Super
526 876 926 961 defensione
978 896 1357 949 causarum
1393 878 1714 969 aliisque.
1778 901 1816 943 <t
1856 874 1943 948 In
1980 896 2194 949 causa
2246 878 2602 966 Stabien.,
2642 898 2767 951 seu
2804 877 2931 951 Ca-

271 1013 309 1057 »
348 988 693 1059 strimaris
744 994 1065 1060 vertente
1119 989 1303 1061 inter
1350 1007 1495 1061 rev.
1538 986 1970 1082 Episcopum
2022 995 2093 1061 et
2144 991 2521 1061 canonicos
2557 991 2932 1062 cathedra-

272 1124 310 1167 »
351 1099 437 1171 lis
473 1099 814 1172 ecclesiae
841 1097 1280 1172 Castrimaris
1317 1118 1404 1172 ex
1440 1119 1611 1188 una,
1645 1108 1715 1173 et
1742 1100 2257 1172 ecclesiasticos
2293 1118 2681 1190 eorumque
2709 1101 2935 1192 depu-

271 1236 309 1276 »
350 1216 538 1282 tatos
574 1227 659 1281 ex
691 1209 912 1281 altera
940 1211 1265 1300 partibus
1303 1211 1390 1283 de
1426 1218 1496 1283 et
1535 1230 1748 1302 super
1784 1211 2256 1302 infrascriptis
2291 1210 2555 1301 dubiis,
2591 1230 2877 1302 nempe:

417 1315 478 1391 1.
539 1345 577 1389 ›
616 1318 729 1392 An
761 1321 972 1395 liceat
1023 1323 1521 1395 ecclesiasticis
1556 1322 2001 1396 Castrimaris
2037 1324 2358 1413 proprias
2395 1341 2676 1412 causaS‚
2711 1324 2936 1396 eccle-

273 1458 310 1501 »
352 1434 645 1520 siarum,
686 1451 1113 1525 pauperum,
1155 1454 1238 1507 ac
1273 1435 1784 1507 miserabilium
1838 1452 2302 1526 personarum
2341 1436 2525 1506 tueri
2579 1435 2653 1507 in
2706 1436 2935 1508 tribu-

272 1571 309 1611 »
352 1544 641 1617 nalibus
695 1545 1029 1617 laicorum
1085 1547 1163 1618 in
1214 1544 1432 1619 casu?
1486 1543 1577 1619 Et
1630 1554 1987 1637 quatenus
2038 1542 2408 1639 Negative,

417 1653 519 1727 II.
580 1681 618 1725 ›
658 1658 767 1729 An
819 1660 1094 1748 possint
1146 1677 1354 1750 agere
1407 1661 1516 1730 vel
1569 1677 1978 1751 comparere
2023 1677 2151 1749 per
2199 1677 2301 1747 se,
2344 1658 2451 1730 vel
2507 1677 2631 1750 per
2683 1677 2938 1750 procu-

273 1795 311 1839 »
351 1774 623 1841 ratores
675 1770 751 1841 in
801 1770 1010 1842 dictis
1061 1770 1547 1842 tribunalibus
1598 1790 1725 1861 pro
1765 1789 2009 1842 eorum
2046 1770 2279 1842 causis
2316 1770 2649 1843 civilibus
2686 1773 2936 1845 activis

277 1909 315 1952 »
358 1887 602 1954 contra
654 1882 872 1954 laicos
926 1881 1201 1972 absque
1254 1882 1543 1955 licentia
1596 1882 1930 1975 Episcopi
1986 1886 2058 1954 in
2108 1878 2328 1954 casu?

423 1989 560 2063 111.
621 2018 658 2061 »
701 1991 809 2063 An
859 1994 1215 2083 simplices
1249 1994 1652 2067 sacerdotes
1688 1996 1840 2087 cogi
1894 1996 2170 2086 possint
2221 1994 2313 2066 ad
2367 1995 2938 2068 interessendum

281 2133 318 2173 ι
361 2114 433 2178 et
487 2106 965 2177 assistendum
1019 2105 1504 2178 functionibus
1555 2108 2079 2196 ecclesiasticiS,
2120 2126 2307 2197 quae
2343 2109 2525 2181 fiunt
2569 2110 2642 2180 in
2696 2110 2941 2181 cathe-

281 2245 319 2285 )
360 2218 545 2290 drali
611 2235 739 2307 per
788 2214 1217 2308 Episcopum
1269 2226 1342 2290 et
1393 2222 1772 2291 canonicos
1825 2220 1917 2291 ad
1970 2220 2264 2291 formam
2319 2220 2534 2292 edicti
2586 2222 2659 2292 in
2713 2218 2938 2294 casu?

424 2327 550 2400 IV.
609 2356 647 2396 ιι
689 2325 794 2398 An
831 2330 925 2400 sit
959 2329 1374 2402 tolerandus
1408 2332 1809 2421 presbyter,
1852 2332 1974 2420 qui
2026 2331 2160 2402 sub
2199 2334 2486 2404 nomine
2525 2333 2787 2405 fiscalis
2825 2353 2936 2404 as-

281 2469 319 2512 »
360 2444 569 2513 sistat
620 2442 697 2512 in
748 2441 987 2528 choro,
1029 2442 1389 2514 canonicis
1442 2450 1514 2514 et
1547 2442 1705 2514 aliis
1742 2444 1831 2514 de
1869 2443 2258 2515 cathedrali
2298 2443 2537 2514 divina
2589 2461 2940 2535 peragen-

281 2577 321 2621 ›
360 2553 553 2627 tibus
606 2553 683 2624 in
736 2547 951 2625 casu?

423 2662 508 2736 V.
569 2691 606 2732 »
656 2665 756 2736 An
809 2666 1044 2737 clerici
1110 2667 1340 2739 dictae
1410 2668 1717 2740 civitatis
1787 2672 2169 2740 teneantur
2238 2668 2555 2757 quotidie
2610 2670 2944 2744 assistere

283 2804 321 2847 »
362 2778 624 2849 divinis
677 2777 954 2866 officiiS,
1012 2797 1198 2867 quae
1250 2787 1690 2869 peraguntur
1743 2781 1816 2851 in
1872 2778 2266 2850 cathedrali
2317 2781 2392 2849 in
2446 2773 2667 2850 casu?

430 2886 552 2959 vl.
614 2915 652 2955 ι»
700 2890 801 2959 An
855 2888 945 2960 ad
999 2889 1260 2961 dictam
1301 2891 1781 2962 assistentiam
1818 2893 1970 2982 cogi
2006 2892 2280 2981 possint
2313 2909 2537 2981 poena
2601 2881 2944 2962 librarum

284 3037 322 3077 »
365 3009 582 3081 trium
634 3024 861 3089 cerae,
921 3007 1222 3095 aliisque
1274 3006 1525 3095 poenis
1579 3004 1873 3076 arbitrio
1927 3001 2258 3094 Episcopi
2309 3005 2382 3074 in
2438 2996 2658 3074 casu?

437 3114 598 3187 VII.
658 3142 696 3185 ι
745 3116 845 3188 An
896 3118 1254 3209 simplices
1304 3118 1705 3189 sacerdotes
1743 3135 1888 3188 non
1927 3115 2337 3188 confessarii
2390 3120 2460 3186 et
2514 3114 2748 3185 clerici
2792 3113 2947 3204 cogi

285 3256 325 3299 ι
366 3231 641 3322 possint
696 3231 943 3319 poenis
996 3229 1451 3319 pecuniariis,
1509 3229 1855 3315 censuris,
1898 3228 2197 3317 aliisque
2234 3227 2482 3317 poenis
2519 3226 2609 3297 ad
2652 3225 2953 3296 interes-

285 3368 324 3411 »
364 3342 667 3412 sendum
723 3339 1178 3411 conserentiis
1215 3358 1507 3410 casuum
1550 3339 2054 3427 conscientiae,
2098 3356 2281 3428 quae
2319 3338 2504 3409 fiunt
2541 3338 2614 3408 in
2655 3335 2947 3426 collegio

286 3480 326 3520 ι»
367 3450 739 3523 Societatis
791 3448 956 3522 Iesu
1009 3452 1082 3521 in
1136 3446 1351 3523 casu?

433 3559 631 3633 VIII.
695 3587 733 3630 ι
775 3561 881 3633 An
934 3562 1420 3635 sacerdotibus
1475 3569 1545 3634 et
1597 3563 1866 3634 clericis
1919 3561 2153 3632 dictae
2209 3562 2514 3633 civitatis
2574 3578 2718 3631 non
2771 3557 2952 3629 obli-

288 3703 327 3744 >
374 3675 556 3766 gatis
610 3675 700 3745 ad
753 3693 1022 3761 curam,
1064 3693 1299 3764 neque
1336 3675 1426 3745 ad
1461 3673 1946 3761 residentiam,
1987 3672 2394 3744 volentibus
2428 3672 2566 3743 alio
2606 3690 2681 3742 se
2719 3678 2954 3742 trans-

289 3812 327 3856 ›
369 3786 553 3858 serre
607 3786 881 3880 absque
935 3786 1223 3857 licentia
1276 3782 1649 3875 Episcopi,
1707 3791 2037 3856 teneatur
2090 3783 2277 3855 idem
2329 3782 2730 3876 Episcopus
2784 3799 2954 3852 con-

287 3925 326 3968 ›
370 3898 622 3970 cedere
677 3898 919 3968 literas
973 3897 1587 3968 commendatitias
1640 3897 1714 3965 in
1771 3892 1987 3967 casu?

436 4035 474 4078 »
518 4006 591 4078 S.
634 4009 707 4079 C.
749 4006 987 4100 Episc.
1031 4015 1099 4080 et
1137 4006 1395 4099 Regul.
1456 4008 1823 4080 censuit...
1881 4005 2502 4098 respondendum:

439 4148 477 4188 »
527 4119 624 4192 Ad
661 4122 1009 4210 primum:
1073 4118 1528 4191 Affirmative.

435 4259 473 4303 ›
517 4231 625 4304 Ad
660 4235 1092 4307 secundum:
1150 4229 1511 4304 Provisum
1566 4233 1642 4302 in
1694 4233 1947 4322 prim0.

434 4370 472 4414 a>
515 4342 622 4416 Ad
662 4347 976 4434 tertium,
1034 4350 1396 4434 quartum,
1455 4344 1788 4433 quintum
1841 4350 1910 4414 et
1964 4349 2283 4414 sextum:
2340 4337 2712 4432 Negative.

436 4484 474 4524 »
525 4456 622 4527 Ad
660 4459 1086 4548 septimum:
1143 4474 1288 4527 non
1341 4473 1496 4526 esse
1547 4453 1929 4544 cogendOS‚
1988 4454 2113 4525 sed
2165 4454 2588 4525 hortandos.

437 4594 476 4638 ι»
520 4569 623 4640 Ad
658 4578 1020 4641 octavum:
1054 4562 1210 4637 Non
1239 4584 1391 4637 esse
1421 4566 1879 4656 denegandas
1915 4565 2044 4635 nisi
2076 4583 2233 4635 cum
2265 4563 2674 4635 rationabili
2707 4581 2947 4635 causa.

440 4706 478 4750 a>
518 4677 790 4754 Romae
844 4682 916 4751 8.
956 4677 1121 4749 Maii
1179 4678 1390 4749 1716.
1429 4702 1466 4745 »

507 4827 690 4880 Lucim,
726 4822 861 4869 Vixit.
891 4823 1027 4867 Sacr.
1062 4819 1199 4874 Lim„
1230 4819 1347 4866 edit.
1383 4819 1469 4864 111.
1506 4818 1603 4865 t‘ol.
1638 4820 1673 4865 1.
2688 4824 2740 4865 34
