3497 5235
617 320 736 382 376
1371 320 1739 380 Inntruotionin
1780 319 1835 380 Β.
1863 318 2045 394 Oongr.
2071 319 2218 379 Οοιιο.
2259 321 2528 396 apo-itio.

619 477 661 525 ›
701 455 979 527 niorum
1031 451 1654 547 Quadragesimae,
1701 455 2063 529 Adventus
2097 465 2266 539 etc„
2317 464 2397 530 ut
2447 475 2665 548 supro
2723 450 2827 549 (S.
2868 454 2942 528 C.
2984 454 3239 529 Concilii

622 591 660 636 ›
700 572 882 639 teste
933 564 1139 639 Garc.
1200 566 1249 638 l.
1294 586 1356 639 c.
1400 585 1473 638 n.
1520 563 1755 662 422),
1795 570 1920 658 qui
1957 569 2032 641 in
2067 568 2242 660 ipsis
2275 574 2563 641 tenetur
2598 568 2687 641 de
2724 587 2931 642 mane
2967 569 3243 642 residere

623 702 661 747 ›
704 679 778 750 in
829 678 997 751 sede
1048 677 1548 751 confessionali
1617 680 1833 752 etiam
1887 698 2031 753 non
2101 686 2485 754 vocatuS...
2542 677 3129 753 Poenitentiarius
3179 681 3245 752 in

622 815 661 858 ι
703 788 914 861 choro
964 808 1092 880 pro
1140 797 1518 881 praesente
1569 796 1679 864 est
1730 790 2137 880 habenduS,
2194 792 2364 864 dum
2417 792 2621 865 audit
2670 792 3138 867 confessiones
3180 795 3243 866 in

619 926 660 970 ν
698 902 997 976 ecclesia
1050 898 1292 996 (Cone.
1337 898 1528 975 Trid.
1573 903 1704 976 loc.
1747 899 1936 998 cit.).
2010 900 2167 977 Non
2220 910 2462 978 tamen
2522 921 2651 996 pro
2703 911 3062 997 tempore,
3125 924 3248 997 quo

619 1041 660 1085 ν
699 1016 964 1089 residet
1013 1016 1089 1087 in
1142 1015 1720 1105 confessionam,
1779 1034 1912 1088 nec
1962 1018 2162 1091 audit
2216 1016 2723 1104 confessiones,
2764 1017 2921 1089 aliis
2954 1019 3031 1090 in
3065 1017 3250 1092 choro

619 1156 657 1201 ›
698 1130 942 1202 divina
994 1126 1574 1217 celebrantibus3
1633 1147 1766 1202 nec
1816 1130 1985 1202 item
2037 1130 2098 1202 si
2150 1130 2408 1203 dixerit
2459 1125 2790 1216 Missam,
2848 1135 2973 1201 aut
3024 1130 3082 1200 si
3127 1131 3253 1221 pri-

620 1268 658 1313 »
697 1244 917 1316 vatim
969 1238 1297 1314 Officium
1351 1242 1635 1332 dixerit,
1693 1242 1910 1316 etiam
1963 1248 2046 1314 ut
2094 1242 2567 1334 opportunius
2613 1239 3092 1313 confessiones
3144 1261 3252 1313 au·

619 1381 657 1426 ›
697 1356 895 1443 diat,
967 1354 1371 1427 censendus
1422 1359 1530 1427 est
1582 1371 1925 1445 praesens
1977 1355 2055 1426 in
2105 1353 2342 1426 oborn.
2417 1350 2532 1424 Sic
2582 1351 2898 1425 decisum
2965 1351 3176 1425 fuisse
3217 1374 3254 1425 a

620 1494 658 1539 »
700 1466 773 1540 S.
816 1467 1069 1560 Congr.
1109 1465 1388 1540 Conc...
1430 1466 1746 1539 referunt
1800 1462 2082 1538 Moneta
2133 1466 2217 1539 de
2268 1467 2494 1539 Distr.
2539 1470 2728 1557 quot.
2758 1484 2838 1557 p.
2876 1466 2952 1538 2.
2992 1485 3106 1557 qu.
3149 1464 3251 1537 Η.

619 1605 657 1648 ›
700 1600 775 1652 n.
820 1581 1006 1653 64...
1062 1578 1379 1651 Barbosa
1418 1579 1548 1651 loc.
1589 1578 1709 1650 cit.
1755 1597 1953 1651 num.
1992 1577 2115 1653 30.
2169 1573 2766 1650 Poenitentiarius
2813 1577 2983 1650 dum
3035 1584 3261 1650 actua-

619 1718 657 1761 »
698 1692 862 1765 liter
911 1693 1113 1766 audit
1161 1690 1644 1764 confessiones
1679 1689 1758 1763 in
1792 1691 2092 1763 ecclesia
2129 1707 2272 1761 non
2307 1690 2536 1762 solum
2573 1696 2906 1762 censetur
2937 1706 3260 1780 praesens

617 1830 655 1875 ›
697 1806 771 1877 in
824 1804 1035 1876 choro
1088 1802 1180 1875 ad
1232 1801 1615 1876 lucrandas
1684 1802 2224 1876 distributiones
2292 1801 2793 1893 quotidianas,
2866 1800 2994 1874 sed
3064 1802 3259 1873 etiam

619 1941 657 1988 »
697 1916 1186 2007 eleemosynas
1239 1915 1460 2007 ipsaS,
1518 1932 1703 2005 quae
1755 1914 2282 1987 distribuuntur
2333 1932 2462 2006 pro
2495 1914 2936 1986 associandis
2971 1919 3047 1986 et
3079 1930 3262 2005 sepe-

617 2054 655 2097 »
697 2028 955 2100 liendis
1008 2026 1477 2099 cadaveribus
1545 2025 2090 2116 defunctorum,
2156 2026 2264 2099 vel
2316 2044 2444 2119 pro
2511 2025 3158 2117 supplicationibus
3200 2032 3262 2097 et

618 2164 656 2211 »
697 2138 1318 2231 processionibuS,
1385 2155 1571 2227 quae
1627 2155 1756 2230 per
1810 2137 2059 2211 urbem
2112 2144 2422 2232 aguntur
2474 2134 2614 2232 (1),
2671 2134 2779 2231 (S.
2820 2135 2894 2208 C.
2934 2136 3145 2210 Conc.
3196 2137 3259 2207 in

616 2278 654 2323 ›
700 2254 995 2325 Ianuen.
1056 2254 1127 2323 4.
1168 2248 1365 2346 Sept.
1415 2253 1632 2326 1591.
1697 2249 1902 2324 Garc.
1945 2251 2078 2324 loc.
2122 2252 2245 2326 cit.
2286 2271 2364 2323 η.
2407 2247 2611 2345 425.)
2679 2246 3257 2322 Poenitentiarius

618 2389 656 2434 ›
700 2381 842 2434 non
897 2363 1301 2436 censendus
1353 2368 1462 2436 est
1514 2381 1641 2455 pro
1692 2371 2071 2456 praesente
2124 2364 2195 2435 in
2249 2364 2603 2453 chor0‚⁴si
2654 2370 2857 2437 extra
2905 2363 3253 2436 ecclesiam

618 2500 656 2545 2·
698 2473 1176 2547 confessiones
1212 2475 1484 2563 audiat,
1515 2475 1731 2576 etiam
1770 2476 2236 2564 infirmorum,
2277 2473 2622 2571 (Barbosa
2660 2476 2791 2547 loc.
2825 2477 2948 2548 cit.
2983 2496 3057 2547 η.
3082 2473 3252 2567 32.).

761 2586 930 2659 203.
992 2611 1029 2655 ι»
1075 2583 1668 2661 poenitentiarius
1720 2604 1864 2660 non
1901 2594 2134 2679 potest
2167 2606 2323 2662 esse
2348 2584 2673 2661 Vicarius
2707 2585 3078 2661 Generalis
3109 2583 3257 2679 Epi·

618 2724 656 2769 ›
697 2700 918 2790 scopi,
959 2717 1050 2771 ne
1102 2700 1578 2791 suspicionem
1632 2701 1935 2793 ingerat,
1971 2701 2163 2790 quod
2199 2701 2273 2772 in
2308 2699 2925 2773 administratione
2964 2700 3259 2773 iustitiae

617 2834 655 2879 ›
696 2817 941 2884 utatur
992 2811 1288 2883 scientia
1343 2811 1839 2900 confessioniS,
1881 2813 2018 2883 nisi
2071 2818 2313 2884 tantae
2364 2813 2459 2883 sit
2492 2812 2685 2904 apud
2721 2829 2972 2884 omnes
3005 2812 3263 2903 opinio-

616 2948 654 2995 »
695 2925 838 3013 niS,
894 2932 975 2997 ut
1027 2926 1450 2998 excludatur
1500 2925 1909 2998 huiusmodi
1959 2925 2269 3016 suspicio
2328 2920 2436 3017 (S.
2479 2923 2553 2994 C.
2594 2920 2833 3016 Episc.
2892 2930 2965 2996 et
3013 2921 3257 3014 Regul.

616 3058 655 3107 >
701 3036 817 3107 15.
859 3031 997 3107 Iul.
1046 3032 1302 3131 1611.)
1353 3034 1952 3109 poenitentiarius
2005 3036 2333 3124 quamvis
2386 3036 2805 3127 regulariter
2844 3053 2995 3109 non
3025 3036 3114 3107 sit
3142 3030 3263 3103 ad-

617 3171 656 3215 »
696 3147 1089 3220 mittendus
1142 3149 1215 3219 in
1269 3146 1778 3220 confessarium
1838 3148 2252 3220 monialium
2305 3153 2592 3240 propter
2633 3147 3123 3220 difficultatem
3153 3163 3266 3218 sa·-

615 3284 656 3328 »
694 3258 1101 3333 tisiaciendi
1153 3259 1440 3348 utrique
1497 3259 1803 3348 muneri,
1860 3266 2102 3331 tamen
2157 3277 2317 3332 cum
2368 3264 2601 3350 potest
2651 3259 2937 3349 utrique
2998 3256 3271 3331 satista-

617 3396 655 3439 ›
694 3389 898 3459 cere,
955 3369 1028 3443 S.
1069 3370 1141 3442 C.
1184 3370 1437 3462 Congr.
1497 3372 1571 3442 in
1625 3372 1923 3444 Ianuen.
1988 3372 2101 3441 11.
2146 3369 2343 3462 Sept.
2390 3372 2604 3454 1666.
2662 3372 2970 3461 censuit,
3020 3373 3093 3442 in
3143 3369 3269 3440 hoc

614 3508 652 3553 ›
693 3501 866 3556 casu
919 3501 1061 3554 non
1114 3500 1266 3554 esse
1318 3481 1870 3574 prohibendum.
1931 3481 2242 3578 (Pignat.
2285 3490 2451 3556 tom.
2493 3482 2566 3554 7.
2612 3483 2787 3557 Can.
2830 3480 2992 3579 13.)
3021 3509 3059 3552 ›

757 3595 928 3667 204.
986 3591 1332 3667 Praesens
1370 3593 1581 3666 choro
1617 3593 1996 3667 habendus
2031 3600 2138 3667 est
2176 3594 2482 3684 quilibet
2515 3596 2931 3683 canonicus,
2964 3597 3087 3687 qui
3121 3595 3269 3666 loco

612 3707 1173 3799 poenitentiarii,
1206 3706 1376 3779 dum
1430 3707 1671 3779 divina
1708 3705 2163 3778 celebrantur
2196 3704 2455 3794 officia,
2497 3706 2760 3797 excipit
2794 3705 3266 3779 confessiones

612 3820 809 3890 iuxta
846 3836 1137 3890 sensum
1174 3817 1676 3890 declarationis
1712 3813 1784 3888 S.
1809 3814 1883 3886 C.
1912 3813 2174 3890 Concil.
2207 3818 2282 3889 in
2311 3820 2607 3891 Lucana
2640 3818 2754 3890 10.
2790 3814 3022 3890 Martii
3057 3816 3262 3889 1635.

609 3931 837 4004 relata
890 3951 931 4002 a
971 3929 1312 4002 Zambon.
1363 3931 1536 4006 Coll.
1580 3928 1775 4001 Decl.
1822 3931 1895 4002 S.
1944 3929 2016 4003 C.
2064 3930 2138 4004 C.
2182 3928 2395 4003 verbo
2436 3931 2830 4005 canonicus
2866 3928 2940 4025 ἓ.
2986 3931 3056 4003 6.
3087 3949 3161 4000 n.
3196 3925 3263 3997 6.

611 4051 780 4119 tom.
820 4043 896 4115 2.
928 4063 1101 4136 paq.
1145 4043 1311 4117 474.
1374 4064 1412 4109 ‹
1443 4039 1732 4114 Censuit
1770 4036 1842 4113 S.
1884 4038 1957 4110 C.
2001 4042 2261 4114 oratori
2299 4039 2752 4134 Sigismundo
2802 4040 3095 4116 Picuino
3132 4035 3275 4131 pri-

611 4181 652 4225 »
693 4156 978 4228 micetio
1029 4156 1129 4228 ita
1189 4157 1266 4227 in
1318 4155 1547 4226 locum
1604 4153 2132 4244 poenitentiarii
2186 4154 2279 4225 ad
2331 4153 2726 4226 audiendas
2791 4152 3272 4225 confessiones

613 4292 654 4337 ιι
692 4286 780 4340 ex
832 4269 1255 4342 necessitate
1309 4273 1378 4339 et
1447 4265 1760 4357 legitima
1822 4283 2038 4338 causa
2090 4263 2182 4336 ab
2234 4261 2588 4356 Episcopo
2657 4264 3045 4355 deputato,
3099 4261 3274 4335 dum

749 4555 825 4624 (1)
864 4558 927 4608 Id
967 4564 1152 4610 autem
1191 4559 1275 4609 ita
1313 4557 1597 4620 intellige,
1643 4557 1758 4607 nisi
1797 4556 2149 4619 consuetudo,
2195 4558 2493 4619 statutum,
2528 4562 2627 4606 ant
2664 4572 2818 4608 mens
2845 4551 3271 4623 disponentium

606 4638 780 4691 aliter
818 4641 1165 4705 praescribat
1204 4641 1368 4692 iuxta
1407 4656 1491 4704 ea,
1536 4655 1674 4705 quae
1713 4641 1857 4691 alibi
1899 4642 2213 4703 firmantur,
2259 4654 2319 4690 ac
2360 4641 2690 4702 praesertim
2724 4643 2888 4705 laulo
2918 4640 3177 4708 superins
3205 4633 3275 4684 de

613 4721 891 4783 theologo.
