3497 5235
633 278 752 354 ⁰⁸1³·
779 279 850 337 n.
891 280 967 338 De
1002 280 1270 355 Ιιιίιοομ,
1307 280 1717 354 Archi-pinum»,
1756 279 1987 338 Printto
2026 280 2084 337 ct
2120 278 2450 337 Pati-imno.
2489 279 2546 352 ἓ.
2570 278 2622 336 8.
2843 276 2952 339 171

285 419 548 484 seatur.
589 408 797 484 Hanc
847 412 1038 485 enim
1090 412 1405 486 admittit
1462 417 1633 505 Gzp.
1678 412 1747 486 1.
1781 414 1866 486 dc
1900 420 2109 507 temp.
2149 406 2307 485 ard.
2348 412 2426 484 in
2463 411 2575 493 6.,
2611 415 2682 482 et
2717 409 2789 481 S.
2830 407 2961 481 Ca-

279 525 471 596 rolus
526 522 998 596 Borramaeus
1048 526 1122 597 in
1178 521 1314 596 ΙΙΙ.
1362 528 1570 602 cmc.
1614 527 1899 599 Mediol.
1943 529 2052 598 tit.
2093 526 2296 608 Quod
2350 528 2615 617 pertiu.
2657 528 2748 596 ad
2795 525 2951 598 ord.

281 657 423 712 sac.
465 640 572 711 sic
604 638 971 728 inquiens:
1015 660 1053 704 «ι
1084 635 1379 711 Infirma
1417 639 1863 727 valetudine,
1906 639 2138 711 aliave
2179 640 2362 711 iusta
2402 656 2617 710 causa
2656 637 2959 728 impedi·

282 778 319 818 »
356 757 474 822 tus
505 747 933 841 Episcopus,
965 750 1024 820 si
1060 758 1247 822 stato
1278 758 1595 843 tempore
1619 769 1861 823 sacros
1888 747 2191 823 Ordines
2218 749 2484 822 habere
2513 768 2659 822 non
2689 754 2952 840 potest,

281 891 318 931 ι
355 870 427 936 et
454 865 777 953 aliquem
805 870 1180 953 propterea
1209 862 1542 935 clericum
1580 881 1791 933 suum
1829 861 1920 933 ad
1959 862 2179 933 alium
2209 859 2638 954 Episcopum
2671 861 2954 932 mittere

281 999 319 1043 ›
353 976 558 1063 velit,
599 994 643 1044 a
695 992 839 1064 quo
891 975 1102 1045 alicui
1157 973 1386 1046 ordini
1443 973 1924 1046 ecclesiastico
1976 973 2455 1059 adscribatur,
2511 972 2952 1045 testimonia-

280 1112 318 1156 »
354 1087 554 1160 libus
607 1089 832 1159 literis
881 1086 947 1158 ei
1000 1085 1217 1174 datis,
1275 1086 1452 1158 haec
1504 1086 1897 1174 adscribat,
1938 1093 2009 1158 et
2049 1090 2304 1159 testata
2344 1085 2582 1158 [aciat.
2623 1140 2640 1157 .
2681 1139 2698 1156 .
2735 1110 2773 1155 ›
2817 1083 2958 1157 De-

279 1202 495 1290 nique
551 1201 628 1271 S.
670 1195 749 1270 C.
787 1194 1000 1269 Conc.
1043 1199 1238 1291 apud
1290 1196 1679 1271 Gallemart
1731 1200 1823 1271 ad
1878 1199 2278 1289 praefatum
2313 1195 2599 1271 Concilii
2658 1195 2954 1271 Triden-

279 1311 402 1384 tini
456 1316 686 1401 caput
738 1312 812 1382 in
872 1310 1268 1400 Cilaqurit.
1319 1309 1445 1382 27.
1491 1311 1791 1402 Aaqusti
1846 1308 2063 1382 1592.
2122 1311 2429 1396 censuit,
2485 1332 2524 1375 α
2562 1305 2961 1400 Episcopos·

281 1448 318 1495 ›
353 1442 565 1516 posse
620 1422 897 1495 alienos
947 1422 1328 1494 canonicos
1378 1422 1740 1509 ordinare,
1804 1423 1863 1493 si
1919 1421 2238 1494 habeant
2292 1420 2535 1493 literas
2602 1420 2959 1493 dimissio-

282 1561 319 1605 »
353 1537 574 1610 riales
624 1533 794 1605 licet
844 1530 1243 1624 Episcopus
1296 1534 1534 1606 literas
1585 1534 2095 1606 dimissoriales
2146 1535 2592 1620 concedenS,
2652 1532 2794 1603 alia
2851 1532 2955 1604 le-

283 1671 320 1718 »
357 1648 606 1739 gitima
666 1663 910 1732 causa,
951 1662 1167 1734 quam
1222 1646 1727 1737 aegritudinis,
1765 1664 2101 1737 expressa
2157 1646 2230 1716 in
2288 1646 2459 1737 Cap.
2500 1643 2575 1718 3.
2616 1664 2782 1717 sess.
2822 1642 2947 1717 23.

285 1784 322 1828 ι
358 1759 441 1830 de
477 1756 882 1846 Ref.tuerit
919 1757 1331 1847 impeditus.
1377 1781 1415 1826 ι
1454 1755 1713 1830 Itidem
1753 1758 2014 1848 legitur
2046 1757 2237 1850 apud
2278 1758 2508 1848 ipsum
2547 1757 2694 1860 l.·c.
2725 1752 2958 1847 ‹Epi-

284 1896 321 1940 ›
355 1887 623 1960 scopus
673 1874 913 1958 potest
963 1870 1236 1941 alienos
1284 1868 1576 1943 clericos
1628 1869 1987 1957 ordinare,
2027 1870 2087 1940 si
2142 1868 2462 1941 habeant
2514 1867 2952 1940 dimissorias

282 2009 319 2051 v
354 1981 629 2075 proprii
664 1978 1024 2052 ordinarii
1077 1982 1272 2053 iuxta
1314 1982 1485 2075 Cap.
1525 1981 1640 2063 8.,
1676 1982 1969 2071 quando
2020 1978 2418 2072 Episcopus
2454 1979 2826 2053 dimittens
2863 1999 2951 2052 ex

281 2120 318 2162 v
351 2095 494 2167 alia
553 2093 871 2183 legitima
926 2109 1171 2178 causa,
1212 2110 1428 2183 quam
1483 2093 1983 2184 aegritudinis,
2027 2099 2135 2165 est
2186 2093 2600 2184 impeditus,
2646 2117 2684 2162 ›

414 2206 542 2279 64.
601 2200 794 2275 Nibil
848 2209 958 2274 est
1009 2204 1086 2274 iu
1140 2205 1361 2276 veteri
1416 2210 1487 2277 et
1538 2223 1721 2276 nova
1778 2204 2122 2277 ecclesiae
2174 2203 2552 2295 disciplina
2597 2211 2740 2277 tam
2795 2224 2955 2297 gra-

277 2320 450 2391 viter
504 2318 837 2402 vetitum,
878 2332 1095 2404 quam
1151 2322 1227 2389 ut
1278 2313 1612 2407 Episcopi
1665 2316 1984 2389 alienum
2050 2316 2422 2389 subditum
2474 2317 2804 2389 ordinare
2860 2335 2949 2389 ne

275 2433 768 2524 praesumant.
810 2422 1066 2516 Itaque
1121 2428 1582 2500 utilissimum
1632 2429 1768 2500 erit
1822 2429 2209 2519 inquirere,
2250 2428 2413 2518 quis
2448 2427 2730 2500 dicatur
2780 2428 2954 2501 sub·

276 2542 463 2613 ditus
514 2540 850 2632 proprius
901 2538 1208 2610 alicuius
1258 2536 1620 2633 Episcopi,
1663 2542 1762 2611 ita
1816 2546 1896 2611 ut
1930 2539 2266 2610 subditus
2302 2539 2418 2610 bic
2469 2540 2562 2612 ab
2614 2540 2751 2612 isto
2787 2548 2953 2614 tan-

278 2662 421 2726 tum
472 2652 796 2725 ordinari
848 2652 1101 2742 possit,
1158 2657 1231 2723 et
1286 2657 1567 2743 praeter
1602 2652 1799 2724 hunc
1850 2672 1890 2722 a
1945 2651 2159 2724 nullo·
2195 2650 2361 2739 alio,
2421 2652 2557 2723 nisi
2611 2670 2698 2723 ex
2749 2660 2954 2743 pote-

278 2773 456 2839 state
508 2763 654 2835 sibi
709 2763 843 2834 rite
894 2763 1186 2834 tradita.
1244 2761 1582 2835 Consulto
1633 2763 2081 2836 abstinemus
2117 2761 2210 2833 ab
2261 2762 2752 2835 exscribendis
2803 2772 2952 2836 tam

278 2878 447 2949 iuris
496 2875 860 2963 canonici,
918 2892 1135 2964 quam
1188 2871 1585 2947 Tridentini
1637 2874 1927 2949 Concilii
1984 2873 2508 2961 sanctionibuS,
2544 2879 2787 2965 utpote
2827 2893 2955 2947 no-

284 2991 601 3076 tissimis,
668 2993 741 3058 et
810 2987 1032 3059 cuivis
1102 2985 1437 3057 facillime
1508 2985 1765 3059 obviis.
1826 2984 2201 3058 Praeterea
2270 2984 2627 3075 quidquid
2688 2984 2954 3057 ibidem

276 3106 623 3173 statutum
681 3105 754 3170 et
804 3097 1166 3188 provisum
1220 3096 1382 3183 suit,
1440 3102 1512 3169 et
1564 3099 1859 3189 insuper
1910 3096 2264 3187 quidquid
2331 3095 2643 3167 subinde
2697 3095 2949 3169 eadem

271 3213 347 3285 in
392 3231 470 3284 re
522 3231 570 3283 a
623 3207 701 3282 S.
739 3205 818 3280 C.
857 3207 1068 3280 Cone.
1109 3209 1550 3280 declaratum
1605 3209 1895 3302 prodiit,
1952 3209 2025 3281 id
2078 3224 2287 3279 omne
2339 3205 2746 3294 collectum,
2783 3224 2954 3279 con·

274 3321 665 3408 firmatum,
709 3318 1274 3413 ampliatumquc
1312 3319 1445 3392 luit
1482 3320 1554 3392 in
1592 3319 1954 3393 celebrata
1991 3317 2290 3390 Constit.
2333 3314 2737 3390 Innocentii
2778 3313 2944 3389 XII.

266 3434 488 3527 incip.
535 3431 1018 3522 Speculatores
1073 3432 1243 3504 data
1296 3429 1489 3504 Prid.
1534 3428 1716 3504 Non.
1758 3428 1935 3503 Nov.
1985 3431 2199 3503 1694.
2242 3447 2547 3520 eamque
2600 3432 2950 3521 integram

269 3544 609 3617 dabimus
664 3544 739 3614 in
795 3543 1150 3615 volumine
1205 3540 1341 3615 ΙΙΙ.
1400 3543 1537 3615 sub
1589 3563 1665 3617 n.
1712 3545 1830 3615 15.

416 3657 539 3728 65.
597 3651 687 3726 ln
738 3672 823 3726 ea
875 3652 1210 3726 Summus
1264 3655 1377 3727 ille
1430 3653 1757 3727 Pontifex
1808 3661 2117 3745 quatuor
2149 3673 2234 3728 ex
2272 3656 2509 3728 causis
2555 3654 2953 3746 quemlibet

262 3763 623 3859 Episcopo
674 3766 887 3838 subdi
941 3784 1149 3860 posse
1218 3769 1472 3840 statuit
1539 3774 1758 3858 atquc
1832 3768 2197 3855 declarat;
2271 3769 2602 3839 nimirum
2672 3768 2951 3842 ratione

256 3878 614 3969 beneficii,
649 3878 986 3968 oriqinis,
1011 3879 1357 3950 domicilii
1388 3886 1454 3952 ct
1487 3880 2049 3969 familiaritatis.
2090 3876 2437 3962 Quoniam
2476 3896 2666 3967 ver0,
2706 3885 2790 3952 ut
2821 3879 2953 3951 ali-

254 3990 432 4080 quis
483 3991 634 4060 sive
687 4008 729 4059 a
785 3991 1067 4080 proprio
1119 3987 1497 4083 Episcopo,
1539 3992 1689 4063 sive
1740 3991 1833 4063 ab
1893 3992 2126 4065 alieno
2191 3990 2635 4064 ordinandus
2685 3992 2805 4080 sit,
2862 4010 2951 4064 ex

246 4106 650 4192 praecepto
702 4099 1003 4173 huiusce
1053 4099 1599 4175 constitutionis
1647 4104 1761 4176 vel
1814 4104 2261 4192 dimissoriiS,
2320 4105 2430 4176 vel
2503 4103 2952 4175 testimonia·
3060 4111 3067 4116 '

245 4210 459 4284 libus
511 4211 739 4284 literis
791 4208 905 4308 (1)
957 4230 1139 4303 opus
1189 4212 1457 4286 babere
1509 4220 1775 4309 potest,
1816 4221 1985 4287 aute
2037 4216 2274 4287 omnia
2327 4220 2810 4305 opportunum
2844 4217 2949 4288 vi-

398 4500 491 4576 (1)
530 4506 586 4558 S.
616 4509 677 4561 Ο.
708 4507 951 4560 Concilii
987 4507 1078 4559 die
1120 4509 1204 4561 11.
1237 4509 1391 4560 Iunii
1434 4510 1592 4561 1881.
1622 4509 1961 4574 declaravit,
1993 4511 2326 4577 Episcopum
2363 4527 2470 4564 non
2497 4527 2657 4578 posse
2681 4520 2950 4569 extraneo

239 4590 516 4642 conferre
555 4593 793 4655 primam
832 4595 1119 4643 tonsuram
1157 4594 1452 4645 accedente
1490 4594 1781 4646 ordinarii
1810 4596 2056 4658 originis
2084 4610 2351 4648 consensu
2382 4598 2503 4649 sine
2532 4598 2754 4652 litteris
2783 4600 2951 4652 testi·

239 4676 631 4729 mnhlibun.
670 4675 840 4750 (vide
877 4679 1024 4729 Acta.
1061 4678 1122 4735 S.
1147 4678 1330 4742 Sedis,
1373 4680 1487 4733 vol.
1516 4680 1673 4734 xlv.
1715 4696 1844 4745 pag.
1870 4681 2045 4750 892.).
