<?xml version="1.0" encoding="UTF-8"?>
<!DOCTYPE html PUBLIC "-//W3C//DTD XHTML 1.0 Transitional//EN"
    "http://www.w3.org/TR/xhtml1/DTD/xhtml1-transitional.dtd">
<html xmlns="http://www.w3.org/1999/xhtml" xml:lang="en" lang="en">
 <head>
  <title>
</title>
<meta http-equiv="Content-Type" content="text/html;charset=utf-8" />
  <meta name='ocr-system' content='tesseract 3.04.00' />
  <meta name='ocr-capabilities' content='ocr_page ocr_carea ocr_par ocr_line ocrx_word'/>
</head>
<body>
  <div class='ocr_page' id='page_1' title='image "./devisitationesa00popegoog_0491.png"; bbox 0 0 3497 5235; ppageno 0'>
   <div class='ocr_carea' id='block_1_1' title="bbox 957 293 2819 370">
    <p class='ocr_par' dir='ltr' id='par_1_1' title="bbox 957 293 2819 370">
     <span class='ocr_line' id='line_1_1' title="bbox 957 293 2819 370; baseline 0.001 -17"><span class='ocrx_word' id='word_1_1' title='bbox 957 295 1076 370; x_wconf 71' lang='lat'><strong>⁰⁸1)-</strong></span> <span class='ocrx_word' id='word_1_2' title='bbox 1104 296 1201 354; x_wconf 78' lang='lat'><strong>111.</strong></span> <span class='ocrx_word' id='word_1_3' title='bbox 1241 294 1313 353; x_wconf 75' lang='lat' dir='ltr'>D·</span> <span class='ocrx_word' id='word_1_4' title='bbox 1353 293 1490 353; x_wconf 70' lang='lat' dir='ltr'>olore</span> <span class='ocrx_word' id='word_1_5' title='bbox 1532 294 1804 352; x_wconf 67' lang='lat' dir='ltr'>munlari.</span> <span class='ocrx_word' id='word_1_6' title='bbox 1846 297 1899 370; x_wconf 75' lang='lat'>§-</span> <span class='ocrx_word' id='word_1_7' title='bbox 1925 295 2000 353; x_wconf 89' lang='lat'>11.</span> <span class='ocrx_word' id='word_1_8' title='bbox 2697 294 2819 358; x_wconf 76' lang='lat'>451</span> 
     </span>
    </p>
   </div>
   <div class='ocr_carea' id='block_1_2' title="bbox 97 427 2833 4767">
    <p class='ocr_par' dir='ltr' id='par_1_2' title="bbox 97 427 2833 4767">
     <span class='ocr_line' id='line_1_2' title="bbox 160 427 2812 523; baseline -0.001 -19"><span class='ocrx_word' id='word_1_9' title='bbox 160 433 486 505; x_wconf 89' lang='lat' dir='ltr'>locorum.</span> <span class='ocrx_word' id='word_1_10' title='bbox 527 427 627 501; x_wconf 91' lang='lat' dir='ltr'>De</span> <span class='ocrx_word' id='word_1_11' title='bbox 679 430 791 501; x_wconf 92' lang='lat' dir='ltr'>his</span> <span class='ocrx_word' id='word_1_12' title='bbox 843 448 1049 521; x_wconf 92' lang='lat' dir='ltr'>porro</span> <span class='ocrx_word' id='word_1_13' title='bbox 1111 428 1574 502; x_wconf 85' lang='lat' dir='ltr'>Dublinensis</span> <span class='ocrx_word' id='word_1_14' title='bbox 1631 428 1938 502; x_wconf 80' lang='lat' dir='ltr'>Antistes</span> <span class='ocrx_word' id='word_1_15' title='bbox 2008 430 2318 522; x_wconf 87' lang='lat' dir='ltr'>speciale</span> <span class='ocrx_word' id='word_1_16' title='bbox 2370 430 2812 523; x_wconf 88' lang='lat' dir='ltr'>postulatum</span> 
     </span>
     <span class='ocr_line' id='line_1_3' title="bbox 156 540 2818 634; baseline -0.001 -16"><span class='ocrx_word' id='word_1_17' title='bbox 156 545 218 618; x_wconf 92' lang='lat' dir='ltr'>S.</span> <span class='ocrx_word' id='word_1_18' title='bbox 256 542 328 615; x_wconf 91' lang='lat' dir='ltr'>C.</span> <span class='ocrx_word' id='word_1_19' title='bbox 371 544 462 616; x_wconf 89' lang='lat' dir='ltr'>de</span> <span class='ocrx_word' id='word_1_20' title='bbox 513 541 725 634; x_wconf 91' lang='lat' dir='ltr'>Prop.</span> <span class='ocrx_word' id='word_1_21' title='bbox 771 541 942 615; x_wconf 83' lang='lat' dir='ltr'>Fide</span> <span class='ocrx_word' id='word_1_22' title='bbox 987 543 1371 631; x_wconf 86' lang='lat' dir='ltr'>obtulerat,</span> <span class='ocrx_word' id='word_1_23' title='bbox 1416 562 1603 633; x_wconf 90' lang='lat' dir='ltr'>quae</span> <span class='ocrx_word' id='word_1_24' title='bbox 1640 561 1788 615; x_wconf 90' lang='lat' dir='ltr'>rem</span> <span class='ocrx_word' id='word_1_25' title='bbox 1843 545 1915 615; x_wconf 89' lang='lat' dir='ltr'>S.</span> <span class='ocrx_word' id='word_1_26' title='bbox 1958 540 2034 615; x_wconf 92' lang='lat' dir='ltr'>C.</span> <span class='ocrx_word' id='word_1_27' title='bbox 2075 540 2285 615; x_wconf 90' lang='lat' dir='ltr'>Conc.</span> <span class='ocrx_word' id='word_1_28' title='bbox 2330 543 2818 616; x_wconf 83' lang='lat' dir='ltr'>deliniendam</span> 
     </span>
     <span class='ocr_line' id='line_1_4' title="bbox 154 654 2823 748; baseline -0.001 -17"><span class='ocrx_word' id='word_1_29' title='bbox 154 657 441 731; x_wconf 81' lang='lat' dir='ltr'><strong>remisit.</strong></span> <span class='ocrx_word' id='word_1_30' title='bbox 484 654 928 728; x_wconf 87' lang='lat' dir='ltr'>Subiiciebat</span> <span class='ocrx_word' id='word_1_31' title='bbox 981 656 1167 728; x_wconf 91' lang='lat' dir='ltr'>idem</span> <span class='ocrx_word' id='word_1_32' title='bbox 1223 656 1566 744; x_wconf 84' lang='lat' dir='ltr'>Antistes,</span> <span class='ocrx_word' id='word_1_33' title='bbox 1608 655 1802 745; x_wconf 89' lang='lat' dir='ltr'>quod</span> <span class='ocrx_word' id='word_1_34' title='bbox 1854 656 1957 726; x_wconf 92' lang='lat' dir='ltr'>illi</span> <span class='ocrx_word' id='word_1_35' title='bbox 2014 655 2367 745; x_wconf 86' lang='lat' dir='ltr'>capellani</span> <span class='ocrx_word' id='word_1_36' title='bbox 2424 680 2462 721; x_wconf 67' lang='lat' dir='ltr'>&lt;z</span> <span class='ocrx_word' id='word_1_37' title='bbox 2503 656 2595 728; x_wconf 93' lang='lat' dir='ltr'>ab</span> <span class='ocrx_word' id='word_1_38' title='bbox 2650 654 2823 748; x_wconf 90' lang='lat' dir='ltr'>Epi-</span> 
     </span>
     <span class='ocr_line' id='line_1_5' title="bbox 159 765 2813 861; baseline 0.001 -25"><span class='ocrx_word' id='word_1_39' title='bbox 159 793 194 836; x_wconf 79' lang='lat'><strong>»</strong></span> <span class='ocrx_word' id='word_1_40' title='bbox 226 785 441 857; x_wconf 92' lang='lat' dir='ltr'>scopo</span> <span class='ocrx_word' id='word_1_41' title='bbox 478 767 968 856; x_wconf 80' lang='lat' dir='ltr'>nominantur,</span> <span class='ocrx_word' id='word_1_42' title='bbox 1002 772 1073 840; x_wconf 88' lang='lat' dir='ltr'>et</span> <span class='ocrx_word' id='word_1_43' title='bbox 1110 788 1147 839; x_wconf 90' lang='lat' dir='ltr'>a</span> <span class='ocrx_word' id='word_1_44' title='bbox 1184 765 1532 858; x_wconf 81' lang='lat' dir='ltr'>gubernio</span> <span class='ocrx_word' id='word_1_45' title='bbox 1561 768 2002 860; x_wconf 85' lang='lat' dir='ltr'>stipendium</span> <span class='ocrx_word' id='word_1_46' title='bbox 2032 769 2416 861; x_wconf 89' lang='lat' dir='ltr'>accipiunt.</span> <span class='ocrx_word' id='word_1_47' title='bbox 2451 768 2813 859; x_wconf 88' lang='lat' dir='ltr'>Omnium,</span> 
     </span>
     <span class='ocr_line' id='line_1_6' title="bbox 158 877 2827 971; baseline 0.001 -23"><span class='ocrx_word' id='word_1_48' title='bbox 158 905 192 948; x_wconf 57' lang='grc' dir='ltr'><strong>ν</strong></span> <span class='ocrx_word' id='word_1_49' title='bbox 229 881 350 970; x_wconf 88' lang='lat' dir='ltr'>qui</span> <span class='ocrx_word' id='word_1_50' title='bbox 403 878 787 969; x_wconf 89' lang='lat' dir='ltr'>praedictis</span> <span class='ocrx_word' id='word_1_51' title='bbox 823 877 995 950; x_wconf 91' lang='lat' dir='ltr'>locis</span> <span class='ocrx_word' id='word_1_52' title='bbox 1031 879 1472 966; x_wconf 80' lang='lat' dir='ltr'>detinentur,</span> <span class='ocrx_word' id='word_1_53' title='bbox 1514 897 1759 953; x_wconf 88' lang='lat' dir='ltr'>curam</span> <span class='ocrx_word' id='word_1_54' title='bbox 1811 887 2092 971; x_wconf 81' lang='lat' dir='ltr'>gerunt,</span> <span class='ocrx_word' id='word_1_55' title='bbox 2134 879 2547 969; x_wconf 85' lang='lat' dir='ltr'>eisdemque</span> <span class='ocrx_word' id='word_1_56' title='bbox 2600 881 2827 952; x_wconf 90' lang='lat' dir='ltr'>eccle-</span> 
     </span>
     <span class='ocr_line' id='line_1_7' title="bbox 158 991 2817 1084; baseline 0 -24"><span class='ocrx_word' id='word_1_57' title='bbox 158 1015 193 1060; x_wconf 78' lang='lat'><strong>»</strong></span> <span class='ocrx_word' id='word_1_58' title='bbox 229 991 518 1062; x_wconf 89' lang='lat' dir='ltr'>siastica</span> <span class='ocrx_word' id='word_1_59' title='bbox 588 992 1093 1080; x_wconf 79' lang='lat' dir='ltr'>Sacramenta,</span> <span class='ocrx_word' id='word_1_60' title='bbox 1161 1009 1303 1063; x_wconf 91' lang='lat' dir='ltr'>uno</span> <span class='ocrx_word' id='word_1_61' title='bbox 1357 997 1655 1084; x_wconf 82' lang='lat' dir='ltr'>excepto</span> <span class='ocrx_word' id='word_1_62' title='bbox 1712 992 2213 1079; x_wconf 81' lang='lat' dir='ltr'>matrimoniO,</span> <span class='ocrx_word' id='word_1_63' title='bbox 2280 992 2817 1064; x_wconf 89' lang='lat' dir='ltr'>administrant.</span> 
     </span>
     <span class='ocr_line' id='line_1_8' title="bbox 159 1099 2823 1194; baseline 0 -23"><span class='ocrx_word' id='word_1_64' title='bbox 159 1126 194 1171; x_wconf 86' lang='lat'>›</span> <span class='ocrx_word' id='word_1_65' title='bbox 227 1099 423 1175; x_wconf 86' lang='lat' dir='ltr'>Haec</span> <span class='ocrx_word' id='word_1_66' title='bbox 460 1108 698 1173; x_wconf 86' lang='lat' dir='ltr'>autem</span> <span class='ocrx_word' id='word_1_67' title='bbox 735 1103 972 1174; x_wconf 90' lang='lat' dir='ltr'>omnia</span> <span class='ocrx_word' id='word_1_68' title='bbox 1010 1101 1355 1193; x_wconf 85' lang='lat' dir='ltr'>praebent</span> <span class='ocrx_word' id='word_1_69' title='bbox 1397 1102 1968 1194; x_wconf 83' lang='lat' dir='ltr'>independenter</span> <span class='ocrx_word' id='word_1_70' title='bbox 2003 1123 2043 1173; x_wconf 91' lang='lat' dir='ltr'>a</span> <span class='ocrx_word' id='word_1_71' title='bbox 2074 1105 2458 1194; x_wconf 76' lang='lat' dir='ltr'>parocho.»</span> <span class='ocrx_word' id='word_1_72' title='bbox 2490 1103 2663 1176; x_wconf 90' lang='lat' dir='ltr'>Cum</span> <span class='ocrx_word' id='word_1_73' title='bbox 2690 1106 2823 1176; x_wconf 84' lang='lat' dir='ltr'>ita-</span> 
     </span>
     <span class='ocr_line' id='line_1_9' title="bbox 157 1213 2827 1309; baseline 0.001 -24"><span class='ocrx_word' id='word_1_74' title='bbox 157 1231 287 1305; x_wconf 87' lang='lat' dir='ltr'>que</span> <span class='ocrx_word' id='word_1_75' title='bbox 324 1213 870 1305; x_wconf 81' lang='lat' dir='ltr'>disceptaretur,</span> <span class='ocrx_word' id='word_1_76' title='bbox 906 1232 996 1285; x_wconf 91' lang='lat' dir='ltr'>an</span> <span class='ocrx_word' id='word_1_77' title='bbox 1035 1215 1436 1287; x_wconf 81' lang='lat' dir='ltr'>istiusmodi</span> <span class='ocrx_word' id='word_1_78' title='bbox 1472 1214 1825 1306; x_wconf 89' lang='lat' dir='ltr'>capellani</span> <span class='ocrx_word' id='word_1_79' title='bbox 1863 1215 1954 1287; x_wconf 92' lang='lat' dir='ltr'>ad</span> <span class='ocrx_word' id='word_1_80' title='bbox 1992 1213 2275 1286; x_wconf 84' lang='lat' dir='ltr'>Missam</span> <span class='ocrx_word' id='word_1_81' title='bbox 2313 1235 2438 1309; x_wconf 91' lang='lat' dir='ltr'>pro</span> <span class='ocrx_word' id='word_1_82' title='bbox 2468 1216 2617 1287; x_wconf 90' lang='lat' dir='ltr'>suis</span> <span class='ocrx_word' id='word_1_83' title='bbox 2653 1215 2827 1287; x_wconf 91' lang='lat' dir='ltr'>sub-</span> 
     </span>
     <span class='ocr_line' id='line_1_10' title="bbox 157 1324 2822 1419; baseline 0.002 -24"><span class='ocrx_word' id='word_1_84' title='bbox 157 1325 315 1396; x_wconf 91' lang='lat' dir='ltr'>ditis</span> <span class='ocrx_word' id='word_1_85' title='bbox 367 1324 872 1415; x_wconf 82' lang='lat' dir='ltr'>applicandam</span> <span class='ocrx_word' id='word_1_86' title='bbox 910 1329 1351 1412; x_wconf 88' lang='lat' dir='ltr'>tenerentur,</span> <span class='ocrx_word' id='word_1_87' title='bbox 1393 1344 1470 1397; x_wconf 91' lang='lat' dir='ltr'>re</span> <span class='ocrx_word' id='word_1_88' title='bbox 1506 1329 1866 1419; x_wconf 90' lang='lat' dir='ltr'>proposita</span> <span class='ocrx_word' id='word_1_89' title='bbox 1908 1328 1980 1399; x_wconf 91' lang='lat' dir='ltr'>in</span> <span class='ocrx_word' id='word_1_90' title='bbox 2020 1328 2395 1399; x_wconf 82' lang='lat' dir='ltr'>Dublinen.</span> <span class='ocrx_word' id='word_1_91' title='bbox 2439 1329 2637 1401; x_wconf 72' lang='lat' dir='ltr'>Miss.</span> <span class='ocrx_word' id='word_1_92' title='bbox 2686 1347 2822 1419; x_wconf 86' lang='lat' dir='ltr'>pro</span> 
     </span>
     <span class='ocr_line' id='line_1_11' title="bbox 147 1432 2820 1529; baseline 0.001 -23"><span class='ocrx_word' id='word_1_93' title='bbox 147 1455 302 1528; x_wconf 84' lang='lat' dir='ltr'>pop.</span> <span class='ocrx_word' id='word_1_94' title='bbox 328 1437 400 1507; x_wconf 97' lang='grc'>2.</span> <span class='ocrx_word' id='word_1_95' title='bbox 428 1432 614 1507; x_wconf 91' lang='lat' dir='ltr'>Iunii</span> <span class='ocrx_word' id='word_1_96' title='bbox 653 1436 866 1510; x_wconf 88' lang='lat'><strong>1860.</strong></span> <span class='ocrx_word' id='word_1_97' title='bbox 891 1454 1019 1526; x_wconf 82' lang='lat' dir='ltr'>per</span> <span class='ocrx_word' id='word_1_98' title='bbox 1051 1440 1247 1510; x_wconf 85' lang='lat' dir='ltr'><strong>Sum.</strong></span> <span class='ocrx_word' id='word_1_99' title='bbox 1273 1456 1506 1529; x_wconf 64' lang='lat' dir='ltr'>pree„</span> <span class='ocrx_word' id='word_1_100' title='bbox 1534 1435 1606 1508; x_wconf 91' lang='lat' dir='ltr'>S.</span> <span class='ocrx_word' id='word_1_101' title='bbox 1633 1436 1707 1509; x_wconf 90' lang='lat' dir='ltr'>C.</span> <span class='ocrx_word' id='word_1_102' title='bbox 1733 1436 1808 1510; x_wconf 94' lang='lat' dir='ltr'>C.</span> <span class='ocrx_word' id='word_1_103' title='bbox 1837 1439 2232 1529; x_wconf 88' lang='lat' dir='ltr'>respondit:</span> <span class='ocrx_word' id='word_1_104' title='bbox 2269 1462 2307 1503; x_wconf 68' lang='lat' dir='ltr'>&lt;c</span> <span class='ocrx_word' id='word_1_105' title='bbox 2330 1436 2487 1510; x_wconf 87' lang='lat' dir='ltr'>Non</span> <span class='ocrx_word' id='word_1_106' title='bbox 2518 1441 2820 1511; x_wconf 76' lang='lat' dir='ltr'>teneri.»</span> 
     </span>
     <span class='ocr_line' id='line_1_12' title="bbox 293 1542 2825 1640; baseline 0.002 -22"><span class='ocrx_word' id='word_1_107' title='bbox 293 1549 466 1620; x_wconf 88' lang='grc'><strong>362.</strong></span> <span class='ocrx_word' id='word_1_108' title='bbox 523 1542 772 1639; x_wconf 85' lang='lat' dir='ltr'>Neque</span> <span class='ocrx_word' id='word_1_109' title='bbox 823 1548 914 1620; x_wconf 91' lang='lat' dir='ltr'>de</span> <span class='ocrx_word' id='word_1_110' title='bbox 968 1550 1297 1640; x_wconf 86' lang='lat' dir='ltr'>parochis</span> <span class='ocrx_word' id='word_1_111' title='bbox 1354 1550 1817 1621; x_wconf 87' lang='lat' dir='ltr'>missionariis</span> <span class='ocrx_word' id='word_1_112' title='bbox 1881 1550 2262 1623; x_wconf 89' lang='lat' dir='ltr'>dicendum</span> <span class='ocrx_word' id='word_1_113' title='bbox 2317 1558 2425 1622; x_wconf 93' lang='lat' dir='ltr'>est</span> <span class='ocrx_word' id='word_1_114' title='bbox 2478 1569 2684 1624; x_wconf 90' lang='lat' dir='ltr'>secus</span> <span class='ocrx_word' id='word_1_115' title='bbox 2740 1569 2825 1624; x_wconf 87' lang='lat' dir='ltr'>ac</span> 
     </span>
     <span class='ocr_line' id='line_1_13' title="bbox 155 1656 2826 1752; baseline 0.001 -22"><span class='ocrx_word' id='word_1_116' title='bbox 155 1678 368 1751; x_wconf 88' lang='lat' dir='ltr'>supra</span> <span class='ocrx_word' id='word_1_117' title='bbox 440 1660 710 1731; x_wconf 87' lang='lat' dir='ltr'>dictum</span> <span class='ocrx_word' id='word_1_118' title='bbox 763 1659 898 1732; x_wconf 82' lang='lat' dir='ltr'>fuit</span> <span class='ocrx_word' id='word_1_119' title='bbox 953 1660 1040 1732; x_wconf 93' lang='lat' dir='ltr'>de</span> <span class='ocrx_word' id='word_1_120' title='bbox 1092 1656 1388 1733; x_wconf 86' lang='lat' dir='ltr'>Vicariis</span> <span class='ocrx_word' id='word_1_121' title='bbox 1446 1661 1889 1752; x_wconf 80' lang='lat' dir='ltr'>ApostoliciS,</span> <span class='ocrx_word' id='word_1_122' title='bbox 1948 1664 2072 1752; x_wconf 89' lang='lat' dir='ltr'>qui</span> <span class='ocrx_word' id='word_1_123' title='bbox 2127 1661 2585 1733; x_wconf 89' lang='lat' dir='ltr'>missionibus</span> <span class='ocrx_word' id='word_1_124' title='bbox 2636 1664 2826 1734; x_wconf 88' lang='lat' dir='ltr'>inter</span> 
     </span>
     <span class='ocr_line' id='line_1_14' title="bbox 157 1768 2818 1865; baseline 0.001 -26"><span class='ocrx_word' id='word_1_125' title='bbox 157 1769 483 1842; x_wconf 87' lang='lat' dir='ltr'>infideles</span> <span class='ocrx_word' id='word_1_126' title='bbox 534 1780 908 1861; x_wconf 84' lang='lat' dir='ltr'>praesunt.</span> <span class='ocrx_word' id='word_1_127' title='bbox 965 1768 1049 1843; x_wconf 90' lang='lat' dir='ltr'>Id</span> <span class='ocrx_word' id='word_1_128' title='bbox 1104 1773 1293 1844; x_wconf 88' lang='lat' dir='ltr'>enim</span> <span class='ocrx_word' id='word_1_129' title='bbox 1330 1779 1682 1845; x_wconf 88' lang='lat' dir='ltr'>statutum</span> <span class='ocrx_word' id='word_1_130' title='bbox 1738 1774 1957 1845; x_wconf 81' lang='lat' dir='ltr'>fuisse</span> <span class='ocrx_word' id='word_1_131' title='bbox 1995 1794 2035 1844; x_wconf 89' lang='lat' dir='ltr'>a</span> <span class='ocrx_word' id='word_1_132' title='bbox 2072 1769 2144 1844; x_wconf 93' lang='lat' dir='ltr'>S.</span> <span class='ocrx_word' id='word_1_133' title='bbox 2177 1772 2433 1864; x_wconf 82' lang='lat' dir='ltr'>Congr.</span> <span class='ocrx_word' id='word_1_134' title='bbox 2474 1774 2564 1846; x_wconf 89' lang='lat' dir='ltr'>de</span> <span class='ocrx_word' id='word_1_135' title='bbox 2607 1770 2818 1865; x_wconf 92' lang='lat' dir='ltr'>Prop.</span> 
     </span>
     <span class='ocr_line' id='line_1_15' title="bbox 155 1878 2828 1978; baseline 0.001 -27"><span class='ocrx_word' id='word_1_136' title='bbox 155 1878 323 1954; x_wconf 87' lang='lat' dir='ltr'>Fide</span> <span class='ocrx_word' id='word_1_137' title='bbox 375 1881 674 1954; x_wconf 84' lang='lat' dir='ltr'>eruebat</span> <span class='ocrx_word' id='word_1_138' title='bbox 724 1882 971 1955; x_wconf 81' lang='lat' dir='ltr'>folium</span> <span class='ocrx_word' id='word_1_139' title='bbox 1027 1902 1285 1955; x_wconf 88' lang='lat' dir='ltr'>causae</span> <span class='ocrx_word' id='word_1_140' title='bbox 1325 1885 1702 1956; x_wconf 82' lang='lat' dir='ltr'>Dublinen.</span> <span class='ocrx_word' id='word_1_141' title='bbox 1743 1882 1818 1978; x_wconf 63' lang='grc' dir='ltr'>ξ.</span> <span class='ocrx_word' id='word_1_142' title='bbox 1866 1886 2112 1957; x_wconf 83' lang='lat' dir='ltr'>Verum</span> <span class='ocrx_word' id='word_1_143' title='bbox 2148 1903 2234 1957; x_wconf 83' lang='lat' dir='ltr'>ex</span> <span class='ocrx_word' id='word_1_144' title='bbox 2273 1892 2471 1973; x_wconf 89' lang='lat' dir='ltr'>nota,</span> <span class='ocrx_word' id='word_1_145' title='bbox 2516 1903 2700 1975; x_wconf 88' lang='lat' dir='ltr'>quae</span> <span class='ocrx_word' id='word_1_146' title='bbox 2739 1903 2828 1957; x_wconf 80' lang='lat' dir='ltr'>ex</span> 
     </span>
     <span class='ocr_line' id='line_1_16' title="bbox 157 1991 2818 2087; baseline 0 -22"><span class='ocrx_word' id='word_1_147' title='bbox 157 1993 510 2065; x_wconf 86' lang='lat' dir='ltr'>tabulario</span> <span class='ocrx_word' id='word_1_148' title='bbox 563 1992 637 2067; x_wconf 92' lang='lat' dir='ltr'>S.</span> <span class='ocrx_word' id='word_1_149' title='bbox 678 1992 752 2066; x_wconf 89' lang='lat' dir='ltr'>C.</span> <span class='ocrx_word' id='word_1_150' title='bbox 810 1995 899 2067; x_wconf 90' lang='lat' dir='ltr'>de</span> <span class='ocrx_word' id='word_1_151' title='bbox 951 1991 1159 2086; x_wconf 92' lang='lat' dir='ltr'>Prop.</span> <span class='ocrx_word' id='word_1_152' title='bbox 1202 1994 1374 2068; x_wconf 88' lang='lat' dir='ltr'>Fide</span> <span class='ocrx_word' id='word_1_153' title='bbox 1427 1997 1846 2086; x_wconf 87' lang='lat' dir='ltr'>deprompta</span> <span class='ocrx_word' id='word_1_154' title='bbox 1917 1996 2110 2087; x_wconf 89' lang='lat' dir='ltr'>apud</span> <span class='ocrx_word' id='word_1_155' title='bbox 2162 2003 2322 2069; x_wconf 88' lang='lat' dir='ltr'>acta</span> <span class='ocrx_word' id='word_1_156' title='bbox 2378 1995 2451 2070; x_wconf 90' lang='lat' dir='ltr'>S.</span> <span class='ocrx_word' id='word_1_157' title='bbox 2491 1994 2565 2068; x_wconf 93' lang='lat' dir='ltr'>C.</span> <span class='ocrx_word' id='word_1_158' title='bbox 2606 1994 2818 2069; x_wconf 92' lang='lat' dir='ltr'>Conc.</span> 
     </span>
     <span class='ocr_line' id='line_1_17' title="bbox 156 2103 2823 2202; baseline 0.001 -25"><span class='ocrx_word' id='word_1_159' title='bbox 156 2104 474 2177; x_wconf 76' lang='lat' dir='ltr'>exhibita</span> <span class='ocrx_word' id='word_1_160' title='bbox 530 2106 759 2179; x_wconf 82' lang='lat' dir='ltr'>fuerat</span> <span class='ocrx_word' id='word_1_161' title='bbox 812 2125 939 2198; x_wconf 89' lang='lat' dir='ltr'>pro</span> <span class='ocrx_word' id='word_1_162' title='bbox 995 2107 1451 2180; x_wconf 88' lang='lat' dir='ltr'>missionibus</span> <span class='ocrx_word' id='word_1_163' title='bbox 1511 2106 2064 2180; x_wconf 89' lang='lat' dir='ltr'>Pekinensibus.</span> <span class='ocrx_word' id='word_1_164' title='bbox 2126 2107 2366 2180; x_wconf 76' lang='lat' dir='ltr'>«Cum</span> <span class='ocrx_word' id='word_1_165' title='bbox 2421 2110 2610 2180; x_wconf 90' lang='lat' dir='ltr'>enim</span> <span class='ocrx_word' id='word_1_166' title='bbox 2665 2103 2823 2202; x_wconf 89' lang='lat' dir='ltr'>(ita</span> 
     </span>
     <span class='ocr_line' id='line_1_18' title="bbox 156 2215 2824 2311; baseline 0.002 -28"><span class='ocrx_word' id='word_1_167' title='bbox 156 2243 194 2283; x_wconf 79' lang='lat'>›</span> <span class='ocrx_word' id='word_1_168' title='bbox 235 2215 502 2289; x_wconf 88' lang='lat' dir='ltr'>ibidem</span> <span class='ocrx_word' id='word_1_169' title='bbox 557 2216 863 2311; x_wconf 82' lang='lat' dir='ltr'>legitur)</span> <span class='ocrx_word' id='word_1_170' title='bbox 918 2218 1202 2291; x_wconf 90' lang='lat' dir='ltr'>decreto</span> <span class='ocrx_word' id='word_1_171' title='bbox 1255 2222 1376 2291; x_wconf 91' lang='grc'>28.</span> <span class='ocrx_word' id='word_1_172' title='bbox 1417 2215 1709 2290; x_wconf 87' lang='lat' dir='ltr'>Ianuar.</span> <span class='ocrx_word' id='word_1_173' title='bbox 1759 2218 1972 2291; x_wconf 88' lang='lat'><strong>1780.</strong></span> <span class='ocrx_word' id='word_1_174' title='bbox 2040 2220 2257 2307; x_wconf 89' lang='lat' dir='ltr'>edito,</span> <span class='ocrx_word' id='word_1_175' title='bbox 2314 2225 2383 2292; x_wconf 87' lang='lat' dir='ltr'>et</span> <span class='ocrx_word' id='word_1_176' title='bbox 2439 2240 2482 2291; x_wconf 91' lang='lat' dir='ltr'>a</span> <span class='ocrx_word' id='word_1_177' title='bbox 2533 2221 2824 2291; x_wconf 89' lang='lat' dir='ltr'>Summo</span> 
     </span>
     <span class='ocr_line' id='line_1_19' title="bbox 155 2325 2826 2422; baseline 0.003 -27"><span class='ocrx_word' id='word_1_178' title='bbox 155 2353 191 2395; x_wconf 82' lang='lat'><strong>›</strong></span> <span class='ocrx_word' id='word_1_179' title='bbox 231 2325 577 2401; x_wconf 87' lang='lat' dir='ltr'>Pontifice</span> <span class='ocrx_word' id='word_1_180' title='bbox 637 2327 759 2401; x_wconf 88' lang='lat' dir='ltr'>Pio</span> <span class='ocrx_word' id='word_1_181' title='bbox 814 2326 937 2399; x_wconf 89' lang='lat' dir='ltr'><strong>vl.</strong></span> <span class='ocrx_word' id='word_1_182' title='bbox 998 2329 1391 2422; x_wconf 87' lang='lat' dir='ltr'>approbato</span> <span class='ocrx_word' id='word_1_183' title='bbox 1462 2330 1576 2401; x_wconf 90' lang='lat' dir='ltr'>die</span> <span class='ocrx_word' id='word_1_184' title='bbox 1636 2332 1751 2401; x_wconf 84' lang='lat'><strong>13.</strong></span> <span class='ocrx_word' id='word_1_185' title='bbox 1806 2327 2015 2401; x_wconf 87' lang='lat' dir='ltr'>Febr.</span> <span class='ocrx_word' id='word_1_186' title='bbox 2090 2331 2308 2403; x_wconf 87' lang='lat'><strong>1780.</strong></span> <span class='ocrx_word' id='word_1_187' title='bbox 2386 2330 2826 2403; x_wconf 87' lang='lat' dir='ltr'>declaratum</span> 
     </span>
     <span class='ocr_line' id='line_1_20' title="bbox 151 2438 2829 2533; baseline 0.004 -28"><span class='ocrx_word' id='word_1_188' title='bbox 151 2465 190 2505; x_wconf 56' lang='grc' dir='ltr'><strong>ν</strong></span> <span class='ocrx_word' id='word_1_189' title='bbox 231 2438 486 2511; x_wconf 83' lang='lat' dir='ltr'>fuisset</span> <span class='ocrx_word' id='word_1_190' title='bbox 540 2441 1032 2525; x_wconf 79' lang='lat' dir='ltr'>missionariiS,</span> <span class='ocrx_word' id='word_1_191' title='bbox 1091 2441 1246 2512; x_wconf 93' lang='lat' dir='ltr'>illos</span> <span class='ocrx_word' id='word_1_192' title='bbox 1298 2442 1714 2513; x_wconf 88' lang='lat' dir='ltr'>nullatenus</span> <span class='ocrx_word' id='word_1_193' title='bbox 1766 2442 2112 2532; x_wconf 87' lang='lat' dir='ltr'>parochos</span> <span class='ocrx_word' id='word_1_194' title='bbox 2166 2461 2351 2531; x_wconf 90' lang='lat' dir='ltr'>esse,</span> <span class='ocrx_word' id='word_1_195' title='bbox 2427 2461 2662 2533; x_wconf 88' lang='lat' dir='ltr'>neque</span> <span class='ocrx_word' id='word_1_196' title='bbox 2714 2460 2829 2514; x_wconf 90' lang='lat' dir='ltr'>ec-</span> 
     </span>
     <span class='ocr_line' id='line_1_21' title="bbox 153 2551 2829 2646; baseline 0.002 -25"><span class='ocrx_word' id='word_1_197' title='bbox 153 2575 191 2620; x_wconf 78' lang='lat'><strong>»</strong></span> <span class='ocrx_word' id='word_1_198' title='bbox 232 2551 489 2623; x_wconf 89' lang='lat' dir='ltr'>clesias</span> <span class='ocrx_word' id='word_1_199' title='bbox 555 2570 798 2624; x_wconf 88' lang='lat' dir='ltr'>eorum</span> <span class='ocrx_word' id='word_1_200' title='bbox 854 2571 1018 2626; x_wconf 90' lang='lat' dir='ltr'>vere</span> <span class='ocrx_word' id='word_1_201' title='bbox 1073 2560 1142 2625; x_wconf 91' lang='lat' dir='ltr'>et</span> <span class='ocrx_word' id='word_1_202' title='bbox 1195 2553 1479 2645; x_wconf 87' lang='lat' dir='ltr'>proprie</span> <span class='ocrx_word' id='word_1_203' title='bbox 1557 2553 2044 2645; x_wconf 80' lang='lat' dir='ltr'>parochiales3</span> <span class='ocrx_word' id='word_1_204' title='bbox 2102 2555 2489 2646; x_wconf 91' lang='lat' dir='ltr'>posteriore</span> <span class='ocrx_word' id='word_1_205' title='bbox 2545 2554 2829 2626; x_wconf 90' lang='lat' dir='ltr'>decreto</span> 
     </span>
     <span class='ocr_line' id='line_1_22' title="bbox 151 2660 2827 2757; baseline 0.003 -28"><span class='ocrx_word' id='word_1_206' title='bbox 151 2689 189 2729; x_wconf 82' lang='lat'>›</span> <span class='ocrx_word' id='word_1_207' title='bbox 231 2662 351 2734; x_wconf 89' lang='lat' dir='ltr'>die</span> <span class='ocrx_word' id='word_1_208' title='bbox 404 2660 676 2734; x_wconf 75' lang='lat' dir='ltr'>4.1an.</span> <span class='ocrx_word' id='word_1_209' title='bbox 727 2666 982 2754; x_wconf 75' lang='grc'><strong>1798,</strong></span> <span class='ocrx_word' id='word_1_210' title='bbox 1039 2666 1400 2757; x_wconf 87' lang='lat' dir='ltr'>proposito</span> <span class='ocrx_word' id='word_1_211' title='bbox 1470 2664 1732 2755; x_wconf 73' lang='lat' dir='ltr'>(lubic,</span> <span class='ocrx_word' id='word_1_212' title='bbox 1792 2671 2030 2737; x_wconf 89' lang='lat' dir='ltr'>utrum</span> <span class='ocrx_word' id='word_1_213' title='bbox 2112 2668 2325 2739; x_wconf 87' lang='lat' dir='ltr'>iidem</span> <span class='ocrx_word' id='word_1_214' title='bbox 2398 2667 2827 2738; x_wconf 88' lang='lat' dir='ltr'>missionarii</span> 
     </span>
     <span class='ocr_line' id='line_1_23' title="bbox 151 2772 2827 2869; baseline 0.002 -27"><span class='ocrx_word' id='word_1_215' title='bbox 151 2776 589 2846; x_wconf 80' lang='lat' dir='ltr'>»immunes</span> <span class='ocrx_word' id='word_1_216' title='bbox 660 2775 751 2846; x_wconf 87' lang='lat' dir='ltr'>ab</span> <span class='ocrx_word' id='word_1_217' title='bbox 823 2794 1040 2847; x_wconf 92' lang='lat' dir='ltr'>onere</span> <span class='ocrx_word' id='word_1_218' title='bbox 1093 2772 1378 2848; x_wconf 86' lang='lat' dir='ltr'>Missam</span> <span class='ocrx_word' id='word_1_219' title='bbox 1457 2796 1583 2868; x_wconf 89' lang='lat' dir='ltr'>pro</span> <span class='ocrx_word' id='word_1_220' title='bbox 1636 2779 1900 2867; x_wconf 90' lang='lat' dir='ltr'>populo</span> <span class='ocrx_word' id='word_1_221' title='bbox 1972 2777 2382 2869; x_wconf 85' lang='lat' dir='ltr'>applicandi</span> <span class='ocrx_word' id='word_1_222' title='bbox 2438 2778 2827 2849; x_wconf 84' lang='lat' dir='ltr'>existimari</span> 
     </span>
     <span class='ocr_line' id='line_1_24' title="bbox 151 2883 2829 2980; baseline 0.001 -26"><span class='ocrx_word' id='word_1_223' title='bbox 151 2911 187 2953; x_wconf 83' lang='lat'><strong>›</strong></span> <span class='ocrx_word' id='word_1_224' title='bbox 230 2886 608 2974; x_wconf 87' lang='lat' dir='ltr'>deberent,</span> <span class='ocrx_word' id='word_1_225' title='bbox 644 2912 682 2958; x_wconf 77' lang='lat'>&gt;</span> <span class='ocrx_word' id='word_1_226' title='bbox 742 2885 815 2957; x_wconf 91' lang='lat' dir='ltr'><strong>S.</strong></span> <span class='ocrx_word' id='word_1_227' title='bbox 857 2885 930 2958; x_wconf 93' lang='lat' dir='ltr'><strong>C.</strong></span> <span class='ocrx_word' id='word_1_228' title='bbox 973 2888 1382 2978; x_wconf 88' lang='lat' dir='ltr'>respondit.</span> <span class='ocrx_word' id='word_1_229' title='bbox 1449 2910 1486 2953; x_wconf 81' lang='lat'><strong>«</strong></span> <span class='ocrx_word' id='word_1_230' title='bbox 1533 2887 1897 2960; x_wconf 84' lang='lat' dir='ltr'>Provisum</span> <span class='ocrx_word' id='word_1_231' title='bbox 1952 2906 2076 2980; x_wconf 93' lang='lat' dir='ltr'>per</span> <span class='ocrx_word' id='word_1_232' title='bbox 2130 2888 2494 2960; x_wconf 90' lang='lat' dir='ltr'>decretum</span> <span class='ocrx_word' id='word_1_233' title='bbox 2549 2883 2829 2959; x_wconf 71' lang='grc'><strong>2813-</strong></span> 
     </span>
     <span class='ocr_line' id='line_1_25' title="bbox 148 2995 2827 3090; baseline 0.001 -25"><span class='ocrx_word' id='word_1_234' title='bbox 148 3020 188 3064; x_wconf 77' lang='lat'><strong>&gt;</strong></span> <span class='ocrx_word' id='word_1_235' title='bbox 228 3015 443 3068; x_wconf 90' lang='lat' dir='ltr'>nuar.</span> <span class='ocrx_word' id='word_1_236' title='bbox 491 2999 705 3071; x_wconf 91' lang='lat'><strong>1780.</strong></span> <span class='ocrx_word' id='word_1_237' title='bbox 764 3019 804 3070; x_wconf 89' lang='lat' dir='ltr'>a</span> <span class='ocrx_word' id='word_1_238' title='bbox 859 2998 1251 3071; x_wconf 86' lang='lat' dir='ltr'>Sanctitate</span> <span class='ocrx_word' id='word_1_239' title='bbox 1306 2997 1448 3071; x_wconf 91' lang='lat' dir='ltr'>Sua</span> <span class='ocrx_word' id='word_1_240' title='bbox 1501 2999 2080 3090; x_wconf 77' lang='lat' dir='ltr'>approbatum.»</span> <span class='ocrx_word' id='word_1_241' title='bbox 2136 2995 2337 3081; x_wconf 89' lang='lat' dir='ltr'>Quod</span> <span class='ocrx_word' id='word_1_242' title='bbox 2390 2999 2449 3069; x_wconf 91' lang='lat' dir='ltr'>si</span> <span class='ocrx_word' id='word_1_243' title='bbox 2488 2998 2827 3089; x_wconf 88' lang='lat' dir='ltr'>parochia</span> 
     </span>
     <span class='ocr_line' id='line_1_26' title="bbox 147 3109 2826 3202; baseline 0 -21"><span class='ocrx_word' id='word_1_244' title='bbox 147 3111 226 3181; x_wconf 90' lang='lat' dir='ltr'>in</span> <span class='ocrx_word' id='word_1_245' title='bbox 262 3110 557 3182; x_wconf 89' lang='lat' dir='ltr'>titulum</span> <span class='ocrx_word' id='word_1_246' title='bbox 595 3112 936 3183; x_wconf 87' lang='lat' dir='ltr'>canonice</span> <span class='ocrx_word' id='word_1_247' title='bbox 988 3118 1222 3183; x_wconf 90' lang='lat' dir='ltr'>erecta</span> <span class='ocrx_word' id='word_1_248' title='bbox 1271 3111 1546 3196; x_wconf 80' lang='lat' dir='ltr'>fuisset,</span> <span class='ocrx_word' id='word_1_249' title='bbox 1586 3112 1865 3183; x_wconf 91' lang='lat' dir='ltr'>etiamsi</span> <span class='ocrx_word' id='word_1_250' title='bbox 1905 3117 2234 3202; x_wconf 83' lang='lat' dir='ltr'>ageretur</span> <span class='ocrx_word' id='word_1_251' title='bbox 2270 3111 2357 3182; x_wconf 89' lang='lat' dir='ltr'>de</span> <span class='ocrx_word' id='word_1_252' title='bbox 2393 3109 2595 3199; x_wconf 90' lang='lat' dir='ltr'>locis,</span> <span class='ocrx_word' id='word_1_253' title='bbox 2639 3128 2826 3199; x_wconf 87' lang='lat' dir='ltr'>quae</span> 
     </span>
     <span class='ocr_line' id='line_1_27' title="bbox 141 3220 2827 3314; baseline -0.001 -21"><span class='ocrx_word' id='word_1_254' title='bbox 141 3223 372 3293; x_wconf 88' lang='lat' dir='ltr'>sacris</span> <span class='ocrx_word' id='word_1_255' title='bbox 425 3222 886 3293; x_wconf 89' lang='lat' dir='ltr'>missionibus</span> <span class='ocrx_word' id='word_1_256' title='bbox 939 3222 1226 3294; x_wconf 85' lang='lat' dir='ltr'>addicta</span> <span class='ocrx_word' id='word_1_257' title='bbox 1265 3228 1460 3311; x_wconf 89' lang='lat' dir='ltr'>sunt,</span> <span class='ocrx_word' id='word_1_258' title='bbox 1504 3228 1652 3293; x_wconf 89' lang='lat' dir='ltr'>tum</span> <span class='ocrx_word' id='word_1_259' title='bbox 1692 3222 1979 3314; x_wconf 87' lang='lat' dir='ltr'>parochi</span> <span class='ocrx_word' id='word_1_260' title='bbox 2021 3221 2445 3293; x_wconf 89' lang='lat' dir='ltr'>missionarii</span> <span class='ocrx_word' id='word_1_261' title='bbox 2485 3220 2576 3292; x_wconf 88' lang='lat' dir='ltr'>ab</span> <span class='ocrx_word' id='word_1_262' title='bbox 2610 3238 2827 3292; x_wconf 91' lang='lat' dir='ltr'>onere</span> 
     </span>
     <span class='ocr_line' id='line_1_28' title="bbox 141 3329 2827 3425; baseline -0 -21"><span class='ocrx_word' id='word_1_263' title='bbox 141 3333 477 3405; x_wconf 85' lang='lat' dir='ltr'>sacrificii</span> <span class='ocrx_word' id='word_1_264' title='bbox 514 3352 643 3424; x_wconf 91' lang='lat' dir='ltr'>pro</span> <span class='ocrx_word' id='word_1_265' title='bbox 679 3335 940 3425; x_wconf 92' lang='lat' dir='ltr'>populo</span> <span class='ocrx_word' id='word_1_266' title='bbox 977 3335 1358 3424; x_wconf 86' lang='lat' dir='ltr'>perlitandi</span> <span class='ocrx_word' id='word_1_267' title='bbox 1412 3352 1570 3406; x_wconf 87' lang='lat' dir='ltr'>sese</span> <span class='ocrx_word' id='word_1_268' title='bbox 1625 3352 1771 3404; x_wconf 92' lang='lat' dir='ltr'>non</span> <span class='ocrx_word' id='word_1_269' title='bbox 1828 3335 2225 3424; x_wconf 89' lang='lat' dir='ltr'>potuissent</span> <span class='ocrx_word' id='word_1_270' title='bbox 2263 3334 2605 3405; x_wconf 85' lang='lat' dir='ltr'>eximere.</span> <span class='ocrx_word' id='word_1_271' title='bbox 2644 3329 2827 3403; x_wconf 88' lang='lat' dir='ltr'>Nam</span> 
     </span>
     <span class='ocr_line' id='line_1_29' title="bbox 141 3442 2829 3537; baseline 0 -23"><span class='ocrx_word' id='word_1_272' title='bbox 141 3445 368 3516; x_wconf 81' lang='lat' dir='ltr'>refert</span> <span class='ocrx_word' id='word_1_273' title='bbox 419 3442 763 3516; x_wconf 89' lang='lat' dir='ltr'>Zambon.</span> <span class='ocrx_word' id='word_1_274' title='bbox 810 3445 982 3518; x_wconf 86' lang='lat' dir='ltr'><strong>Coll.</strong></span> <span class='ocrx_word' id='word_1_275' title='bbox 1030 3447 1192 3518; x_wconf 84' lang='lat' dir='ltr'>Dec.</span> <span class='ocrx_word' id='word_1_276' title='bbox 1240 3449 1312 3518; x_wconf 92' lang='lat' dir='ltr'><strong>S.</strong></span> <span class='ocrx_word' id='word_1_277' title='bbox 1352 3447 1605 3537; x_wconf 79' lang='lat' dir='ltr'>Conqr.</span> <span class='ocrx_word' id='word_1_278' title='bbox 1654 3446 1861 3518; x_wconf 83' lang='lat' dir='ltr'><strong>Conc.</strong></span> <span class='ocrx_word' id='word_1_279' title='bbox 1903 3452 2071 3517; x_wconf 84' lang='lat' dir='ltr'>tom.</span> <span class='ocrx_word' id='word_1_280' title='bbox 2114 3446 2187 3516; x_wconf 91' lang='lat'><strong>5.</strong></span> <span class='ocrx_word' id='word_1_281' title='bbox 2221 3443 2421 3517; x_wconf 84' lang='lat' dir='ltr'>verb.</span> <span class='ocrx_word' id='word_1_282' title='bbox 2464 3444 2829 3516; x_wconf 82' lang='lat' dir='ltr'>Parochus</span> 
     </span>
     <span class='ocr_line' id='line_1_30' title="bbox 133 3554 2831 3650; baseline 0 -25"><span class='ocrx_word' id='word_1_283' title='bbox 133 3554 214 3650; x_wconf 62' lang='grc' dir='ltr'>ἓ.</span> <span class='ocrx_word' id='word_1_284' title='bbox 271 3556 350 3629; x_wconf 79' lang='lat' dir='ltr'>V.</span> <span class='ocrx_word' id='word_1_285' title='bbox 410 3556 488 3626; x_wconf 81' lang='lat' dir='ltr'>in</span> <span class='ocrx_word' id='word_1_286' title='bbox 544 3562 712 3628; x_wconf 80' lang='lat' dir='ltr'>nota</span> <span class='ocrx_word' id='word_1_287' title='bbox 765 3577 962 3628; x_wconf 83' lang='lat' dir='ltr'>num.</span> <span class='ocrx_word' id='word_1_288' title='bbox 1001 3558 1124 3631; x_wconf 78' lang='lat'>29.</span> <span class='ocrx_word' id='word_1_289' title='bbox 1159 3577 1329 3649; x_wconf 76' lang='lat' dir='ltr'>paq.</span> <span class='ocrx_word' id='word_1_290' title='bbox 1369 3555 1535 3638; x_wconf 69' lang='lat'>28„</span> <span class='ocrx_word' id='word_1_291' title='bbox 1571 3557 1763 3647; x_wconf 91' lang='lat' dir='ltr'>quod</span> <span class='ocrx_word' id='word_1_292' title='bbox 1813 3561 1963 3627; x_wconf 89' lang='lat' dir='ltr'>orta</span> <span class='ocrx_word' id='word_1_293' title='bbox 2018 3557 2441 3646; x_wconf 90' lang='lat' dir='ltr'>quaestione</span> <span class='ocrx_word' id='word_1_294' title='bbox 2500 3579 2538 3620; x_wconf 69' lang='lat' dir='ltr'>&lt;z</span> <span class='ocrx_word' id='word_1_295' title='bbox 2576 3562 2831 3627; x_wconf 91' lang='lat' dir='ltr'>tenen-</span> 
     </span>
     <span class='ocr_line' id='line_1_31' title="bbox 139 3663 2828 3763; baseline 0 -28"><span class='ocrx_word' id='word_1_296' title='bbox 139 3694 182 3735; x_wconf 69' lang='lat'><strong>»</strong></span> <span class='ocrx_word' id='word_1_297' title='bbox 223 3674 445 3739; x_wconf 89' lang='lat' dir='ltr'>turne</span> <span class='ocrx_word' id='word_1_298' title='bbox 498 3667 789 3759; x_wconf 88' lang='lat' dir='ltr'>parochi</span> <span class='ocrx_word' id='word_1_299' title='bbox 842 3669 981 3739; x_wconf 91' lang='lat' dir='ltr'>illis</span> <span class='ocrx_word' id='word_1_300' title='bbox 1034 3669 1293 3741; x_wconf 89' lang='lat' dir='ltr'>diebus</span> <span class='ocrx_word' id='word_1_301' title='bbox 1347 3663 1661 3763; x_wconf 92' lang='lat' dir='ltr'>(quibus</span> <span class='ocrx_word' id='word_1_302' title='bbox 1712 3668 2050 3759; x_wconf 85' lang='lat' dir='ltr'>operibus</span> <span class='ocrx_word' id='word_1_303' title='bbox 2102 3667 2480 3739; x_wconf 82' lang='lat' dir='ltr'>servilibus</span> <span class='ocrx_word' id='word_1_304' title='bbox 2535 3684 2828 3760; x_wconf 87' lang='lat' dir='ltr'>operam</span> 
     </span>
     <span class='ocr_line' id='line_1_32' title="bbox 140 3777 2832 3877; baseline 0.001 -30"><span class='ocrx_word' id='word_1_305' title='bbox 140 3804 182 3846; x_wconf 63' lang='grc' dir='ltr'>ι»</span> <span class='ocrx_word' id='word_1_306' title='bbox 227 3778 406 3850; x_wconf 89' lang='lat' dir='ltr'>dare</span> <span class='ocrx_word' id='word_1_307' title='bbox 457 3779 815 3851; x_wconf 90' lang='lat' dir='ltr'>indultum</span> <span class='ocrx_word' id='word_1_308' title='bbox 870 3779 1036 3877; x_wconf 84' lang='lat' dir='ltr'>luit)</span> <span class='ocrx_word' id='word_1_309' title='bbox 1092 3778 1406 3866; x_wconf 87' lang='lat' dir='ltr'>Missam,</span> <span class='ocrx_word' id='word_1_310' title='bbox 1465 3786 1545 3851; x_wconf 93' lang='lat' dir='ltr'>ut</span> <span class='ocrx_word' id='word_1_311' title='bbox 1596 3787 1838 3866; x_wconf 89' lang='lat' dir='ltr'>antea,</span> <span class='ocrx_word' id='word_1_312' title='bbox 1881 3797 2008 3870; x_wconf 91' lang='lat' dir='ltr'>pro</span> <span class='ocrx_word' id='word_1_313' title='bbox 2044 3777 2295 3851; x_wconf 83' lang='lat' dir='ltr'>ovibus</span> <span class='ocrx_word' id='word_1_314' title='bbox 2348 3779 2486 3851; x_wconf 90' lang='lat' dir='ltr'>sibi</span> <span class='ocrx_word' id='word_1_315' title='bbox 2542 3778 2832 3850; x_wconf 90' lang='lat' dir='ltr'>creditis</span> 
     </span>
     <span class='ocr_line' id='line_1_33' title="bbox 135 3887 2823 3984; baseline 0 -24"><span class='ocrx_word' id='word_1_316' title='bbox 135 3916 182 3960; x_wconf 80' lang='lat'><strong>&gt;</strong></span> <span class='ocrx_word' id='word_1_317' title='bbox 228 3887 641 3984; x_wconf 64' lang='lat' dir='ltr'>applicare?</span> <span class='ocrx_word' id='word_1_318' title='bbox 676 3917 713 3958; x_wconf 82' lang='lat'><strong>»</strong></span> <span class='ocrx_word' id='word_1_319' title='bbox 754 3899 826 3965; x_wconf 89' lang='lat' dir='ltr'>et</span> <span class='ocrx_word' id='word_1_320' title='bbox 861 3894 1282 3982; x_wconf 89' lang='lat' dir='ltr'>quaestione</span> <span class='ocrx_word' id='word_1_321' title='bbox 1320 3911 1359 3961; x_wconf 89' lang='lat' dir='ltr'>a</span> <span class='ocrx_word' id='word_1_322' title='bbox 1398 3889 1471 3963; x_wconf 92' lang='lat' dir='ltr'><strong>S.</strong></span> <span class='ocrx_word' id='word_1_323' title='bbox 1497 3890 1572 3964; x_wconf 93' lang='lat' dir='ltr'>C.</span> <span class='ocrx_word' id='word_1_324' title='bbox 1606 3892 1693 3963; x_wconf 92' lang='lat' dir='ltr'>de</span> <span class='ocrx_word' id='word_1_325' title='bbox 1722 3888 1930 3982; x_wconf 91' lang='lat' dir='ltr'>Prop.</span> <span class='ocrx_word' id='word_1_326' title='bbox 1965 3889 2134 3963; x_wconf 87' lang='lat' dir='ltr'>Fide</span> <span class='ocrx_word' id='word_1_327' title='bbox 2163 3898 2441 3962; x_wconf 90' lang='lat' dir='ltr'>mature</span> <span class='ocrx_word' id='word_1_328' title='bbox 2481 3907 2823 3980; x_wconf 84' lang='lat' dir='ltr'>expensa,</span> 
     </span>
     <span class='ocr_line' id='line_1_34' title="bbox 127 4003 2823 4095; baseline -0.001 -22"><span class='ocrx_word' id='word_1_329' title='bbox 127 4021 576 4094; x_wconf 84' lang='lat' dir='ltr'>responsum</span> <span class='ocrx_word' id='word_1_330' title='bbox 616 4003 749 4075; x_wconf 82' lang='lat' dir='ltr'>fuit</span> <span class='ocrx_word' id='word_1_331' title='bbox 787 4004 1275 4090; x_wconf 78' lang='lat' dir='ltr'>missionariiS,</span> <span class='ocrx_word' id='word_1_332' title='bbox 1319 4005 1438 4092; x_wconf 89' lang='lat' dir='ltr'>qui</span> <span class='ocrx_word' id='word_1_333' title='bbox 1492 4004 1681 4075; x_wconf 89' lang='lat' dir='ltr'>hanc</span> <span class='ocrx_word' id='word_1_334' title='bbox 1719 4003 2208 4093; x_wconf 90' lang='lat' dir='ltr'>quaestionem</span> <span class='ocrx_word' id='word_1_335' title='bbox 2248 4007 2770 4095; x_wconf 87' lang='lat' dir='ltr'>proposuerant</span> <span class='ocrx_word' id='word_1_336' title='bbox 2804 4018 2823 4068; x_wconf 71' lang='grc' dir='ltr'>ε</span> 
     </span>
     <span class='ocr_line' id='line_1_35' title="bbox 133 4110 2829 4203; baseline 0.001 -25"><span class='ocrx_word' id='word_1_337' title='bbox 133 4138 184 4178; x_wconf 63' lang='lat'><em>⁴</em></span> <span class='ocrx_word' id='word_1_338' title='bbox 219 4111 482 4186; x_wconf 88' lang='lat' dir='ltr'>Teneri</span> <span class='ocrx_word' id='word_1_339' title='bbox 507 4141 576 4183; x_wconf 82' lang='lat'>».</span> <span class='ocrx_word' id='word_1_340' title='bbox 634 4113 703 4186; x_wconf 90' lang='lat' dir='ltr'>Si</span> <span class='ocrx_word' id='word_1_341' title='bbox 744 4134 909 4187; x_wconf 86' lang='lat' dir='ltr'>vero</span> <span class='ocrx_word' id='word_1_342' title='bbox 963 4123 1301 4188; x_wconf 88' lang='lat' dir='ltr'>tenentur</span> <span class='ocrx_word' id='word_1_343' title='bbox 1337 4114 1620 4202; x_wconf 88' lang='lat' dir='ltr'>diebus,</span> <span class='ocrx_word' id='word_1_344' title='bbox 1655 4116 1780 4203; x_wconf 85' lang='lat' dir='ltr'>qui</span> <span class='ocrx_word' id='word_1_345' title='bbox 1817 4132 1855 4184; x_wconf 94' lang='lat' dir='ltr'>e</span> <span class='ocrx_word' id='word_1_346' title='bbox 1894 4113 2229 4185; x_wconf 77' lang='lat' dir='ltr'>festorum</span> <span class='ocrx_word' id='word_1_347' title='bbox 2269 4112 2433 4183; x_wconf 89' lang='lat' dir='ltr'>albo</span> <span class='ocrx_word' id='word_1_348' title='bbox 2462 4110 2829 4202; x_wconf 89' lang='lat' dir='ltr'>dispuncti</span> 
     </span>
     <span class='ocr_line' id='line_1_36' title="bbox 123 4223 2828 4318; baseline -0.001 -20"><span class='ocrx_word' id='word_1_349' title='bbox 123 4234 350 4312; x_wconf 84' lang='lat' dir='ltr'>sunt,</span> <span class='ocrx_word' id='word_1_350' title='bbox 409 4226 633 4298; x_wconf 87' lang='lat' dir='ltr'>multo</span> <span class='ocrx_word' id='word_1_351' title='bbox 689 4229 912 4318; x_wconf 82' lang='lat' dir='ltr'>magis</span> <span class='ocrx_word' id='word_1_352' title='bbox 966 4229 1190 4300; x_wconf 89' lang='lat' dir='ltr'>teneri</span> <span class='ocrx_word' id='word_1_353' title='bbox 1245 4225 1513 4298; x_wconf 89' lang='lat' dir='ltr'>debent</span> <span class='ocrx_word' id='word_1_354' title='bbox 1559 4227 1644 4298; x_wconf 90' lang='lat' dir='ltr'>iis</span> <span class='ocrx_word' id='word_1_355' title='bbox 1696 4224 1978 4314; x_wconf 81' lang='lat' dir='ltr'>diebuS,</span> <span class='ocrx_word' id='word_1_356' title='bbox 2022 4225 2144 4315; x_wconf 88' lang='lat' dir='ltr'>qui</span> <span class='ocrx_word' id='word_1_357' title='bbox 2192 4224 2431 4296; x_wconf 92' lang='lat' dir='ltr'>adhuc</span> <span class='ocrx_word' id='word_1_358' title='bbox 2485 4225 2558 4294; x_wconf 91' lang='lat' dir='ltr'>in</span> <span class='ocrx_word' id='word_1_359' title='bbox 2611 4223 2828 4295; x_wconf 79' lang='lat' dir='ltr'>festo-</span> 
     </span>
     <span class='ocr_line' id='line_1_37' title="bbox 119 4341 1447 4431; baseline -0.002 -22"><span class='ocrx_word' id='word_1_360' title='bbox 119 4357 308 4410; x_wconf 86' lang='lat' dir='ltr'>rum</span> <span class='ocrx_word' id='word_1_361' title='bbox 365 4357 664 4410; x_wconf 91' lang='lat' dir='ltr'>numero</span> <span class='ocrx_word' id='word_1_362' title='bbox 716 4341 1447 4431; x_wconf 88' lang='lat' dir='ltr'>comprehenduntur.</span> 
     </span>
     <span class='ocr_line' id='line_1_38' title="bbox 301 4445 2830 4542; baseline -0.002 -20"><span class='ocrx_word' id='word_1_363' title='bbox 301 4452 472 4523; x_wconf 82' lang='lat'><strong>363.</strong></span> <span class='ocrx_word' id='word_1_364' title='bbox 531 4445 950 4542; x_wconf 89' lang='lat' dir='ltr'>Nuperrime</span> <span class='ocrx_word' id='word_1_365' title='bbox 1004 4469 1227 4541; x_wconf 91' lang='lat' dir='ltr'>penes</span> <span class='ocrx_word' id='word_1_366' title='bbox 1278 4448 1350 4522; x_wconf 94' lang='lat' dir='ltr'><strong>S.</strong></span> <span class='ocrx_word' id='word_1_367' title='bbox 1391 4447 1465 4520; x_wconf 90' lang='lat' dir='ltr'>C.</span> <span class='ocrx_word' id='word_1_368' title='bbox 1524 4450 1613 4521; x_wconf 91' lang='lat' dir='ltr'>de</span> <span class='ocrx_word' id='word_1_369' title='bbox 1663 4447 1874 4540; x_wconf 90' lang='lat' dir='ltr'>Pro.p</span> <span class='ocrx_word' id='word_1_370' title='bbox 1931 4445 2102 4519; x_wconf 86' lang='lat' dir='ltr'>Fide</span> <span class='ocrx_word' id='word_1_371' title='bbox 2155 4447 2361 4538; x_wconf 87' lang='lat' dir='ltr'>plura</span> <span class='ocrx_word' id='word_1_372' title='bbox 2417 4446 2830 4536; x_wconf 84' lang='lat' dir='ltr'>disceptata</span> 
     </span>
     <span class='ocr_line' id='line_1_39' title="bbox 102 4559 2833 4686; baseline -0.003 -47"><span class='ocrx_word' id='word_1_373' title='bbox 102 4564 610 4653; x_wconf 86' lang='lat' dir='ltr'>resolutaque</span> <span class='ocrx_word' id='word_1_374' title='bbox 663 4570 834 4635; x_wconf 88' lang='lat' dir='ltr'>sunt</span> <span class='ocrx_word' id='word_1_375' title='bbox 885 4563 1132 4651; x_wconf 88' lang='lat' dir='ltr'>dubia,</span> <span class='ocrx_word' id='word_1_376' title='bbox 1174 4580 1360 4652; x_wconf 89' lang='lat' dir='ltr'>quae</span> <span class='ocrx_word' id='word_1_377' title='bbox 1397 4561 1488 4633; x_wconf 88' lang='lat' dir='ltr'>ad</span> <span class='ocrx_word' id='word_1_378' title='bbox 1528 4561 1658 4631; x_wconf 90' lang='lat' dir='ltr'>hoc</span> <span class='ocrx_word' id='word_1_379' title='bbox 1694 4565 2195 4651; x_wconf 85' lang='lat' dir='ltr'>argumentum</span> <span class='ocrx_word' id='word_1_380' title='bbox 2229 4559 2656 4652; x_wconf 87' lang='lat' dir='ltr'>pertinent;</span> <span class='ocrx_word' id='word_1_381' title='bbox 2697 4560 2833 4686; x_wconf 88' lang='lat' dir='ltr'>ita-</span> 
     </span>
     <span class='ocr_line' id='line_1_40' title="bbox 97 4673 1982 4767; baseline -0.002 -20"><span class='ocrx_word' id='word_1_382' title='bbox 97 4694 291 4767; x_wconf 82' lang='lat' dir='ltr'>que</span> <span class='ocrx_word' id='word_1_383' title='bbox 343 4675 463 4747; x_wconf 90' lang='lat' dir='ltr'>hic</span> <span class='ocrx_word' id='word_1_384' title='bbox 514 4675 763 4748; x_wconf 90' lang='lat' dir='ltr'>eadem</span> <span class='ocrx_word' id='word_1_385' title='bbox 819 4675 1072 4747; x_wconf 78' lang='lat' dir='ltr'>afferre</span> <span class='ocrx_word' id='word_1_386' title='bbox 1125 4692 1268 4747; x_wconf 91' lang='lat' dir='ltr'>non</span> <span class='ocrx_word' id='word_1_387' title='bbox 1321 4673 1982 4764; x_wconf 85' lang='lat' dir='ltr'>praetermittimus.</span> 
     </span>
    </p>
   </div>
  </div>
 </body>
</html>
