<?xml version="1.0" encoding="UTF-8"?>
<!DOCTYPE html PUBLIC "-//W3C//DTD XHTML 1.0 Transitional//EN"
    "http://www.w3.org/TR/xhtml1/DTD/xhtml1-transitional.dtd">
<html xmlns="http://www.w3.org/1999/xhtml" xml:lang="en" lang="en">
 <head>
  <title>
</title>
<meta http-equiv="Content-Type" content="text/html;charset=utf-8" />
  <meta name='ocr-system' content='tesseract 3.04.00' />
  <meta name='ocr-capabilities' content='ocr_page ocr_carea ocr_par ocr_line ocrx_word'/>
</head>
<body>
  <div class='ocr_page' id='page_1' title='image "./devisitationesa00popegoog_0385.png"; bbox 0 0 3497 5235; ppageno 0'>
   <div class='ocr_carea' id='block_1_1' title="bbox 1028 332 2875 413">
    <p class='ocr_par' dir='ltr' id='par_1_1' title="bbox 1028 332 2875 413">
     <span class='ocr_line' id='line_1_1' title="bbox 1028 332 2875 413; baseline -0.002 -16"><span class='ocrx_word' id='word_1_1' title='bbox 1028 337 1148 413; x_wconf 79' lang='lat'>⁰⁸1²·</span> <span class='ocrx_word' id='word_1_2' title='bbox 1174 338 1272 394; x_wconf 89' lang='lat' dir='ltr'><strong>m.</strong></span> <span class='ocrx_word' id='word_1_3' title='bbox 1312 337 1385 394; x_wconf 75' lang='lat' dir='ltr'><strong>De</strong></span> <span class='ocrx_word' id='word_1_4' title='bbox 1425 337 1559 394; x_wconf 75' lang='lat' dir='ltr'><strong>clero</strong></span> <span class='ocrx_word' id='word_1_5' title='bbox 1599 335 1872 395; x_wconf 65' lang='lat' dir='ltr'><strong>soeculari.</strong></span> <span class='ocrx_word' id='word_1_6' title='bbox 1914 336 1970 410; x_wconf 69' lang='grc' dir='ltr'><strong>ἓ.</strong></span> <span class='ocrx_word' id='word_1_7' title='bbox 1996 337 2046 392; x_wconf 71' lang='lat'><strong>4.</strong></span> <span class='ocrx_word' id='word_1_8' title='bbox 2753 332 2875 394; x_wconf 68' lang='lat'><strong>345</strong></span> 
     </span>
    </p>
   </div>
   <div class='ocr_carea' id='block_1_2' title="bbox 274 464 2875 558">
    <p class='ocr_par' dir='ltr' id='par_1_2' title="bbox 274 464 2875 558">
     <span class='ocr_line' id='line_1_2' title="bbox 274 464 2875 558; baseline -0 -24"><span class='ocrx_word' id='word_1_9' title='bbox 274 482 473 558; x_wconf 86' lang='lat' dir='ltr'><strong>partem</strong></span> <span class='ocrx_word' id='word_1_10' title='bbox 514 489 755 558; x_wconf 90' lang='lat' dir='ltr'><strong>semper</strong></span> <span class='ocrx_word' id='word_1_11' title='bbox 799 487 989 556; x_wconf 82' lang='lat' dir='ltr'><strong>agere</strong></span> <span class='ocrx_word' id='word_1_12' title='bbox 1033 470 1307 557; x_wconf 85' lang='lat' dir='ltr'><strong>primam</strong></span> <span class='ocrx_word' id='word_1_13' title='bbox 1357 467 1759 556; x_wconf 78' lang='lat' dir='ltr'><strong>dignitatem.</strong></span> <span class='ocrx_word' id='word_1_14' title='bbox 1811 466 1984 534; x_wconf 85' lang='lat' dir='ltr'><strong>Idem</strong></span> <span class='ocrx_word' id='word_1_15' title='bbox 2034 467 2281 543; x_wconf 89' lang='lat' dir='ltr'><strong>valere,</strong></span> <span class='ocrx_word' id='word_1_16' title='bbox 2324 464 2581 551; x_wconf 71' lang='lat' dir='ltr'><strong>quando</strong></span> <span class='ocrx_word' id='word_1_17' title='bbox 2617 465 2875 551; x_wconf 87' lang='lat' dir='ltr'><strong>Episco-</strong></span> 
     </span>
    </p>
   </div>
   <div class='ocr_carea' id='block_1_3' title="bbox 272 570 2881 763">
    <p class='ocr_par' dir='ltr' id='par_1_3' title="bbox 272 570 2881 763">
     <span class='ocr_line' id='line_1_3' title="bbox 273 570 2881 658; baseline -0 -21"><span class='ocrx_word' id='word_1_18' title='bbox 273 591 365 658; x_wconf 87' lang='lat' dir='ltr'><strong>pus</strong></span> <span class='ocrx_word' id='word_1_19' title='bbox 402 572 886 640; x_wconf 75' lang='lat' dir='ltr'><strong>benedictionem</strong></span> <span class='ocrx_word' id='word_1_20' title='bbox 934 571 1369 648; x_wconf 82' lang='lat' dir='ltr'><strong>candelarum,</strong></span> <span class='ocrx_word' id='word_1_21' title='bbox 1420 570 1800 656; x_wconf 87' lang='lat' dir='ltr'><strong>palmarum,</strong></span> <span class='ocrx_word' id='word_1_22' title='bbox 1851 571 2143 635; x_wconf 89' lang='lat' dir='ltr'><strong>cinerum</strong></span> <span class='ocrx_word' id='word_1_23' title='bbox 2190 570 2464 657; x_wconf 83' lang='lat' dir='ltr'><strong>peragit.</strong></span> <span class='ocrx_word' id='word_1_24' title='bbox 2519 570 2579 636; x_wconf 91' lang='lat' dir='ltr'><strong>Si</strong></span> <span class='ocrx_word' id='word_1_25' title='bbox 2617 571 2881 655; x_wconf 88' lang='lat' dir='ltr'><strong>Episco-</strong></span> 
     </span>
     <span class='ocr_line' id='line_1_4' title="bbox 272 672 2876 763; baseline 0 -23"><span class='ocrx_word' id='word_1_26' title='bbox 272 693 363 759; x_wconf 87' lang='lat' dir='ltr'><strong>pus</strong></span> <span class='ocrx_word' id='word_1_27' title='bbox 401 694 511 741; x_wconf 90' lang='lat' dir='ltr'><strong>non</strong></span> <span class='ocrx_word' id='word_1_28' title='bbox 553 676 850 753; x_wconf 86' lang='lat' dir='ltr'><strong>celebrat,</strong></span> <span class='ocrx_word' id='word_1_29' title='bbox 897 674 1155 742; x_wconf 84' lang='lat' dir='ltr'><strong>sed-est</strong></span> <span class='ocrx_word' id='word_1_30' title='bbox 1200 692 1536 763; x_wconf 88' lang='lat' dir='ltr'><strong>praeseus,</strong></span> <span class='ocrx_word' id='word_1_31' title='bbox 1596 672 1962 760; x_wconf 80' lang='lat' dir='ltr'><strong>digniorem</strong></span> <span class='ocrx_word' id='word_1_32' title='bbox 2011 675 2397 739; x_wconf 91' lang='lat' dir='ltr'><strong>canonicum</strong></span> <span class='ocrx_word' id='word_1_33' title='bbox 2447 692 2586 740; x_wconf 90' lang='lat' dir='ltr'><strong>esse</strong></span> <span class='ocrx_word' id='word_1_34' title='bbox 2635 673 2876 741; x_wconf 84' lang='lat' dir='ltr'><strong>dobere</strong></span> 
     </span>
    </p>
   </div>
   <div class='ocr_carea' id='block_1_4' title="bbox 270 773 2877 1071">
    <p class='ocr_par' dir='ltr' id='par_1_4' title="bbox 270 773 2877 1071">
     <span class='ocr_line' id='line_1_5' title="bbox 270 773 2877 862; baseline 0 -21"><span class='ocrx_word' id='word_1_35' title='bbox 270 779 653 862; x_wconf 78' lang='lat' dir='ltr'><strong>presbyterum</strong></span> <span class='ocrx_word' id='word_1_36' title='bbox 699 778 1123 845; x_wconf 77' lang='lat' dir='ltr'><strong>assistentem.</strong></span> <span class='ocrx_word' id='word_1_37' title='bbox 1155 814 1201 826; x_wconf 91' lang='lat'>-</span> <span class='ocrx_word' id='word_1_38' title='bbox 1238 781 1386 843; x_wconf 75' lang='lat'><strong>175.</strong></span> <span class='ocrx_word' id='word_1_39' title='bbox 1440 773 1988 844; x_wconf 79' lang='lat' dir='ltr'><strong>Consuetudinem</strong></span> <span class='ocrx_word' id='word_1_40' title='bbox 2016 824 2034 852; x_wconf 99' lang='lat'><strong>,</strong></span> <span class='ocrx_word' id='word_1_41' title='bbox 2090 787 2197 851; x_wconf 85' lang='lat' dir='ltr'><strong>ut,</strong></span> <span class='ocrx_word' id='word_1_42' title='bbox 2249 773 2698 841; x_wconf 73' lang='lat' dir='ltr'><strong>delicienthus</strong></span> <span class='ocrx_word' id='word_1_43' title='bbox 2745 775 2877 842; x_wconf 93' lang='lat' dir='ltr'><strong>dia-</strong></span> 
     </span>
     <span class='ocr_line' id='line_1_6' title="bbox 272 876 2876 962; baseline 0.002 -20"><span class='ocrx_word' id='word_1_44' title='bbox 272 897 398 945; x_wconf 88' lang='lat' dir='ltr'><strong>cono</strong></span> <span class='ocrx_word' id='word_1_45' title='bbox 436 892 493 945; x_wconf 90' lang='lat' dir='ltr'><strong>et</strong></span> <span class='ocrx_word' id='word_1_46' title='bbox 532 880 914 947; x_wconf 89' lang='lat' dir='ltr'><strong>subdiacono</strong></span> <span class='ocrx_word' id='word_1_47' title='bbox 957 879 1132 945; x_wconf 86' lang='lat' dir='ltr'><strong>altari</strong></span> <span class='ocrx_word' id='word_1_48' title='bbox 1186 877 1547 944; x_wconf 81' lang='lat' dir='ltr'><strong>ministrent</strong></span> <span class='ocrx_word' id='word_1_49' title='bbox 1595 876 1783 953; x_wconf 85' lang='lat' dir='ltr'><strong>laici,</strong></span> <span class='ocrx_word' id='word_1_50' title='bbox 1845 888 2164 962; x_wconf 90' lang='lat' dir='ltr'><strong>tamquam</strong></span> <span class='ocrx_word' id='word_1_51' title='bbox 2220 876 2487 943; x_wconf 91' lang='lat' dir='ltr'><strong>abusum</strong></span> <span class='ocrx_word' id='word_1_52' title='bbox 2554 897 2685 944; x_wconf 91' lang='lat' dir='ltr'><strong>non</strong></span> <span class='ocrx_word' id='word_1_53' title='bbox 2738 897 2876 946; x_wconf 84' lang='lat' dir='ltr'><strong>esse</strong></span> 
     </span>
     <span class='ocr_line' id='line_1_7' title="bbox 272 977 2872 1071; baseline 0.001 -27"><span class='ocrx_word' id='word_1_54' title='bbox 272 981 640 1062; x_wconf 84' lang='lat' dir='ltr'><strong>tolerandum,</strong></span> <span class='ocrx_word' id='word_1_55' title='bbox 689 1004 756 1049; x_wconf 90' lang='lat' dir='ltr'><strong>ac</strong></span> <span class='ocrx_word' id='word_1_56' title='bbox 805 981 1018 1071; x_wconf 91' lang='lat' dir='ltr'><strong>potius</strong></span> <span class='ocrx_word' id='word_1_57' title='bbox 1064 982 1308 1048; x_wconf 76' lang='lat' dir='ltr'><strong>Missam</strong></span> <span class='ocrx_word' id='word_1_58' title='bbox 1354 999 1474 1068; x_wconf 90' lang='lat' dir='ltr'><strong>per</strong></span> <span class='ocrx_word' id='word_1_59' title='bbox 1516 979 1723 1046; x_wconf 91' lang='lat' dir='ltr'><strong>solum</strong></span> <span class='ocrx_word' id='word_1_60' title='bbox 1773 977 2222 1065; x_wconf 77' lang='lat' dir='ltr'><strong>presbyterum</strong></span> <span class='ocrx_word' id='word_1_61' title='bbox 2270 998 2405 1046; x_wconf 88' lang='lat' dir='ltr'><strong>esse</strong></span> <span class='ocrx_word' id='word_1_62' title='bbox 2459 981 2872 1062; x_wconf 80' lang='lat' dir='ltr'><strong>cantandam3</strong></span> 
     </span>
    </p>
   </div>
   <div class='ocr_carea' id='block_1_5' title="bbox 266 1079 2876 1272">
    <p class='ocr_par' dir='ltr' id='par_1_5' title="bbox 266 1079 2876 1272">
     <span class='ocr_line' id='line_1_8' title="bbox 269 1079 2876 1169; baseline 0 -21"><span class='ocrx_word' id='word_1_63' title='bbox 269 1086 465 1151; x_wconf 82' lang='lat' dir='ltr'><strong>Ilissam</strong></span> <span class='ocrx_word' id='word_1_64' title='bbox 507 1087 990 1153; x_wconf 83' lang='lat' dir='ltr'><strong>conventualem</strong></span> <span class='ocrx_word' id='word_1_65' title='bbox 1042 1082 1346 1151; x_wconf 89' lang='lat' dir='ltr'><strong>celebrari</strong></span> <span class='ocrx_word' id='word_1_66' title='bbox 1394 1101 1521 1148; x_wconf 92' lang='lat' dir='ltr'><strong>non</strong></span> <span class='ocrx_word' id='word_1_67' title='bbox 1573 1079 1861 1158; x_wconf 86' lang='lat' dir='ltr'><strong>debere,</strong></span> <span class='ocrx_word' id='word_1_68' title='bbox 1912 1080 2029 1146; x_wconf 89' lang='lat' dir='ltr'><strong>nisi</strong></span> <span class='ocrx_word' id='word_1_69' title='bbox 2082 1081 2232 1147; x_wconf 87' lang='lat' dir='ltr'><strong>hora</strong></span> <span class='ocrx_word' id='word_1_70' title='bbox 2281 1101 2314 1145; x_wconf 92' lang='lat' dir='ltr'><strong>a</strong></span> <span class='ocrx_word' id='word_1_71' title='bbox 2362 1081 2634 1149; x_wconf 86' lang='lat' dir='ltr'><strong>rubricis</strong></span> <span class='ocrx_word' id='word_1_72' title='bbox 2690 1102 2876 1169; x_wconf 88' lang='lat' dir='ltr'><strong>prae-</strong></span> 
     </span>
     <span class='ocr_line' id='line_1_9' title="bbox 266 1182 2874 1272; baseline 0 -20"><span class='ocrx_word' id='word_1_73' title='bbox 266 1190 470 1272; x_wconf 84' lang='lat' dir='ltr'><strong>scripta.</strong></span> <span class='ocrx_word' id='word_1_74' title='bbox 498 1227 538 1238; x_wconf 93' lang='lat'>—</span> <span class='ocrx_word' id='word_1_75' title='bbox 572 1193 715 1255; x_wconf 84' lang='lat'><strong>176.</strong></span> <span class='ocrx_word' id='word_1_76' title='bbox 770 1192 1033 1254; x_wconf 89' lang='lat' dir='ltr'><strong>Decreta</strong></span> <span class='ocrx_word' id='word_1_77' title='bbox 1077 1203 1403 1251; x_wconf 89' lang='lat' dir='ltr'><strong>sacrorum</strong></span> <span class='ocrx_word' id='word_1_78' title='bbox 1439 1183 1699 1250; x_wconf 87' lang='lat' dir='ltr'><strong>Rituum</strong></span> <span class='ocrx_word' id='word_1_79' title='bbox 1733 1182 1963 1249; x_wconf 88' lang='lat' dir='ltr'><strong>tollere</strong></span> <span class='ocrx_word' id='word_1_80' title='bbox 1997 1184 2341 1248; x_wconf 88' lang='lat' dir='ltr'><strong>contrarias</strong></span> <span class='ocrx_word' id='word_1_81' title='bbox 2376 1184 2874 1252; x_wconf 88' lang='lat' dir='ltr'><strong>consuetudines</strong></span> 
     </span>
    </p>
   </div>
   <div class='ocr_carea' id='block_1_6' title="bbox 264 1284 2877 1479">
    <p class='ocr_par' dir='ltr' id='par_1_6' title="bbox 264 1284 2877 1479">
     <span class='ocr_line' id='line_1_10' title="bbox 268 1284 2877 1374; baseline 0.001 -22"><span class='ocrx_word' id='word_1_82' title='bbox 268 1291 416 1357; x_wconf 84' lang='lat' dir='ltr'><strong>etiam</strong></span> <span class='ocrx_word' id='word_1_83' title='bbox 459 1291 1005 1359; x_wconf 89' lang='lat' dir='ltr'><strong>immemorabiles.</strong></span> <span class='ocrx_word' id='word_1_84' title='bbox 1058 1286 1185 1356; x_wconf 87' lang='lat' dir='ltr'><strong>Sed</strong></span> <span class='ocrx_word' id='word_1_85' title='bbox 1235 1288 1299 1352; x_wconf 94' lang='lat' dir='ltr'><strong>in</strong></span> <span class='ocrx_word' id='word_1_86' title='bbox 1347 1286 1588 1352; x_wconf 84' lang='lat' dir='ltr'><strong>casibus</strong></span> <span class='ocrx_word' id='word_1_87' title='bbox 1635 1284 2121 1374; x_wconf 76' lang='lat' dir='ltr'><strong>particularibus</strong></span> <span class='ocrx_word' id='word_1_88' title='bbox 2168 1284 2245 1351; x_wconf 91' lang='lat' dir='ltr'><strong>ad</strong></span> <span class='ocrx_word' id='word_1_89' title='bbox 2296 1285 2494 1371; x_wconf 88' lang='lat' dir='ltr'><strong>ipsam</strong></span> <span class='ocrx_word' id='word_1_90' title='bbox 2537 1307 2877 1354; x_wconf 85' lang='lat' dir='ltr'><strong>recurren-</strong></span> 
     </span>
     <span class='ocr_line' id='line_1_11' title="bbox 264 1387 2871 1479; baseline 0.001 -24"><span class='ocrx_word' id='word_1_91' title='bbox 264 1388 381 1459; x_wconf 90' lang='lat' dir='ltr'><strong>dum</strong></span> <span class='ocrx_word' id='word_1_92' title='bbox 411 1415 552 1463; x_wconf 89' lang='lat' dir='ltr'><strong>esse.</strong></span> <span class='ocrx_word' id='word_1_93' title='bbox 591 1400 678 1461; x_wconf 89' lang='lat' dir='ltr'><strong>De</strong></span> <span class='ocrx_word' id='word_1_94' title='bbox 711 1392 888 1461; x_wconf 90' lang='lat' dir='ltr'><strong>chori</strong></span> <span class='ocrx_word' id='word_1_95' title='bbox 920 1391 1251 1479; x_wconf 87' lang='lat' dir='ltr'><strong>disciplina</strong></span> <span class='ocrx_word' id='word_1_96' title='bbox 1280 1389 1439 1454; x_wconf 86' lang='lat' dir='ltr'><strong>scite</strong></span> <span class='ocrx_word' id='word_1_97' title='bbox 1473 1399 1538 1455; x_wconf 88' lang='lat' dir='ltr'><strong>et</strong></span> <span class='ocrx_word' id='word_1_98' title='bbox 1570 1389 1828 1474; x_wconf 89' lang='lat' dir='ltr'><strong>copiose</strong></span> <span class='ocrx_word' id='word_1_99' title='bbox 1876 1389 2008 1474; x_wconf 84' lang='lat' dir='ltr'><strong>agit</strong></span> <span class='ocrx_word' id='word_1_100' title='bbox 2055 1387 2351 1472; x_wconf 85' lang='lat' dir='ltr'><strong>Synodus</strong></span> <span class='ocrx_word' id='word_1_101' title='bbox 2384 1389 2871 1478; x_wconf 82' lang='lat' dir='ltr'><strong>Fulginatensis.</strong></span> 
     </span>
    </p>
   </div>
   <div class='ocr_carea' id='block_1_7' title="bbox 241 1570 2882 2903">
    <p class='ocr_par' dir='ltr' id='par_1_7' title="bbox 241 1570 2882 2903">
     <span class='ocr_line' id='line_1_12' title="bbox 378 1570 2878 1673; baseline 0 -25"><span class='ocrx_word' id='word_1_102' title='bbox 378 1579 523 1651; x_wconf 77' lang='lat'><strong>142.</strong></span> <span class='ocrx_word' id='word_1_103' title='bbox 579 1581 806 1673; x_wconf 89' lang='lat' dir='ltr'><strong>Caput</strong></span> <span class='ocrx_word' id='word_1_104' title='bbox 858 1576 1080 1668; x_wconf 89' lang='lat' dir='ltr'><strong>istud,</strong></span> <span class='ocrx_word' id='word_1_105' title='bbox 1122 1578 1197 1649; x_wconf 91' lang='lat' dir='ltr'><strong>in</strong></span> <span class='ocrx_word' id='word_1_106' title='bbox 1233 1594 1376 1667; x_wconf 87' lang='lat' dir='ltr'><strong>quo</strong></span> <span class='ocrx_word' id='word_1_107' title='bbox 1409 1573 1842 1648; x_wconf 86' lang='lat' dir='ltr'><strong>Benedictus</strong></span> <span class='ocrx_word' id='word_1_108' title='bbox 1881 1570 2084 1645; x_wconf 89' lang='lat' dir='ltr'><strong>XIII.</strong></span> <span class='ocrx_word' id='word_1_109' title='bbox 2125 1576 2201 1646; x_wconf 90' lang='lat' dir='ltr'><strong>in</strong></span> <span class='ocrx_word' id='word_1_110' title='bbox 2237 1593 2367 1648; x_wconf 91' lang='lat' dir='ltr'><strong>sua</strong></span> <span class='ocrx_word' id='word_1_111' title='bbox 2407 1574 2878 1650; x_wconf 90' lang='lat' dir='ltr'><strong>instructione</strong></span> 
     </span>
     <span class='ocr_line' id='line_1_13' title="bbox 262 1688 2877 1783; baseline 0 -23"><span class='ocrx_word' id='word_1_112' title='bbox 262 1691 518 1780; x_wconf 85' lang='lat' dir='ltr'><strong>quaerit,</strong></span> <span class='ocrx_word' id='word_1_113' title='bbox 572 1712 667 1764; x_wconf 90' lang='lat' dir='ltr'><strong>an</strong></span> <span class='ocrx_word' id='word_1_114' title='bbox 720 1691 1048 1783; x_wconf 88' lang='lat' dir='ltr'><strong>Capitula</strong></span> <span class='ocrx_word' id='word_1_115' title='bbox 1102 1708 1272 1762; x_wconf 89' lang='lat' dir='ltr'><strong>suas</strong></span> <span class='ocrx_word' id='word_1_116' title='bbox 1322 1688 1639 1761; x_wconf 86' lang='lat' dir='ltr'><strong>habeant</strong></span> <span class='ocrx_word' id='word_1_117' title='bbox 1693 1688 2271 1777; x_wconf 80' lang='lat' dir='ltr'><strong>constitutioneS,</strong></span> <span class='ocrx_word' id='word_1_118' title='bbox 2315 1695 2877 1770; x_wconf 89' lang='lat' dir='ltr'><strong>consentaneum</strong></span> 
     </span>
     <span class='ocr_line' id='line_1_14' title="bbox 258 1794 2875 1893; baseline 0.002 -24"><span class='ocrx_word' id='word_1_119' title='bbox 258 1807 341 1871; x_wconf 84' lang='lat' dir='ltr'><strong>est</strong></span> <span class='ocrx_word' id='word_1_120' title='bbox 382 1821 528 1893; x_wconf 84' lang='lat' dir='ltr'><strong>cap.</strong></span> <span class='ocrx_word' id='word_1_121' title='bbox 567 1804 639 1875; x_wconf 63' lang='lat'><strong>4.</strong></span> <span class='ocrx_word' id='word_1_122' title='bbox 685 1805 798 1877; x_wconf 83' lang='lat' dir='ltr'><strong>tit.</strong></span> <span class='ocrx_word' id='word_1_123' title='bbox 837 1805 913 1876; x_wconf 77' lang='lat'><strong>2.</strong></span> <span class='ocrx_word' id='word_1_124' title='bbox 971 1799 1305 1887; x_wconf 88' lang='lat' dir='ltr'><strong>Concilii,</strong></span> <span class='ocrx_word' id='word_1_125' title='bbox 1380 1801 1572 1889; x_wconf 86' lang='lat' dir='ltr'><strong>quod</strong></span> <span class='ocrx_word' id='word_1_126' title='bbox 1625 1798 1881 1870; x_wconf 87' lang='lat' dir='ltr'><strong>habuit</strong></span> <span class='ocrx_word' id='word_1_127' title='bbox 1934 1794 2206 1871; x_wconf 90' lang='lat' dir='ltr'><strong>Romae</strong></span> <span class='ocrx_word' id='word_1_128' title='bbox 2266 1801 2477 1871; x_wconf 79' lang='lat'><strong>1725.</strong></span> <span class='ocrx_word' id='word_1_129' title='bbox 2538 1798 2749 1873; x_wconf 90' lang='lat' dir='ltr'><strong>Porro</strong></span> <span class='ocrx_word' id='word_1_130' title='bbox 2800 1802 2875 1874; x_wconf 91' lang='lat' dir='ltr'><strong>in</strong></span> 
     </span>
     <span class='ocr_line' id='line_1_15' title="bbox 256 1909 2873 2006; baseline 0.001 -25"><span class='ocrx_word' id='word_1_131' title='bbox 256 1911 461 1984; x_wconf 85' lang='lat' dir='ltr'><strong>eodem</strong></span> <span class='ocrx_word' id='word_1_132' title='bbox 510 1917 747 2006; x_wconf 88' lang='lat' dir='ltr'><strong>capite</strong></span> <span class='ocrx_word' id='word_1_133' title='bbox 800 1920 1057 2005; x_wconf 89' lang='lat' dir='ltr'><strong>quarto</strong></span> <span class='ocrx_word' id='word_1_134' title='bbox 1109 1911 1452 2003; x_wconf 90' lang='lat' dir='ltr'><strong>Capitulis</strong></span> <span class='ocrx_word' id='word_1_135' title='bbox 1504 1909 1837 1982; x_wconf 87' lang='lat' dir='ltr'><strong>omnibus</strong></span> <span class='ocrx_word' id='word_1_136' title='bbox 1884 1910 2295 2000; x_wconf 83' lang='lat' dir='ltr'><strong>gravissime</strong></span> <span class='ocrx_word' id='word_1_137' title='bbox 2346 1913 2735 2003; x_wconf 85' lang='lat' dir='ltr'><strong>praecipit,</strong></span> <span class='ocrx_word' id='word_1_138' title='bbox 2789 1918 2873 1984; x_wconf 86' lang='lat' dir='ltr'><strong>ut</strong></span> 
     </span>
     <span class='ocr_line' id='line_1_16' title="bbox 254 2026 2872 2119; baseline 0.005 -28"><span class='ocrx_word' id='word_1_139' title='bbox 254 2027 759 2100; x_wconf 84' lang='lat' dir='ltr'><strong>constitutiones</strong></span> <span class='ocrx_word' id='word_1_140' title='bbox 811 2029 1191 2117; x_wconf 90' lang='lat' dir='ltr'><strong>antiquas,</strong></span> <span class='ocrx_word' id='word_1_141' title='bbox 1247 2027 1306 2098; x_wconf 93' lang='lat' dir='ltr'><strong>si</strong></span> <span class='ocrx_word' id='word_1_142' title='bbox 1346 2045 1529 2116; x_wconf 90' lang='lat' dir='ltr'><strong>quas</strong></span> <span class='ocrx_word' id='word_1_143' title='bbox 1563 2026 1883 2113; x_wconf 85' lang='lat' dir='ltr'><strong>habent,</strong></span> <span class='ocrx_word' id='word_1_144' title='bbox 1923 2026 2395 2117; x_wconf 88' lang='lat' dir='ltr'><strong>depromant,</strong></span> <span class='ocrx_word' id='word_1_145' title='bbox 2452 2038 2558 2119; x_wconf 91' lang='lat' dir='ltr'><strong>et,</strong></span> <span class='ocrx_word' id='word_1_146' title='bbox 2613 2033 2670 2102; x_wconf 91' lang='lat' dir='ltr'><strong>si</strong></span> <span class='ocrx_word' id='word_1_147' title='bbox 2729 2050 2872 2104; x_wconf 94' lang='lat' dir='ltr'><strong>non</strong></span> 
     </span>
     <span class='ocr_line' id='line_1_17' title="bbox 250 2133 2876 2238; baseline 0.004 -33"><span class='ocrx_word' id='word_1_148' title='bbox 250 2133 525 2230; x_wconf 86' lang='lat' dir='ltr'><strong>habent,</strong></span> <span class='ocrx_word' id='word_1_149' title='bbox 580 2144 843 2215; x_wconf 89' lang='lat' dir='ltr'><strong>saltem</strong></span> <span class='ocrx_word' id='word_1_150' title='bbox 896 2141 1081 2235; x_wconf 77' lang='lat' dir='ltr'><strong>infra</strong></span> <span class='ocrx_word' id='word_1_151' title='bbox 1133 2147 1472 2213; x_wconf 88' lang='lat' dir='ltr'><strong>semestre</strong></span> <span class='ocrx_word' id='word_1_152' title='bbox 1522 2139 1658 2211; x_wconf 88' lang='lat' dir='ltr'><strong>sub</strong></span> <span class='ocrx_word' id='word_1_153' title='bbox 1709 2139 2175 2212; x_wconf 87' lang='lat' dir='ltr'><strong>ecclesiastici</strong></span> <span class='ocrx_word' id='word_1_154' title='bbox 2228 2142 2586 2218; x_wconf 87' lang='lat' dir='ltr'><strong>interdicti</strong></span> <span class='ocrx_word' id='word_1_155' title='bbox 2641 2163 2876 2238; x_wconf 86' lang='lat' dir='ltr'><strong>poena</strong></span> 
     </span>
     <span class='ocr_line' id='line_1_18' title="bbox 250 2251 2872 2346; baseline 0.003 -28"><span class='ocrx_word' id='word_1_156' title='bbox 250 2253 494 2326; x_wconf 90' lang='lat' dir='ltr'><strong>omnino</strong></span> <span class='ocrx_word' id='word_1_157' title='bbox 546 2254 977 2341; x_wconf 81' lang='lat' dir='ltr'><strong>conficiant,</strong></span> <span class='ocrx_word' id='word_1_158' title='bbox 1036 2259 1108 2326; x_wconf 91' lang='lat' dir='ltr'><strong>et</strong></span> <span class='ocrx_word' id='word_1_159' title='bbox 1144 2259 1514 2340; x_wconf 86' lang='lat' dir='ltr'><strong>utrasque,</strong></span> <span class='ocrx_word' id='word_1_160' title='bbox 1574 2251 1915 2340; x_wconf 86' lang='lat' dir='ltr'><strong>antiquas</strong></span> <span class='ocrx_word' id='word_1_161' title='bbox 1967 2257 2038 2322; x_wconf 91' lang='lat' dir='ltr'><strong>et</strong></span> <span class='ocrx_word' id='word_1_162' title='bbox 2090 2271 2316 2325; x_wconf 85' lang='lat' dir='ltr'><strong>novas</strong></span> <span class='ocrx_word' id='word_1_163' title='bbox 2368 2273 2497 2326; x_wconf 88' lang='lat' dir='ltr'><strong>suo</strong></span> <span class='ocrx_word' id='word_1_164' title='bbox 2549 2253 2872 2346; x_wconf 87' lang='lat' dir='ltr'><strong>Capitula</strong></span> 
     </span>
     <span class='ocr_line' id='line_1_19' title="bbox 247 2361 2877 2458; baseline 0.003 -27"><span class='ocrx_word' id='word_1_165' title='bbox 247 2377 533 2454; x_wconf 84' lang='lat' dir='ltr'><strong>quaeque</strong></span> <span class='ocrx_word' id='word_1_166' title='bbox 561 2363 920 2458; x_wconf 88' lang='lat' dir='ltr'><strong>Episcopo</strong></span> <span class='ocrx_word' id='word_1_167' title='bbox 951 2364 1368 2456; x_wconf 81' lang='lat' dir='ltr'><strong>corrigenda</strong></span> <span class='ocrx_word' id='word_1_168' title='bbox 1395 2361 1504 2433; x_wconf 92' lang='lat' dir='ltr'><strong>vel</strong></span> <span class='ocrx_word' id='word_1_169' title='bbox 1534 2361 2067 2453; x_wconf 88' lang='lat' dir='ltr'><strong>comprobanda</strong></span> <span class='ocrx_word' id='word_1_170' title='bbox 2101 2372 2591 2454; x_wconf 88' lang='lat' dir='ltr'><strong>praesentent.</strong></span> <span class='ocrx_word' id='word_1_171' title='bbox 2639 2390 2676 2433; x_wconf 85' lang='lat'>‹</span> <span class='ocrx_word' id='word_1_172' title='bbox 2705 2364 2877 2458; x_wconf 89' lang='lat' dir='ltr'><strong>Epi-</strong></span> 
     </span>
     <span class='ocr_line' id='line_1_20' title="bbox 248 2472 2874 2572; baseline 0.003 -30"><span class='ocrx_word' id='word_1_173' title='bbox 248 2476 476 2567; x_wconf 82' lang='lat' dir='ltr'><strong>›scopi</strong></span> <span class='ocrx_word' id='word_1_174' title='bbox 530 2479 752 2569; x_wconf 82' lang='lat' dir='ltr'><strong>igitur</strong></span> <span class='ocrx_word' id='word_1_175' title='bbox 804 2474 940 2570; x_wconf 90' lang='lat' dir='ltr'><strong>(sic</strong></span> <span class='ocrx_word' id='word_1_176' title='bbox 989 2472 1175 2572; x_wconf 90' lang='lat' dir='ltr'><strong>ipse)</strong></span> <span class='ocrx_word' id='word_1_177' title='bbox 1232 2477 1303 2546; x_wconf 94' lang='lat' dir='ltr'><strong>in</strong></span> <span class='ocrx_word' id='word_1_178' title='bbox 1356 2477 1443 2547; x_wconf 92' lang='lat' dir='ltr'><strong>iis</strong></span> <span class='ocrx_word' id='word_1_179' title='bbox 1494 2475 2035 2562; x_wconf 80' lang='lat' dir='ltr'><strong>examinandiS,</strong></span> <span class='ocrx_word' id='word_1_180' title='bbox 2095 2476 2155 2545; x_wconf 89' lang='lat' dir='ltr'><strong>si</strong></span> <span class='ocrx_word' id='word_1_181' title='bbox 2209 2477 2383 2565; x_wconf 90' lang='lat' dir='ltr'><strong>quid</strong></span> <span class='ocrx_word' id='word_1_182' title='bbox 2437 2486 2682 2550; x_wconf 90' lang='lat' dir='ltr'><strong>contra</strong></span> <span class='ocrx_word' id='word_1_183' title='bbox 2735 2480 2874 2566; x_wconf 78' lang='lat' dir='ltr'><strong>iuS‚</strong></span> 
     </span>
     <span class='ocr_line' id='line_1_21' title="bbox 244 2583 2882 2677; baseline 0.003 -21"><span class='ocrx_word' id='word_1_184' title='bbox 244 2586 395 2658; x_wconf 78' lang='lat' dir='ltr'><strong>»vel</strong></span> <span class='ocrx_word' id='word_1_185' title='bbox 445 2584 638 2662; x_wconf 89' lang='lat' dir='ltr'><strong>Trid.</strong></span> <span class='ocrx_word' id='word_1_186' title='bbox 680 2588 970 2662; x_wconf 85' lang='lat' dir='ltr'><strong>Concilii</strong></span> <span class='ocrx_word' id='word_1_187' title='bbox 1037 2589 1366 2677; x_wconf 87' lang='lat' dir='ltr'><strong>decreta,</strong></span> <span class='ocrx_word' id='word_1_188' title='bbox 1427 2594 1553 2660; x_wconf 90' lang='lat' dir='ltr'><strong>aut</strong></span> <span class='ocrx_word' id='word_1_189' title='bbox 1606 2583 2014 2661; x_wconf 86' lang='lat' dir='ltr'><strong>Pontificias</strong></span> <span class='ocrx_word' id='word_1_190' title='bbox 2084 2589 2632 2664; x_wconf 86' lang='lat' dir='ltr'><strong>constitutiones</strong></span> <span class='ocrx_word' id='word_1_191' title='bbox 2707 2591 2882 2663; x_wconf 90' lang='lat' dir='ltr'><strong>irre-</strong></span> 
     </span>
     <span class='ocr_line' id='line_1_22' title="bbox 243 2699 2875 2793; baseline 0.002 -25"><span class='ocrx_word' id='word_1_192' title='bbox 243 2716 274 2761; x_wconf 73' lang='lat'><strong>»</strong></span> <span class='ocrx_word' id='word_1_193' title='bbox 304 2699 507 2787; x_wconf 90' lang='lat' dir='ltr'><strong>psisse</strong></span> <span class='ocrx_word' id='word_1_194' title='bbox 559 2702 1063 2793; x_wconf 84' lang='lat' dir='ltr'><strong>cognoverint,</strong></span> <span class='ocrx_word' id='word_1_195' title='bbox 1119 2718 1336 2791; x_wconf 89' lang='lat' dir='ltr'><strong>super</strong></span> <span class='ocrx_word' id='word_1_196' title='bbox 1386 2718 1469 2772; x_wconf 91' lang='lat' dir='ltr'><strong>eo</strong></span> <span class='ocrx_word' id='word_1_197' title='bbox 1523 2700 1779 2771; x_wconf 88' lang='lat' dir='ltr'><strong>Sedem</strong></span> <span class='ocrx_word' id='word_1_198' title='bbox 1833 2699 2308 2791; x_wconf 81' lang='lat' dir='ltr'><strong>Apostolicam</strong></span> <span class='ocrx_word' id='word_1_199' title='bbox 2362 2703 2775 2791; x_wconf 90' lang='lat' dir='ltr'><strong>consulant,</strong></span> <span class='ocrx_word' id='word_1_200' title='bbox 2832 2723 2875 2774; x_wconf 87' lang='lat' dir='ltr'><strong>a</strong></span> 
     </span>
     <span class='ocr_line' id='line_1_23' title="bbox 241 2810 2880 2903; baseline 0.003 -24"><span class='ocrx_word' id='word_1_201' title='bbox 241 2829 272 2871; x_wconf 86' lang='lat'>›</span> <span class='ocrx_word' id='word_1_202' title='bbox 302 2826 428 2897; x_wconf 87' lang='lat' dir='ltr'><strong>qua</strong></span> <span class='ocrx_word' id='word_1_203' title='bbox 478 2814 658 2885; x_wconf 91' lang='lat' dir='ltr'><strong>iuris</strong></span> <span class='ocrx_word' id='word_1_204' title='bbox 703 2813 1019 2893; x_wconf 69' lang='lat' dir='ltr'><strong>remed&#39;u</strong></span> <span class='ocrx_word' id='word_1_205' title='bbox 1055 2817 1499 2903; x_wconf 84' lang='lat' dir='ltr'><strong>exspectent.</strong></span> <span class='ocrx_word' id='word_1_206' title='bbox 1557 2810 2130 2885; x_wconf 83' lang='lat' dir='ltr'><strong>Consuetudines</strong></span> <span class='ocrx_word' id='word_1_207' title='bbox 2164 2820 2401 2886; x_wconf 88' lang='lat' dir='ltr'><strong>autem</strong></span> <span class='ocrx_word' id='word_1_208' title='bbox 2442 2815 2729 2886; x_wconf 91' lang='lat' dir='ltr'><strong>nonnisi</strong></span> <span class='ocrx_word' id='word_1_209' title='bbox 2765 2834 2880 2886; x_wconf 90' lang='lat' dir='ltr'><strong>ra-</strong></span> 
     </span>
    </p>
   </div>
   <div class='ocr_carea' id='block_1_8' title="bbox 235 2921 2881 3127">
    <p class='ocr_par' dir='ltr' id='par_1_8' title="bbox 235 2921 2881 3127">
     <span class='ocr_line' id='line_1_24' title="bbox 239 2921 2881 3013; baseline 0.002 -23"><span class='ocrx_word' id='word_1_210' title='bbox 239 2921 672 2998; x_wconf 85' lang='lat' dir='ltr'><strong>›tionabiles</strong></span> <span class='ocrx_word' id='word_1_211' title='bbox 725 2931 795 2996; x_wconf 92' lang='lat' dir='ltr'><strong>et</strong></span> <span class='ocrx_word' id='word_1_212' title='bbox 846 2924 1189 2996; x_wconf 87' lang='lat' dir='ltr'><strong>honestas</strong></span> <span class='ocrx_word' id='word_1_213' title='bbox 1241 2924 1674 3010; x_wconf 86' lang='lat' dir='ltr'><strong>admittant,</strong></span> <span class='ocrx_word' id='word_1_214' title='bbox 1732 2930 1832 3007; x_wconf 91' lang='lat' dir='ltr'><strong>et,</strong></span> <span class='ocrx_word' id='word_1_215' title='bbox 1887 2924 1949 2993; x_wconf 89' lang='lat' dir='ltr'><strong>si</strong></span> <span class='ocrx_word' id='word_1_216' title='bbox 2003 2942 2183 3013; x_wconf 89' lang='lat' dir='ltr'><strong>quas</strong></span> <span class='ocrx_word' id='word_1_217' title='bbox 2236 2945 2277 2996; x_wconf 91' lang='lat' dir='ltr'><strong>a</strong></span> <span class='ocrx_word' id='word_1_218' title='bbox 2331 2926 2606 2996; x_wconf 89' lang='lat' dir='ltr'><strong>ratione</strong></span> <span class='ocrx_word' id='word_1_219' title='bbox 2661 2925 2881 2997; x_wconf 87' lang='lat' dir='ltr'><strong>decli-</strong></span> 
     </span>
     <span class='ocr_line' id='line_1_25' title="bbox 235 3031 2878 3127; baseline 0.003 -26"><span class='ocrx_word' id='word_1_220' title='bbox 235 3052 266 3094; x_wconf 65' lang='grc' dir='ltr'><em>ν</em></span> <span class='ocrx_word' id='word_1_221' title='bbox 298 3049 519 3123; x_wconf 89' lang='lat' dir='ltr'><strong>nasse,</strong></span> <span class='ocrx_word' id='word_1_222' title='bbox 578 3035 694 3107; x_wconf 88' lang='lat' dir='ltr'><strong>vel</strong></span> <span class='ocrx_word' id='word_1_223' title='bbox 749 3043 998 3108; x_wconf 88' lang='lat' dir='ltr'><strong>contra</strong></span> <span class='ocrx_word' id='word_1_224' title='bbox 1048 3032 1422 3123; x_wconf 84' lang='lat' dir='ltr'><strong>Breviarii,</strong></span> <span class='ocrx_word' id='word_1_225' title='bbox 1460 3035 1574 3106; x_wconf 87' lang='lat' dir='ltr'><strong>vel</strong></span> <span class='ocrx_word' id='word_1_226' title='bbox 1629 3031 1961 3122; x_wconf 86' lang='lat' dir='ltr'><strong>Missalis,</strong></span> <span class='ocrx_word' id='word_1_227' title='bbox 2003 3033 2552 3107; x_wconf 88' lang='lat' dir='ltr'><strong>Caeremonialis</strong></span> <span class='ocrx_word' id='word_1_228' title='bbox 2585 3033 2878 3127; x_wconf 89' lang='lat' dir='ltr'><strong>Episco-</strong></span> 
     </span>
    </p>
   </div>
   <div class='ocr_carea' id='block_1_9' title="bbox 190 3142 2882 4807">
    <p class='ocr_par' dir='ltr' id='par_1_9' title="bbox 226 3142 2877 3462">
     <span class='ocr_line' id='line_1_26' title="bbox 235 3142 2877 3235; baseline 0.002 -20"><span class='ocrx_word' id='word_1_229' title='bbox 235 3163 263 3205; x_wconf 86' lang='lat'><strong>›</strong></span> <span class='ocrx_word' id='word_1_230' title='bbox 293 3161 558 3234; x_wconf 91' lang='lat' dir='ltr'><strong>porum,</strong></span> <span class='ocrx_word' id='word_1_231' title='bbox 601 3145 1068 3235; x_wconf 80' lang='lat' dir='ltr'><strong>PontificaIIS,</strong></span> <span class='ocrx_word' id='word_1_232' title='bbox 1110 3146 1223 3218; x_wconf 86' lang='lat' dir='ltr'><strong>vel</strong></span> <span class='ocrx_word' id='word_1_233' title='bbox 1278 3143 1587 3219; x_wconf 88' lang='lat' dir='ltr'><strong>Ritualis</strong></span> <span class='ocrx_word' id='word_1_234' title='bbox 1639 3142 1945 3217; x_wconf 88' lang='lat' dir='ltr'><strong>Romani</strong></span> <span class='ocrx_word' id='word_1_235' title='bbox 1998 3145 2319 3218; x_wconf 88' lang='lat' dir='ltr'><strong>rubricas</strong></span> <span class='ocrx_word' id='word_1_236' title='bbox 2369 3147 2744 3219; x_wconf 87' lang='lat' dir='ltr'><strong>inolevisse</strong></span> <span class='ocrx_word' id='word_1_237' title='bbox 2793 3167 2877 3220; x_wconf 88' lang='lat' dir='ltr'><strong>ac</strong></span> 
     </span>
     <span class='ocr_line' id='line_1_27' title="bbox 233 3258 2875 3351; baseline 0.002 -25"><span class='ocrx_word' id='word_1_238' title='bbox 233 3275 263 3315; x_wconf 68' lang='grc' dir='ltr'><strong>ι</strong></span> <span class='ocrx_word' id='word_1_239' title='bbox 295 3259 582 3343; x_wconf 86' lang='lat' dir='ltr'><strong>proinde</strong></span> <span class='ocrx_word' id='word_1_240' title='bbox 637 3258 1039 3331; x_wconf 81' lang='lat' dir='ltr'><strong>indebitam</strong></span> <span class='ocrx_word' id='word_1_241' title='bbox 1089 3260 1266 3351; x_wconf 84' lang='lat' dir='ltr'><strong>legis</strong></span> <span class='ocrx_word' id='word_1_242' title='bbox 1301 3259 1608 3349; x_wconf 91' lang='lat' dir='ltr'><strong>speciem</strong></span> <span class='ocrx_word' id='word_1_243' title='bbox 1647 3274 2033 3346; x_wconf 90' lang='lat' dir='ltr'><strong>usurpasse</strong></span> <span class='ocrx_word' id='word_1_244' title='bbox 2063 3258 2564 3348; x_wconf 88' lang='lat' dir='ltr'><strong>compererint,</strong></span> <span class='ocrx_word' id='word_1_245' title='bbox 2605 3277 2728 3331; x_wconf 91' lang='lat' dir='ltr'><strong>eas</strong></span> <span class='ocrx_word' id='word_1_246' title='bbox 2763 3259 2875 3331; x_wconf 91' lang='lat' dir='ltr'><strong>vel</strong></span> 
     </span>
     <span class='ocr_line' id='line_1_28' title="bbox 226 3368 2121 3462; baseline -0.002 -24"><span class='ocrx_word' id='word_1_247' title='bbox 226 3385 258 3430; x_wconf 68' lang='grc' dir='ltr'><strong>ι</strong></span> <span class='ocrx_word' id='word_1_248' title='bbox 290 3370 669 3462; x_wconf 83' lang='lat' dir='ltr'><strong>corrigant,</strong></span> <span class='ocrx_word' id='word_1_249' title='bbox 724 3369 837 3442; x_wconf 87' lang='lat' dir='ltr'><strong>vel</strong></span> <span class='ocrx_word' id='word_1_250' title='bbox 889 3372 1180 3442; x_wconf 87' lang='lat' dir='ltr'><strong>omnino</strong></span> <span class='ocrx_word' id='word_1_251' title='bbox 1231 3368 1577 3443; x_wconf 89' lang='lat' dir='ltr'><strong>delendas</strong></span> <span class='ocrx_word' id='word_1_252' title='bbox 1628 3369 2047 3441; x_wconf 90' lang='lat' dir='ltr'><strong>decernant.</strong></span> <span class='ocrx_word' id='word_1_253' title='bbox 2085 3393 2121 3435; x_wconf 81' lang='lat'><strong>»</strong></span> 
     </span>
    </p>

    <p class='ocr_par' dir='ltr' id='par_1_10' title="bbox 190 3478 2882 4807">
     <span class='ocr_line' id='line_1_29' title="bbox 351 3478 2881 3573; baseline 0.003 -26"><span class='ocrx_word' id='word_1_254' title='bbox 351 3480 514 3553; x_wconf 76' lang='lat'><strong>143.</strong></span> <span class='ocrx_word' id='word_1_255' title='bbox 577 3479 668 3554; x_wconf 91' lang='lat' dir='ltr'><strong>In</strong></span> <span class='ocrx_word' id='word_1_256' title='bbox 721 3482 955 3573; x_wconf 90' lang='lat' dir='ltr'><strong>capite</strong></span> <span class='ocrx_word' id='word_1_257' title='bbox 999 3483 1072 3553; x_wconf 89' lang='lat'><strong>5.</strong></span> <span class='ocrx_word' id='word_1_258' title='bbox 1118 3483 1304 3555; x_wconf 91' lang='lat' dir='ltr'><strong>tituli</strong></span> <span class='ocrx_word' id='word_1_259' title='bbox 1342 3484 1417 3553; x_wconf 78' lang='lat'><strong>2.</strong></span> <span class='ocrx_word' id='word_1_260' title='bbox 1458 3479 1830 3553; x_wconf 84' lang='lat' dir='ltr'><strong>Romanae</strong></span> <span class='ocrx_word' id='word_1_261' title='bbox 1865 3478 2133 3570; x_wconf 87' lang='lat' dir='ltr'><strong>Synodi</strong></span> <span class='ocrx_word' id='word_1_262' title='bbox 2166 3478 2441 3555; x_wconf 90' lang='lat' dir='ltr'><strong>Bened.</strong></span> <span class='ocrx_word' id='word_1_263' title='bbox 2483 3479 2689 3554; x_wconf 89' lang='lat' dir='ltr'><strong>XIII.</strong></span> <span class='ocrx_word' id='word_1_264' title='bbox 2733 3500 2881 3554; x_wconf 92' lang='lat' dir='ltr'><strong>me-</strong></span> 
     </span>
     <span class='ocr_line' id='line_1_30' title="bbox 219 3591 2880 3690; baseline 0.002 -28"><span class='ocrx_word' id='word_1_265' title='bbox 219 3591 492 3668; x_wconf 89' lang='lat' dir='ltr'><strong>thodum</strong></span> <span class='ocrx_word' id='word_1_266' title='bbox 552 3616 683 3690; x_wconf 92' lang='lat' dir='ltr'><strong>pro</strong></span> <span class='ocrx_word' id='word_1_267' title='bbox 718 3596 1361 3670; x_wconf 88' lang='lat' dir='ltr'><strong>constitutionibus</strong></span> <span class='ocrx_word' id='word_1_268' title='bbox 1396 3594 1913 3688; x_wconf 88' lang='lat' dir='ltr'><strong>capitularibus</strong></span> <span class='ocrx_word' id='word_1_269' title='bbox 1949 3598 2309 3687; x_wconf 89' lang='lat' dir='ltr'><strong>proponit.</strong></span> <span class='ocrx_word' id='word_1_270' title='bbox 2357 3619 2394 3664; x_wconf 86' lang='lat'>‹</span> <span class='ocrx_word' id='word_1_271' title='bbox 2424 3595 2640 3670; x_wconf 91' lang='lat' dir='ltr'><strong>Hisce</strong></span> <span class='ocrx_word' id='word_1_272' title='bbox 2678 3614 2880 3689; x_wconf 89' lang='lat' dir='ltr'><strong>prae-</strong></span> 
     </span>
     <span class='ocr_line' id='line_1_31' title="bbox 220 3704 2878 3805; baseline 0.002 -28"><span class='ocrx_word' id='word_1_273' title='bbox 220 3704 550 3784; x_wconf 89' lang='lat' dir='ltr'><strong>›babitis</strong></span> <span class='ocrx_word' id='word_1_274' title='bbox 609 3706 742 3803; x_wconf 90' lang='lat' dir='ltr'><strong>(sic</strong></span> <span class='ocrx_word' id='word_1_275' title='bbox 794 3706 1058 3805; x_wconf 82' lang='lat' dir='ltr'><strong>pergit)</strong></span> <span class='ocrx_word' id='word_1_276' title='bbox 1111 3710 1540 3802; x_wconf 89' lang='lat' dir='ltr'><strong>praecipuae</strong></span> <span class='ocrx_word' id='word_1_277' title='bbox 1591 3705 2107 3798; x_wconf 90' lang='lat' dir='ltr'><strong>Episcoporum</strong></span> <span class='ocrx_word' id='word_1_278' title='bbox 2172 3717 2413 3798; x_wconf 91' lang='lat' dir='ltr'><strong>partes</strong></span> <span class='ocrx_word' id='word_1_279' title='bbox 2481 3715 2740 3796; x_wconf 88' lang='lat' dir='ltr'><strong>erunt,</strong></span> <span class='ocrx_word' id='word_1_280' title='bbox 2796 3716 2878 3782; x_wconf 91' lang='lat' dir='ltr'><strong>ut</strong></span> 
     </span>
     <span class='ocr_line' id='line_1_32' title="bbox 217 3819 2879 3912; baseline 0.001 -23"><span class='ocrx_word' id='word_1_281' title='bbox 217 3838 250 3881; x_wconf 57' lang='grc' dir='ltr'><strong>ν</strong></span> <span class='ocrx_word' id='word_1_282' title='bbox 283 3820 403 3892; x_wconf 89' lang='lat' dir='ltr'><strong>tali</strong></span> <span class='ocrx_word' id='word_1_283' title='bbox 442 3823 790 3896; x_wconf 87' lang='lat' dir='ltr'><strong>methodo</strong></span> <span class='ocrx_word' id='word_1_284' title='bbox 824 3828 1097 3895; x_wconf 90' lang='lat' dir='ltr'><strong>statuta</strong></span> <span class='ocrx_word' id='word_1_285' title='bbox 1137 3823 1293 3912; x_wconf 86' lang='lat' dir='ltr'><strong>ipsa</strong></span> <span class='ocrx_word' id='word_1_286' title='bbox 1328 3828 1400 3894; x_wconf 88' lang='lat' dir='ltr'><strong>et</strong></span> <span class='ocrx_word' id='word_1_287' title='bbox 1436 3821 1984 3892; x_wconf 89' lang='lat' dir='ltr'><strong>constitutiones</strong></span> <span class='ocrx_word' id='word_1_288' title='bbox 2020 3819 2465 3908; x_wconf 83' lang='lat' dir='ltr'><strong>condantur3</strong></span> <span class='ocrx_word' id='word_1_289' title='bbox 2517 3827 2879 3910; x_wconf 87' lang='lat' dir='ltr'><strong>quatenus</strong></span> 
     </span>
     <span class='ocr_line' id='line_1_33' title="bbox 212 3929 2879 4025; baseline -0 -22"><span class='ocrx_word' id='word_1_290' title='bbox 212 3950 245 3993; x_wconf 58' lang='grc' dir='ltr'><em>ν</em></span> <span class='ocrx_word' id='word_1_291' title='bbox 282 3948 465 4020; x_wconf 86' lang='lat' dir='ltr'><strong>quae</strong></span> <span class='ocrx_word' id='word_1_292' title='bbox 524 3936 846 4025; x_wconf 87' lang='lat' dir='ltr'><strong>ipsarum</strong></span> <span class='ocrx_word' id='word_1_293' title='bbox 900 3934 1044 4006; x_wconf 89' lang='lat' dir='ltr'><strong>sint</strong></span> <span class='ocrx_word' id='word_1_294' title='bbox 1096 3934 1555 4006; x_wconf 89' lang='lat' dir='ltr'><strong>ecclesiarum</strong></span> <span class='ocrx_word' id='word_1_295' title='bbox 1608 3938 1680 4003; x_wconf 91' lang='lat' dir='ltr'><strong>et</strong></span> <span class='ocrx_word' id='word_1_296' title='bbox 1714 3929 2199 4022; x_wconf 83' lang='lat' dir='ltr'><strong>Capitulorum</strong></span> <span class='ocrx_word' id='word_1_297' title='bbox 2240 3933 2578 4022; x_wconf 79' lang='lat' dir='ltr'><strong>origineS,</strong></span> <span class='ocrx_word' id='word_1_298' title='bbox 2619 3930 2879 4002; x_wconf 80' lang='lat' dir='ltr'><strong>funda-</strong></span> 
     </span>
     <span class='ocr_line' id='line_1_34' title="bbox 213 4036 2871 4137; baseline 0.001 -25"><span class='ocrx_word' id='word_1_299' title='bbox 213 4063 246 4104; x_wconf 81' lang='lat'><strong>»</strong></span> <span class='ocrx_word' id='word_1_300' title='bbox 281 4045 545 4134; x_wconf 89' lang='lat' dir='ltr'><strong>tiones,</strong></span> <span class='ocrx_word' id='word_1_301' title='bbox 607 4046 945 4137; x_wconf 84' lang='lat' dir='ltr'><strong>insignia,</strong></span> <span class='ocrx_word' id='word_1_302' title='bbox 1002 4046 1182 4133; x_wconf 91' lang='lat' dir='ltr'><strong>iura,</strong></span> <span class='ocrx_word' id='word_1_303' title='bbox 1224 4036 1812 4130; x_wconf 81' lang='lat' dir='ltr'><strong>consuetudines,</strong></span> <span class='ocrx_word' id='word_1_304' title='bbox 1852 4044 2154 4131; x_wconf 82' lang='lat' dir='ltr'><strong>redituS,</strong></span> <span class='ocrx_word' id='word_1_305' title='bbox 2186 4063 2401 4116; x_wconf 81' lang='lat' dir='ltr'><strong>onera</strong></span> <span class='ocrx_word' id='word_1_306' title='bbox 2441 4050 2511 4115; x_wconf 90' lang='lat' dir='ltr'><strong>et</strong></span> <span class='ocrx_word' id='word_1_307' title='bbox 2547 4062 2871 4131; x_wconf 89' lang='lat' dir='ltr'><strong>munera,</strong></span> 
     </span>
     <span class='ocr_line' id='line_1_35' title="bbox 207 4155 2871 4250; baseline 0.002 -27"><span class='ocrx_word' id='word_1_308' title='bbox 207 4173 240 4216; x_wconf 58' lang='grc' dir='ltr'><em>ν</em></span> <span class='ocrx_word' id='word_1_309' title='bbox 274 4156 424 4227; x_wconf 86' lang='lat' dir='ltr'><strong>suis</strong></span> <span class='ocrx_word' id='word_1_310' title='bbox 478 4155 621 4228; x_wconf 90' lang='lat' dir='ltr'><strong>sub</strong></span> <span class='ocrx_word' id='word_1_311' title='bbox 677 4155 1034 4250; x_wconf 87' lang='lat' dir='ltr'><strong>capitibus</strong></span> <span class='ocrx_word' id='word_1_312' title='bbox 1085 4156 1445 4229; x_wconf 89' lang='lat' dir='ltr'><strong>distinctis</strong></span> <span class='ocrx_word' id='word_1_313' title='bbox 1512 4157 2034 4247; x_wconf 86' lang='lat' dir='ltr'><strong>exprimantur,</strong></span> <span class='ocrx_word' id='word_1_314' title='bbox 2092 4155 2418 4246; x_wconf 86' lang='lat' dir='ltr'><strong>nihilque</strong></span> <span class='ocrx_word' id='word_1_315' title='bbox 2471 4159 2544 4228; x_wconf 92' lang='lat' dir='ltr'><strong>in</strong></span> <span class='ocrx_word' id='word_1_316' title='bbox 2597 4159 2702 4230; x_wconf 89' lang='lat' dir='ltr'><strong>eis</strong></span> <span class='ocrx_word' id='word_1_317' title='bbox 2750 4158 2871 4246; x_wconf 91' lang='lat' dir='ltr'><strong>sit,</strong></span> 
     </span>
     <span class='ocr_line' id='line_1_36' title="bbox 209 4266 2877 4359; baseline 0.001 -22"><span class='ocrx_word' id='word_1_318' title='bbox 209 4285 240 4326; x_wconf 82' lang='lat'><strong>›</strong></span> <span class='ocrx_word' id='word_1_319' title='bbox 276 4268 472 4354; x_wconf 83' lang='lat' dir='ltr'><strong>quod</strong></span> <span class='ocrx_word' id='word_1_320' title='bbox 530 4288 573 4338; x_wconf 93' lang='lat' dir='ltr'><strong>a</strong></span> <span class='ocrx_word' id='word_1_321' title='bbox 627 4270 800 4341; x_wconf 88' lang='lat' dir='ltr'><strong>iuris</strong></span> <span class='ocrx_word' id='word_1_322' title='bbox 852 4269 1318 4359; x_wconf 89' lang='lat' dir='ltr'><strong>dispositione</strong></span> <span class='ocrx_word' id='word_1_323' title='bbox 1369 4276 1441 4341; x_wconf 89' lang='lat' dir='ltr'><strong>et</strong></span> <span class='ocrx_word' id='word_1_324' title='bbox 1494 4266 2141 4359; x_wconf 81' lang='lat' dir='ltr'><strong>Congregationum</strong></span> <span class='ocrx_word' id='word_1_325' title='bbox 2194 4268 2537 4358; x_wconf 79' lang='lat' dir='ltr'><strong>decretiS,</strong></span> <span class='ocrx_word' id='word_1_326' title='bbox 2593 4286 2877 4359; x_wconf 86' lang='lat' dir='ltr'><strong>usuque</strong></span> 
     </span>
     <span class='ocr_line' id='line_1_37' title="bbox 201 4379 2872 4473; baseline 0.002 -26"><span class='ocrx_word' id='word_1_327' title='bbox 201 4399 234 4439; x_wconf 86' lang='lat'>›</span> <span class='ocrx_word' id='word_1_328' title='bbox 271 4388 572 4472; x_wconf 90' lang='lat' dir='ltr'><strong>recepto</strong></span> <span class='ocrx_word' id='word_1_329' title='bbox 622 4388 694 4453; x_wconf 92' lang='lat' dir='ltr'><strong>et</strong></span> <span class='ocrx_word' id='word_1_330' title='bbox 747 4380 1145 4473; x_wconf 89' lang='lat' dir='ltr'><strong>approbato</strong></span> <span class='ocrx_word' id='word_1_331' title='bbox 1200 4380 1586 4467; x_wconf 81' lang='lat' dir='ltr'><strong>exorbitet,</strong></span> <span class='ocrx_word' id='word_1_332' title='bbox 1650 4379 1779 4451; x_wconf 90' lang='lat' dir='ltr'><strong>sed</strong></span> <span class='ocrx_word' id='word_1_333' title='bbox 1850 4380 1973 4450; x_wconf 90' lang='lat' dir='ltr'><strong>illa</strong></span> <span class='ocrx_word' id='word_1_334' title='bbox 2008 4387 2013 4392; x_wconf 86' lang='grc'><strong>’</strong></span> <span class='ocrx_word' id='word_1_335' title='bbox 2045 4381 2371 4470; x_wconf 88' lang='lat' dir='ltr'><strong>apposite</strong></span> <span class='ocrx_word' id='word_1_336' title='bbox 2430 4387 2872 4471; x_wconf 90' lang='lat' dir='ltr'><strong>statuantur,</strong></span> 
     </span>
     <span class='ocr_line' id='line_1_38' title="bbox 199 4493 2881 4586; baseline 0.001 -22"><span class='ocrx_word' id='word_1_337' title='bbox 199 4512 230 4553; x_wconf 85' lang='lat'><strong>›</strong></span> <span class='ocrx_word' id='word_1_338' title='bbox 269 4507 467 4581; x_wconf 84' lang='lat' dir='ltr'><strong>quae</strong></span> <span class='ocrx_word' id='word_1_339' title='bbox 528 4512 655 4585; x_wconf 92' lang='lat' dir='ltr'><strong>pro</strong></span> <span class='ocrx_word' id='word_1_340' title='bbox 705 4496 1242 4586; x_wconf 87' lang='lat' dir='ltr'><strong>opportunitate</strong></span> <span class='ocrx_word' id='word_1_341' title='bbox 1295 4500 1366 4567; x_wconf 91' lang='lat' dir='ltr'><strong>et</strong></span> <span class='ocrx_word' id='word_1_342' title='bbox 1420 4493 1847 4566; x_wconf 89' lang='lat' dir='ltr'><strong>necessitate</strong></span> <span class='ocrx_word' id='word_1_343' title='bbox 1898 4498 2329 4582; x_wconf 88' lang='lat' dir='ltr'><strong>temporum,</strong></span> <span class='ocrx_word' id='word_1_344' title='bbox 2386 4513 2621 4566; x_wconf 90' lang='lat' dir='ltr'><strong>rerum</strong></span> <span class='ocrx_word' id='word_1_345' title='bbox 2668 4502 2739 4568; x_wconf 91' lang='lat' dir='ltr'><strong>et</strong></span> <span class='ocrx_word' id='word_1_346' title='bbox 2775 4494 2881 4567; x_wconf 90' lang='lat' dir='ltr'><strong>lo-</strong></span> 
     </span>
     <span class='ocr_line' id='line_1_39' title="bbox 198 4605 2882 4698; baseline 0.003 -26"><span class='ocrx_word' id='word_1_347' title='bbox 198 4622 233 4663; x_wconf 76' lang='lat'><strong>»</strong></span> <span class='ocrx_word' id='word_1_348' title='bbox 270 4619 560 4692; x_wconf 90' lang='lat' dir='ltr'><strong>corum,</strong></span> <span class='ocrx_word' id='word_1_349' title='bbox 615 4606 708 4678; x_wconf 87' lang='lat' dir='ltr'><strong>ad</strong></span> <span class='ocrx_word' id='word_1_350' title='bbox 761 4606 986 4677; x_wconf 81' lang='lat' dir='ltr'><strong>divini</strong></span> <span class='ocrx_word' id='word_1_351' title='bbox 1040 4607 1278 4678; x_wconf 92' lang='lat' dir='ltr'><strong>cultus</strong></span> <span class='ocrx_word' id='word_1_352' title='bbox 1329 4609 1823 4697; x_wconf 85' lang='lat' dir='ltr'><strong>augmentum,</strong></span> <span class='ocrx_word' id='word_1_353' title='bbox 1881 4605 2259 4677; x_wconf 87' lang='lat' dir='ltr'><strong>sanctioris</strong></span> <span class='ocrx_word' id='word_1_354' title='bbox 2294 4606 2716 4698; x_wconf 89' lang='lat' dir='ltr'><strong>disciplinae</strong></span> <span class='ocrx_word' id='word_1_355' title='bbox 2751 4606 2882 4680; x_wconf 88' lang='lat' dir='ltr'><strong>ob·-</strong></span> 
     </span>
     <span class='ocr_line' id='line_1_40' title="bbox 190 4718 2874 4807; baseline 0 -21"><span class='ocrx_word' id='word_1_356' title='bbox 190 4736 228 4777; x_wconf 80' lang='lat'>›</span> <span class='ocrx_word' id='word_1_357' title='bbox 265 4720 746 4807; x_wconf 84' lang='lat' dir='ltr'><strong>servantiam,</strong></span> <span class='ocrx_word' id='word_1_358' title='bbox 785 4726 856 4792; x_wconf 89' lang='lat' dir='ltr'><strong>et</strong></span> <span class='ocrx_word' id='word_1_359' title='bbox 907 4720 1372 4792; x_wconf 89' lang='lat' dir='ltr'><strong>ecclesiarum</strong></span> <span class='ocrx_word' id='word_1_360' title='bbox 1420 4718 1812 4790; x_wconf 89' lang='lat' dir='ltr'><strong>utilitatem</strong></span> <span class='ocrx_word' id='word_1_361' title='bbox 1863 4718 2252 4790; x_wconf 89' lang='lat' dir='ltr'><strong>statuenda</strong></span> <span class='ocrx_word' id='word_1_362' title='bbox 2303 4718 2803 4792; x_wconf 89' lang='lat' dir='ltr'><strong>iudicaverint.</strong></span> <span class='ocrx_word' id='word_1_363' title='bbox 2833 4743 2874 4787; x_wconf 68' lang='lat' dir='ltr'><strong>s</strong></span> 
     </span>
    </p>
   </div>
  </div>
 </body>
</html>
