3497 5235
815 281 935 360 0⁸1».
961 284 1004 342 1.
1040 282 1114 342 De
1155 283 1307 342 stetu
1343 277 1603 342 noel-aiu
1642 277 1917 340 materiali.
1957 279 2011 354 ἓ.
2040 276 2162 366 4-ὗ.
2736 273 2815 338 99

181 423 526 512 colluceat,
584 423 662 494 in
716 421 1119 494 subsidium
1174 421 1327 514 cogi
1369 438 1576 513 posse
1614 421 1828 493 etiam
1864 417 2361 510 parocbianOS,
2401 414 2620 487 tradit
2655 433 2816 487 cum

180 537 311 607 aliis
359 534 780 607 doctoribus
832 531 1037 606 Card.
1080 531 1287 607 Petra
1340 528 1441 630 (l.
1483 553 1546 606 c.
1590 553 1664 605 n.
1703 527 1907 628 26),
1959 547 2239 602 necnon
2273 525 2575 621 Crispin.
2618 522 2813 626 (Vis.

173 656 340 740 past.
376 651 467 721 P.
515 647 612 719 ΙΙ.
653 645 728 742 ξ.
770 648 847 719 2.
889 668 963 719 n.
1010 644 1207 740 13),
1259 665 1438 737 quos
1473 664 1599 739 pro
1634 663 1709 718 re
1750 651 1919 717 nata
1973 642 2340 716 consulere
2393 640 2815 735 praestabit,

179 762 572 850 praesertim
624 778 787 833 cum
841 760 1118 851 aliquas
1169 759 1691 832 declarationes
1762 755 1883 828 SS.
1942 752 2585 847 congregationum
2645 753 2826 826 adii-

181 873 369 961 ciant,
428 891 622 963 quae
675 872 752 944 in
804 891 1010 944 usum
1063 891 1209 944 non
1260 870 1754 964 infrequenter
1805 869 2060 943 cadere
2106 874 2431 958 possunt.
2472 863 2823 949 Quoniam

187 1001 319 1056 vero
367 985 575 1057 hisce
625 984 1065 1076 temporibus
1119 983 1489 1057 inductum
1542 990 1678 1074 est,
1737 989 1816 1055 ut
1866 983 2139 1054 lumina
2191 981 2601 1054 nutriantur
2667 980 2826 1053 aliis

191 1097 487 1168 materiis
538 1102 1040 1190 praeterquam
1094 1096 1246 1170 oleo
1297 1096 1671 1184 olivarum,
1727 1096 1992 1188 optime
2039 1094 2372 1185 quadrat,
2428 1093 2831 1167 recentissi-

193 1226 352 1280 mam
407 1209 590 1299 ipsis
656 1208 895 1281 verbis
945 1210 1021 1280 in
1071 1209 1382 1282 medium
1434 1208 1746 1301 proferre
1799 1206 1872 1280 S.
1927 1204 2002 1279 C.
2051 1203 2203 1278 Bit.
2261 1206 2823 1298 dispositionem,

192 1327 253 1391 ut
294 1322 678 1411 sequitur:

311 1455 351 1500 ‹
386 1431 775 1507 Decretum
825 1472 874 1495 -ι-
926 1435 1254 1508 Plurium
1301 1433 1687 1507 dioecesum
1734 1472 1783 1488 -
1831 1429 2173 1506 Nonnulli
2223 1429 2390 1505 Rriii
2441 1429 2831 1505 Galliarum

197 1571 224 1614 ›
259 1545 630 1620 antistites
661 1600 681 1636 ,
757 1548 940 1619 serio
1017 1547 1544 1639 perpendentes
1612 1547 1688 1619 in
1759 1547 2001 1619 multis
2068 1564 2357 1618 suarum
2426 1545 2832 1619 dioecesum

201 1685 229 1725 ›
259 1658 575 1731 ecclesiis
627 1657 917 1731 difficile
968 1660 1351 1732 admodum
1404 1665 1474 1731 et
1525 1659 1811 1731 nonnisi
1864 1659 2143 1750 magnis
2194 1657 2599 1750 sumptibus
2646 1676 2836 1732 com-

205 1793 231 1838 ›
261 1772 491 1861 parari
546 1788 755 1862 posse
804 1771 1037 1843 oleum
1091 1772 1435 1843 olivarum
1488 1771 1579 1843 ad
1632 1771 2089 1843 nutriendam
2140 1770 2264 1842 diu
2299 1775 2659 1860 noctuque
2695 1769 2837 1843 sal-

201 1906 229 1947 »
258 1889 392 1954 tem
427 1901 652 1954 unam
692 1883 1095 1974 lampadem
1131 1889 1297 1956 ante
1333 1884 1864 1957 sanctissimum
1900 1879 2390 1955 Eucharistiae
2420 1881 2837 1957 Sacramen-

203 2001 448 2083 ηοω,
507 1995 604 2067 ab
660 1994 1056 2087 Apostolica
1110 1994 1291 2069 Sede
1343 1996 1693 2069 declarari
1746 1995 2145 2086 petierunt,
2203 2002 2441 2067 utrum
2492 1997 2568 2067 in
2622 2014 2830 2084 casu,

207 2130 237 2171 ›
267 2108 553 2181 attentis
600 2106 1144 2180 difficultatibus
1195 2116 1266 2182 et
1319 2109 1774 2182 ecclesiarum
1811 2114 2260 2199 paupertate,
2301 2110 2456 2181 oleo
2490 2108 2835 2182 olivarum

210 2242 238 2282 ›
269 2217 601 2291 substitui
655 2221 933 2310 possint
967 2220 1106 2293 alia
1142 2222 1325 2309 olea,
1383 2239 1571 2312 quae
1622 2238 1710 2291 ex
1761 2219 2204 2312 vegetalibus
2256 2220 2644 2309 habentur,
2683 2221 2838 2313 ipso

211 2352 242 2394 ι
273 2349 403 2402 non
455 2330 750 2404 excluso
809 2333 1149 2422 petroleo.
1217 2330 1431 2407 Sacra
1499 2351 1705 2426 porro
1775 2328 2072 2405 Rituum
2142 2330 2632 2426 Congregatio,
2708 2331 2843 2405 etsi

214 2465 245 2507 ι
277 2461 545 2534 semper
597 2444 928 2536 sollicita,
974 2452 1049 2519 ut
1083 2447 1299 2519 etiam
1333 2447 1408 2517 in
1443 2445 1581 2518 bac
1615 2452 1820 2536 parte
1857 2446 2047 2536 quod
2085 2465 2314 2537 usque
2351 2445 2444 2518 ab
2480 2444 2841 2519 Ecclesiae

214 2578 247 2617 ι
281 2557 672 2645 primordiis
726 2558 910 2631 circa
946 2574 1155 2631 usum
1207 2558 1343 2633 olei
1395 2575 1481 2632 ex
1532 2555 1739 2630 olivis
1792 2558 2163 2633 inductum
2201 2565 2335 2648 est,
2375 2557 2466 2632 ob
2506 2558 2843 2650 mysticas

215 2690 248 2729 ι
279 2668 826 2759 significationes
878 2672 1321 2759 retineatur3
1394 2678 1712 2744 attamen
1782 2672 2064 2746 silentio
2115 2672 2499 2765 praeterire
2552 2672 2844 2743 minime

220 2799 251 2841 ι
285 2783 543 2853 censuit
597 2784 910 2856 rationes
962 2783 1052 2856 ab
1106 2784 1357 2857 iisdem
1406 2780 1778 2875 Episcopis
1830 2784 2192 2875 prolatas3
2250 2803 2333 2857 ac
2384 2784 2682 2876 proinde
2727 2800 2852 2855 ex-

223 2910 256 2951 »
287 2892 527 2979 quisito
566 2895 768 2984 prius
809 2901 972 2967 voto
1008 2895 1299 2969 alterius
1334 2914 1422 2969 ex
1462 2895 2021 2985 Apostolicarum
2059 2897 2662 2971 caeremoniarum
2698 2914 2848 2968 ma-

224 3026 259 3069 »
290 3003 537 3095 gistris,
593 3005 1043 3097 subscriptus
1093 3006 1489 3081 Cardinalis
1539 3005 1941 3082 Praefectus
1994 3009 2310 3082 eiusdem
2364 3005 2619 3080 Sacrae
2671 3004 2850 3079 Con-

231 3139 264 3180 »
297 3118 707 3210 gregationis
754 3138 906 3191 rem
959 3138 1239 3192 omnem
1292 3122 1657 3212 proposuit
1706 3121 1784 3193 in
1834 3122 2210 3194 ordinariis
2247 3120 2548 3192 comitiis
2583 3119 2675 3191 ad
2709 3116 2852 3190 Va-

233 3249 267 3293 »
296 3230 592 3302 ticanum
641 3229 988 3303 hodierna
1041 3233 1157 3305 die
1205 3222 1528 3305 habitis.'
1560 3229 1714 3305 Emi
1770 3239 2008 3306 autem
2043 3240 2117 3306 et
2147 3229 2313 3304 Rriii
2349 3230 2594 3305 Patres
2627 3230 2847 3303 sacris

237 3343 560 3415 »tuendis
612 3343 869 3416 ritibus
918 3345 1331 3437 praepositi,
1386 3344 1721 3418 omnibus
1774 3353 2103 3419 accurate
2154 3344 2525 3437 perpensis
2572 3361 2654 3417 ac
2689 3343 2851 3415 dili-

238 3478 272 3517 »
302 3457 683 3545 gentissime
754 3457 1223 3546 examinatis,
1297 3456 1831 3531 rescribendum
1904 3464 2390 3531 censuerunt:
2451 3456 2853 3530 Generatim

237 3591 272 3627 ν
301 3569 608 3642 utendam
655 3588 800 3641 esse
847 3571 993 3642 oleo
1041 3570 1393 3643 olivarnm
1417 3592 1450 3657 ,·
1500 3570 1618 3643 ubi
1651 3589 1813 3643 vero
1847 3569 2087 3643 haberi
2137 3574 2463 3662 nequeat,
2498 3569 2859 3642 remitten-

241 3700 278 3740 ν
304 3678 445 3753 dam
482 3683 907 3776 prudentiae
959 3682 1488 3775 Episcoporum,
1539 3689 1619 3755 ut
1670 3682 2030 3774 lampades
2081 3683 2503 3756 nutriantur
2553 3700 2640 3753 ex
2688 3679 2853 3752 aliis

247 3791 445 3866 »oleis
492 3801 842 3888 quantum
890 3795 1041 3884 fieri
1084 3796 1308 3887 possit
1357 3795 1872 3888 veqetabilibns.
1931 3793 2057 3867 Die
2106 3795 2179 3865 9.
2239 3790 2406 3866 Iulii
2463 3794 2676 3866 1864.

365 3904 642 3981 »Pacta
694 3907 1146 4001 postmodum
1199 3906 1287 3981 de
1338 3907 1747 3999 praemissis
1815 3904 2028 3980 SSmo
2086 3904 2175 3979 D.
2213 3903 2301 3977 N.
2353 3904 2474 3979 Pio
2525 3902 2660 3977 ΡΡ.
2717 3901 2847 3977 ΙΧ.

255 4031 418 4104 »per
462 4019 987 4110 infrascriptum
1038 4017 1508 4093 Secretarium
1576 4019 1772 4093 fideli
1839 4020 2226 4108 relatione,
2295 4014 2652 4091 Sanctitas
2711 4016 2855 4091 Sua

259 4133 715 4204 »sententiam
766 4129 1022 4205 Sacrae
1055 4130 1630 4224 Congregationis
1681 4140 1915 4205 ratam
1967 4132 2222 4205 habuit
2271 4139 2341 4204 et
2377 4130 2856 4205 confirmavit.

263 4248 305 4298 ²·
324 4234 426 4313 Die
475 4243 583 4314 14.
625 4242 882 4316 iisdem
931 4262 1173 4317 mense
1209 4250 1280 4317 et
1314 4263 1528 4318 anno.
1559 4282 1609 4298 -
1643 4240 1716 4316 C.
1751 4242 2144 4338 Episcopus
2197 4241 2531 4317 Portuen.
2575 4250 2648 4317 et
2682 4241 2863 4317 San-

267 4357 453 4425 »ctae
497 4353 802 4429 Rufinae
852 4353 1061 4428 Card.
1119 4354 1376 4429 Patrizi
1429 4358 1501 4428 S.
1542 4353 1633 4428 R.
1675 4353 1750 4428 C.
1809 4353 2038 4429 Praei.
2080 4392 2129 4409 -
2179 4353 2363 4429 Loco
2398 4351 2496 4447 ᾖ
2529 4357 2770 4450 sigilli.
2812 4392 2863 4415 -

271 4480 306 4519 2
331 4456 399 4533 b.
431 4462 759 4540 Bartolini
814 4466 886 4540 S.
929 4464 1020 4539 R.
1062 4465 1134 4540 C.
1180 4467 1641 4542 SecretariuS.
1679 4491 1716 4535 ν

381 4568 775 4652 Huiusmodi
817 4578 1178 4654 decretum
1213 4581 1545 4653 sacerdos
1581 4578 1949 4654 Romanus
1983 4574 2234 4655 Petrus
2274 4578 2644 4675 Avanzini,
2683 4582 2868 4676 opti-

277 4699 401 4759 mae
427 4693 561 4782 spei
593 4694 1033 4785 adolescenS,
1072 4692 1624 4788 locupletissima
1667 4694 1811 4767 iam
1847 4694 2448 4788 iurisprudentiae
2483 4696 2867 4776 canonicae
