3497 5235
533 252 657 330 usp.
681 252 752 312 11.
790 254 863 313 Do
901 254 1163 330 lpinoopm
1200 254 1616 332 Anhiopinoopo.
1658 255 1890 314 Prima
1930 256 1988 316 ot
2025 256 2355 315 Pati-istola.
2397 257 2451 330 g.
2479 255 2525 315 1.
2758 253 2874 318 ¹49

198 390 452 466 rochus
503 409 649 463 non
704 391 911 463 modo
963 391 1324 464 celebrare
1380 409 1509 483 pro
1560 392 1829 483 populo
1882 390 2126 482 debet,
2181 394 2309 465 sed
2351 394 2568 464 etiam
2620 387 2693 462 in
2745 411 2875 485 pa-

197 504 502 576 rochiale
553 502 908 594 templum
961 503 1303 594 populum
1361 502 1768 592 admittere,
1826 508 1908 574 ut
1956 510 2408 576 sacrosancto
2461 502 2715 576 Missae
2759 522 2875 575 sa-

197 615 454 686 crificio
494 614 805 702 intersit,
860 618 932 685 et
984 614 1233 687 audiat
1281 612 1578 685 verbum
1614 611 1771 703 Dei,
1829 621 1900 687 et
1952 612 2418 689 Sacra-menta
2455 634 2581 707 pro
2618 635 2876 709 oppor-

198 727 500 800 tunitate
553 726 900 816 recipiat,
955 731 1025 797 et
1079 726 1163 798 iis
1214 724 1549 798 omnibus
1602 725 1856 798 officiis
1908 727 2300 817 excolatur,
2376 746 2561 819 quae
2614 727 2874 801 diebus

196 839 614 931 praesertim
665 833 1053 909 Dominicis
1095 837 1402 926 aliisque
1438 836 1639 909 festis
1675 837 2111 928 praestanda
2148 846 2344 912 sunt.
2389 839 2476 912 At
2514 858 2659 912 non
2693 840 2874 913 haec

198 951 422 1023 valere
479 957 786 1043 possunt
836 968 964 1042 pro
1014 946 1417 1041 EpiscopiS,
1461 950 1584 1039 qui
1624 949 1954 1021 dissimili
1990 951 2064 1021 in
2102 951 2507 1024 conditione
2544 960 2617 1024 et
2652 969 2870 1024 causa

197 1069 594 1150 versantur,
651 1081 820 1135 cum
870 1062 1070 1133 nulla
1124 1061 1279 1152 lege
1329 1061 1541 1133 hodie
1582 1060 1975 1133 iubeantur
2010 1060 2346 1133 omnibus
2382 1061 2638 1135 diebus
2674 1061 2873 1134 lestis

197 1182 520 1247 sanctum
574 1172 1019 1247 Sacrificium
1071 1172 1146 1244 in
1197 1171 1602 1246 cathedrali
1658 1172 1920 1264 templo
1974 1190 2339 1265 peragere.

324 1284 788 1375 Quamquam
841 1301 1005 1356 vero
1058 1284 1350 1356 minime
1387 1285 1898 1371 necessarium,
1940 1290 2419 1378 opportunum
2460 1290 2699 1356 tamen
2736 1284 2875 1356 du·

198 1401 410 1472 cimus
461 1398 878 1485 declarare,
934 1416 1020 1470 ea
1072 1416 1260 1487 quae
1326 1415 1547 1488 supra
1616 1397 2008 1469 constituta
2070 1403 2282 1485 sunt,
2340 1396 2434 1469 ad
2485 1394 2876 1487 Episcopos

197 1529 328 1583 non
376 1516 742 1602 spectare,
799 1510 926 1600 qui
987 1510 1336 1582 Tilulares
1389 1508 1755 1596 dicuntur,
1814 1509 2085 1599 quique
2129 1508 2220 1579 ad
2257 1508 2683 1599 dignitatem
2720 1508 2871 1598 epi·

198 1623 548 1714 scopalem
587 1621 921 1715 promoti,
980 1621 1137 1693 ideo
1192 1641 1233 1693 a
1288 1618 1612 1693 Romano
1647 1617 1992 1693 Pontifice
2033 1620 2236 1693 titulo
2272 1619 2702 1692 decorantur
2736 1616 2876 1690 Ec-

201 1733 572 1806 clesiarum
627 1730 1189 1821 Catbedralium‚
1249 1751 1433 1822 quae
1488 1733 1655 1804 olim
1710 1733 2073 1820 florentes,
2134 1750 2326 1804 nunc
2376 1731 2572 1805 Clero
2641 1749 2871 1822 popu-

199 1845 391 1936 loque
447 1844 808 1918 catholico
859 1843 1378 1928 destituuntur,
1435 1862 1527 1916 ne
1579 1844 1851 1917 scilicet
1905 1845 2205 1934 antiqua
2258 1862 2503 1915 earum
2556 1844 2871 1934 dignitas

201 1966 261 2031 et
307 1957 657 2029 memoria
709 1957 1001 2050 penitus
1052 1955 1405 2046 deleatur,
1450 1953 1622 2027 Cum
1661 1956 1853 2027 enim
1892 1956 2026 2047 ipsi
2062 1955 2342 2027 sedium
2377 1972 2668 2026 suarum
2705 1971 2870 2044 pos-

205 2072 586 2142 sessionem
641 2088 786 2141 non
840 2071 1170 2160 capiant,
1229 2087 1373 2159 qua
1426 2069 1805 2141 dumtaxat
1854 2075 2188 2159 suscepta
2241 2086 2528 2156 munus,
2585 2066 2674 2139 de
2729 2083 2871 2157 quo

202 2181 530 2270 diximuS,
571 2177 909 2274 Episcopi
963 2181 1259 2272 implere
1295 2186 1637 2253 tenentur
1689 2175 1796 2274 (S.
1828 2176 1903 2250 C.
1937 2177 2086 2251 Rit.
2130 2181 2205 2250 in
2240 2180 2547 2253 Marsor.
2588 2179 2702 2249 12.
2733 2174 2873 2250 No·-

204 2291 508 2364 vembris
567 2290 852 2388 1831.),
907 2309 1216 2382 cumque
1270 2291 1514 2363 nullus
1566 2310 1805 2381 neque
1856 2288 2099 2363 Clerus
2138 2310 2374 2382 neque
2411 2290 2719 2382 populus
2756 2307 2875 2361 eo-

204 2423 343 2476 rum
393 2404 735 2496 regimini
788 2403 1142 2491 tradatur,
1197 2403 1376 2475 satis
1427 2408 1735 2491 constat,
1796 2420 1943 2492 eoS,
2002 2403 2106 2475 uti
2160 2411 2405 2477 carent
2457 2421 2594 2474 usu
2658 2407 2877 2492 atque

203 2515 531 2587 exercitio
584 2515 960 2607 potestatis
995 2533 1083 2586 ex
1118 2514 1504 2604 episcopali
1540 2516 2073 2587 consecratione
2111 2523 2475 2607 acceptae,
2518 2516 2617 2589 ita
2656 2515 2878 2588 etiam

207 2626 390 2700 haud
442 2645 606 2700 esse
658 2627 911 2699 officiis
963 2632 1180 2718 atque
1233 2626 1571 2700 oneribus
1608 2646 1822 2699 curae
1859 2629 2282 2720 episcopalis
2320 2628 2688 2701 obnoxios.
2734 2625 2879 2700 Sed

207 2746 436 2812 tamen
490 2740 552 2811 si
608 2740 993 2830 aequitatis
1044 2740 1508 2830 caritatisque
1561 2739 1986 2833 episcopalis
2056 2741 2235 2812 ratio
2288 2739 2668 2828 habeatur,
2727 2755 2874 2809 non

209 2858 427 2942 potest
480 2870 628 2924 non
680 2857 1245 2923 consentaneum
1300 2851 1552 2940 videri,
1609 2870 1730 2924 eos
1784 2853 1998 2924 etiam
2053 2852 2412 2925 interdum
2449 2850 2879 2924 sacrificium

208 2963 474 3051 offerre,
534 2969 616 3034 ut
667 2964 999 3053 respiciat
1052 2960 1242 3035 Deus
1292 2963 1622 3035 miseram
1675 2960 2152 3036 Ecclesiarum
2209 2965 2492 3036 illarum
2530 2963 2879 3035 conditio·
2954 2946 2963 2957 ⁵

211 3092 387 3162 nem,
430 3091 739 3165 quarum
793 3074 1000 3146 titulo
1055 3079 1125 3145 et
1182 3074 1469 3146 nomine
1522 3074 1657 3165 ipsi
1710 3074 2212 3148 honestantur.
2255 3071 2439 3147 Huic
2474 3074 2572 3146 rei
2611 3075 2877 3165 optime

209 3189 630 3278 congruunt,
689 3203 875 3274 quae
913 3206 953 3256 a
990 3181 1112 3257 Pio
1149 3182 1271 3257 VI.
1316 3183 1695 3259 Decessore
1732 3181 1989 3259 Nostro
2025 3188 2097 3260 in
2136 3186 2670 3258 consecratione
2704 3182 2876 3275 Epi-

212 3298 392 3387 scopi
440 3294 866 3387 Cyrenensis
917 3295 1031 3369 die
1086 3297 1158 3367 4.
1202 3294 1531 3371 Octobris
1584 3318 1775 3372 anno
1817 3300 2027 3371 1778.
2091 3301 2164 3371 in
2215 3297 2523 3370 Basilica
2561 3295 2878 3371 Ostiensi

213 3406 389 3479 dicta
439 3415 667 3482 sunt:
726 3426 887 3479 cum
938 3409 1208 3481 scilicet
1260 3428 1694 3484 enumerans
1750 3430 2031 3499 causaS,
2098 3410 2188 3483 ob
2243 3430 2424 3502 quas
2487 3409 2881 3503 Apostolica

213 3515 418 3592 Sedes
476 3516 838 3592 Ecclesias
890 3521 1108 3592 etiam
1176 3521 1267 3593 ab
1336 3520 1752 3594 infidelibus
1820 3530 2205 3614 occupatas
2274 3521 2594 3593 conferre
2664 3520 2872 3608 solet,

219 3652 256 3693 ‹
289 3639 637 3724 oportere,
677 3632 940 3722 inquit,
985 3633 1297 3723 aliquem
1351 3634 1682 3721 existere,
1724 3635 1839 3705 cui
1875 3633 2330 3725 singulariter
2380 3631 2777 3720 incumbat,
2816 3630 2879 3702 si

218 3766 253 3806 ›
287 3760 424 3814 non
474 3761 722 3834 regere
774 3743 1129 3835 captivam
1185 3744 1381 3815 illam
1436 3745 1669 3816 miseri
1713 3748 1944 3837 gregis
1979 3747 2406 3837 portionem,
2452 3762 2695 3835 preces
2731 3743 2878 3814 sal-

219 3875 255 3919 »
290 3862 423 3926 tem
476 3874 562 3926 ac
614 3854 966 3954 lacrymas
1001 3874 1128 3947 pro
1164 3856 1417 3928 eadem
1455 3856 1545 3928 ad
1587 3857 2227 3930 misericordiarum
2264 3854 2543 3928 Patrem
2583 3854 2874 3927 assidue

222 3986 258 4023 »
292 3965 680 4038 effundere.
716 3990 755 4033 »

349 4074 690 4150 Volumus
742 4084 986 4150 autem
1039 4086 1454 4169 praesentes
1508 4077 1845 4171 LitteraS,
1905 4081 2289 4172 omniaque
2343 4086 2415 4153 et
2465 4078 2747 4169 singula
2802 4078 2878 4150 in

216 4184 299 4257 iis
344 4195 678 4261 contenta
733 4187 1241 4262 inviolabiliter
1293 4190 1683 4280 observari,
1725 4199 1797 4265 et
1833 4193 1920 4265 de
1958 4192 2467 4282 subreptionis,
2520 4189 2881 4281 obreptio-

216 4298 346 4387 nis,
382 4304 503 4372 aut
537 4301 1053 4391 cuiuscumque
1107 4301 1582 4376 invaliditatis
1633 4305 1803 4375 vitio
1858 4305 2423 4392 intentionisque
2461 4298 2756 4374 Nostrae
2810 4307 2884 4374 et

217 4426 653 4504 quocumque
724 4412 866 4485 alio
929 4412 1212 4487 defectu
1270 4434 1312 4486 a
1368 4433 1732 4505 quoquam
1790 4417 2065 4503 notari,
2129 4414 2575 4505 impugnari,
2633 4415 2746 4487 vel
2811 4414 2888 4487 in

216 4525 753 4625 controversiam
805 4525 1041 4596 vocari
1098 4525 1296 4597 nullo
1349 4544 1671 4616 unquam
1727 4531 2043 4617 tempore
2084 4544 2341 4616 pos<e3
2398 4526 2683 4598 sublata
2738 4527 2890 4599 cui-

216 4628 376 4707 libet
423 4637 634 4709 aliter
686 4636 776 4709 de
826 4636 940 4708 his
992 4636 1360 4710 iudicandi
1396 4643 1468 4710 et
1507 4637 1901 4711 definiendi
1941 4645 2341 4730 potestate:
2398 4643 2471 4709 et
2524 4635 2881 4729 quidquid
