3497 5235
603 282 722 346 396
1353 293 1720 352 butruntiouin
1760 293 1813 352 8.
1841 293 2023 368 Gom.
2052 294 2202 353 Oeno.
2241 295 2511 369 expositio.

606 416 860 483 testium
909 420 1159 486 nomina
1218 442 1286 487 ac
1337 424 1509 491 locus
1556 424 1978 492 matrimonii:
2052 446 2330 512 namque
2390 445 2509 513 per
2569 426 2722 491 haec
2782 421 3258 490 matrimonium

604 518 799 602 plene
844 522 1171 606 probatur.
1227 526 1535 593 Parochus
1571 526 1688 592 sub
1720 528 1896 615 gravi
1933 540 2188 595 tenetur
2220 541 2509 595 accurate
2541 527 3033 595 matrimoniales
3070 526 3258 594 libros

605 639 950 688 asservare.
987 662 1029 673 —
1062 630 1208 692 255.
1252 627 1347 692 Ad
1395 630 1697 695 maiorem
1747 630 1975 696 horum
2023 631 2568 697 confirmationem
2601 630 2861 697 affertur
2891 627 3257 714 exemplum

607 740 825 790 causae
861 728 1343 809 Neapolitanae,
1385 730 1487 798 ubi
1527 742 1794 819 propter
1827 733 2114 799 omissam
2163 732 2524 800 huiusmodi
2559 731 3057 819 descriptionem
3089 748 3255 795 acer-

605 825 802 894 rimae
848 849 915 895 ac
963 834 1542 918 sumptuosissimae
1591 853 1809 900 causae
1859 834 2032 900 locus
2081 834 2278 901 sactus
2328 846 2443 900 est.
2476 872 2517 884 -
2551 839 2703 900 256.
2743 836 2812 899 ln
2841 831 3255 897 matrimoniis

603 930 862 996 occultis
910 950 1023 997 seu
1072 937 1494 1002 conscientiae
1529 935 1988 1003 inhaerendum
2025 946 2119 1003 est
2152 936 2249 1014 iis,
2282 924 2442 1022 qnae
2476 935 2787 1024 praecipit
2820 932 3059 999 Bened.
3093 934 3251 997 xlv.

603 1028 666 1094 in
716 1033 985 1099 Constit.
1039 1038 1215 1100 Satis
1252 1036 1438 1102 vobis.
1477 1075 1519 1086 -
1552 1041 1702 1102 257.
1759 1041 1846 1103 De
1895 1039 2075 1124 prole
2123 1059 2200 1104 ex
2247 1038 2609 1105 huiusmodi
2658 1035 3075 1103 matrimoniis
3113 1053 3262 1121 pro-

602 1133 813 1220 genita
864 1148 927 1201 et
974 1149 1343 1221 regenerata
1392 1149 1688 1224 parentes
1737 1140 2124 1227 Episcopum
2175 1144 2515 1206 certiorem
2575 1139 2780 1205 lacere
2828 1138 3090 1204 debent.
3160 1136 3257 1201 Li-

602 1233 731 1300 bris
780 1234 952 1303 iuxta
1000 1238 1229 1304 dictam
1281 1240 1518 1306 Bened.
1561 1244 1721 1307 XIV.
1765 1243 2030 1308 Constit.
2086 1242 2389 1308 consectis
2434 1242 2621 1329 plena
2685 1239 2843 1307 fides
2904 1237 3259 1307 adhibenda

601 1349 716 1404 est.
757 1378 799 1389 -
831 1345 981 1408 258.
1036 1347 1126 1408 Ex
1178 1343 1354 1409 libris
1399 1346 1891 1430 parochialibus»,
1945 1347 2228 1432 itemque
2264 1365 2340 1412 ex
2372 1346 2548 1413 libris
2582 1342 3128 1412 Confraternitatis
3161 1352 3257 1407 tu-

598 1443 881 1508 mulandi
936 1445 1030 1510 ius
1078 1446 1364 1513 habentis
1412 1467 1580 1514 mors
1627 1461 1692 1515 et
1740 1449 1959 1516 mortis
2010 1450 2184 1516 locus
2235 1450 2561 1536 probatur.
2615 1485 2657 1496 -
2705 1450 2854 1513 259.
2911 1444 3256 1512 Confirma-

600 1544 789 1611 tionis
835 1549 1308 1615 Sacramentum
1359 1551 1663 1637 probatur
1695 1571 1773 1617 ex
1808 1552 1981 1618 libris
2029 1551 2564 1618 confirmatorum.
2615 1547 2984 1616 Huiusmodi
3023 1547 3255 1613 librum

598 1647 945 1713 accuratius
994 1659 1210 1715 tenere
1261 1651 1501 1718 debent
1549 1654 1871 1731 ecclesiae,
1926 1654 2154 1740 quibus
2206 1656 2299 1720 ius
2346 1665 2465 1730 est,
2505 1664 2575 1720 ut
2609 1651 2880 1739 quilibet
2912 1650 3012 1714 vel
3047 1659 3257 1714 extra-

600 1766 758 1812 neus
791 1749 1126 1817 chrismate
1171 1752 1253 1817 ibi
1304 1752 1521 1839 inungi
1559 1766 1772 1840 queat.
1812 1793 1854 1804 -
1887 1759 2039 1821 260.
2081 1757 2455 1822 consulatur
2489 1756 2731 1822 Folium
2767 1771 2987 1819 causae
3023 1753 3259 1815 Montis

599 1851 938 1926 Politiani,
994 1872 1153 1938 quae
1203 1854 1469 1921 habetur
1517 1857 1684 1923 inter
1735 1858 2096 1923 Postulata.

747 2090 917 2161 241.
977 2089 1074 2163 De
1127 2092 1369 2181 libris,
1429 2115 1606 2185 quos
1660 2096 1963 2187 quilibet
1998 2099 2349 2187 parochus
2396 2096 2705 2168 retinere
2756 2100 3067 2179 tenetur,
3108 2092 3254 2182 agit

599 2197 888 2273 Rituale
938 2198 1340 2276 Romanum
1376 2208 1560 2279 circa
1615 2208 1828 2280 finem
1885 2210 1956 2279 in
1993 2227 2076 2280 eo
2127 2210 2386 2301 capite,
2430 2225 2570 2296 quo
2608 2205 2948 2278 formulas
2997 2202 3243 2289 tradit,

599 2311 862 2402 quihus
918 2313 1127 2384 iidem
1200 2316 1597 2390 describere
1668 2319 2004 2391 iubentur
2055 2321 2200 2391 sive
2264 2318 2748 2405 matrimonia,
2802 2318 2951 2389 sive
3016 2314 3248 2405 bapti-

595 2431 854 2510 smata,
896 2425 1041 2496 sive
1094 2426 1356 2515 obituS,
1400 2430 1682 2519 aliaque
1734 2430 2036 2503 describi
2078 2432 2293 2502 iussa.
2338 2426 2614 2501 Ibidem
2668 2412 3129 2520 praecipitur,
3169 2432 3245 2497 ut

596 2534 669 2604 in
722 2534 1039 2608 ecclesiis
1091 2538 1686 2630 quibuscumque,
1729 2541 1850 2613 ubi
1905 2541 2260 2634 baptisma
2299 2539 2683 2628 confertur,
2723 2539 3242 2631 baptizatorum

525 2673 532 2678 ·
597 2645 780 2718 liber
829 2647 1204 2739 habeatur,
1249 2660 1343 2736 et,
1387 2651 1507 2723 ubi
1548 2652 1880 2740 chrisma,
1925 2652 2102 2724 liber
2139 2653 2737 2724 confirmatorum.
2782 2647 2863 2722 In
2914 2648 3240 2722 omnibus

595 2775 759 2830 vero
811 2758 1122 2831 ecclesiis
1163 2762 1687 2852 parochialibus
1724 2771 2003 2854 praeter
2055 2763 2273 2836 libros
2323 2763 2848 2854 baptizatorum
2884 2767 2956 2834 et
2991 2760 3240 2832 confir-

595 2876 971 2956 matorum,
1013 2873 1068 2941 si
1124 2874 1451 2945 videlicet
1522 2873 1785 2945 ibidem
1840 2875 2175 2967 baptismi
2246 2881 2317 2947 et
2383 2875 2942 2948 confirmationis
2995 2871 3241 2945 Sacra-

591 2984 830 3050 menta
880 2981 1365 3072 conleruntur,
1408 2986 1672 3058 debent
1710 2988 1783 3058 in
1822 2994 2151 3077 promptu
2203 3006 2357 3060 esse
2401 2995 2473 3060 et
2524 2994 2852 3060 accurate
2904 2983 3234 3059 custodiri

593 3088 773 3161 liber
834 3093 1157 3184 coniugio
1229 3096 1756 3188 copulatorum,
1816 3098 1995 3169 liber
2046 3099 2573 3171 demortuorum
2645 3106 2717 3172 et
2782 3099 2964 3170 liber
3013 3101 3236 3169 status

590 3201 1014 3273 animarum.
1074 3201 1255 3285 Quin
1313 3208 1449 3279 imo
1519 3209 2045 3281 demortuorum
2100 3210 2280 3282 liber
2346 3211 2432 3282 iis
2483 3212 2696 3282 etiam
2751 3211 2823 3282 in
2877 3207 3231 3291 ecclesiiS,

588 3312 754 3385 licet
807 3333 948 3386 nou
999 3318 1548 3408 parochialibus,
1592 3322 2070 3393 asservandus
2105 3328 2241 3409 est,
2283 3339 2466 3411 quae
2520 3324 2629 3393 ius
2673 3319 3058 3411 sepeliendi
3111 3317 3234 3389 ob-

591 3425 824 3498 tinent
872 3434 944 3500 et
994 3436 1348 3502 exercent.
1393 3428 1475 3502 In
1529 3433 1829 3523 singulis
1882 3452 2046 3504 vero
2101 3433 2466 3505 tradendis
2517 3432 2836 3503 formulis
2891 3430 3106 3501 multa
3156 3428 3235 3498 in

587 3539 824 3629 specie
877 3541 947 3609 in
1000 3541 1245 3613 eodem
1282 3538 1552 3613 Ritnali
1604 3543 2066 3631 adnotantur,
2111 3562 2296 3633 quae
2334 3543 2861 3616 adamussima
2915 3538 3235 3632 parochis

587 3650 1034 3722 observanda
1087 3660 1278 3724 sunt.
1339 3650 1530 3726 Haec
1581 3654 1893 3744 prolecto
1946 3656 2370 3726 enucleatim
2423 3654 2538 3726 hic
2607 3659 2926 3745 repetere
2985 3649 3235 3723 inutile

589 3761 942 3850 ducimuS,
1000 3764 1167 3852 quia
1221 3762 1547 3855 Episcopi
1603 3771 1674 3837 et
1726 3765 2013 3855 parochi
2066 3765 2480 3856 ceteroquin
2533 3763 2762 3835 lacere
2819 3768 3228 3853 nequeunt,

591 3874 764 3963 quin
817 3870 1127 3946 Ritualis
1180 3872 1482 3946 Romani
1553 3877 1915 3966 exemplar
1983 3876 2118 3948 sibi
2171 3875 2532 3962 habeant,
2598 3880 2671 3946 et
2731 3875 2803 3944 in
2855 3874 3009 3945 dies
3056 3873 3233 3943 assi-

588 3984 731 4056 dua
787 4003 1000 4056 manu
1057 3993 1388 4075 versent3
1446 4004 1530 4057 ex
1586 4005 1726 4076 quo
1781 3987 1957 4059 illud
2007 3987 2111 4075 fit,
2156 3992 2233 4059 ut
2282 3987 2494 4058 iidem
2534 3984 2736 4057 facile
2790 4004 2918 4076 per
2969 3985 3234 4074 seipsos

585 4101 886 4183 cuncta,
945 4115 1131 4186 quae
1181 4116 1309 4189 pro
1362 4115 1434 4168 re
1490 4104 1659 4168 nata
1714 4115 1892 4188 opus
1944 4099 2130 4185 sint,
2190 4098 2556 4169 consulere
2616 4103 2686 4169 et
2738 4110 3234 4188 recognoscere

586 4205 886 4296 possint.

731 4320 899 4391 242.
958 4318 1313 4413 Episcopi,
1381 4323 1488 4393 vel
1544 4339 1788 4393 eorum
1846 4324 1992 4394 vice
2047 4323 2443 4394 visitatores
2496 4321 2569 4393 in
2620 4339 2823 4393 sacra
2892 4317 3234 4393 dioecesis

586 4431 1130 4520 perlustratione
1183 4431 1586 4504 huiusmodi
1641 4432 1859 4504 libros
1911 4452 1950 4503 a
2017 4432 2343 4524 parochis
2394 4438 2466 4504 et
2517 4432 2699 4518 aliis,
2759 4433 2882 4521 qui
2943 4428 3232 4503 eosdem

586 4540 888 4611 retinere
940 4549 1300 4630 tenentur,
1341 4543 1476 4614 sibi
1512 4542 1832 4616 exhiberi
1885 4546 2171 4617 omnino
2208 4543 2531 4632 iubeant,
2573 4548 2652 4614 ut
2695 4544 3075 4636 explorent,
3123 4557 3237 4612 an

586 4646 784 4716 iuxta
810 4648 998 4737 leges
1034 4671 1074 4721 a
1112 4650 1378 4722 Rituali
1407 4650 1728 4724 Romano
1767 4656 2243 4746 praescriptas
2279 4654 2772 4742 conficiantur,
2807 4674 2914 4743 ac,
2954 4655 3008 4725 si
3041 4651 3241 4740 quid
