3497 5235
541 164 622 230 86
1289 164 1660 228 motioni·
1702 163 1757 222 Β.
1787 164 1971 240 Oongr.
2001 164 2148 226 ῦοιιο.
2188 167 2458 242 expo-itio.
2572 170 2594 192 ·

694 306 813 377 73.
871 298 979 374 Ex
1031 299 1269 376 verbis
1320 299 1531 376 Conc.
1592 297 1817 388 Trid.,
1877 302 2082 376 cuius
2133 300 2502 404 decretum
2552 301 2761 375 modo
2814 303 3210 394 attulimuS,

543 434 706 489 cum
757 414 1176 506 praebenda
1227 412 1614 505 theologali
1668 412 1862 485 aliud
1918 432 2204 501 munus,
2262 414 2376 485 vel
2428 414 2841 505 praebenda
2881 417 3217 508 coniungi

542 546 689 600 non
743 532 1021 617 potest,
1080 525 1284 598 cuius
1335 544 1552 599 onera
1609 543 1771 597 cum
1823 526 2079 598 eadem
2132 528 2273 597 sint
2326 526 2933 616 incompatibilia,
2993 528 3216 601 veluti

543 639 751 714 docet
786 637 998 711 Petra
1026 638 1122 712 ad
1157 638 1452 713 Constit.
1480 638 1575 711 II.
1611 637 1855 709 Innoc.
1892 637 2006 711 VI.
2040 657 2114 708 n.
2139 635 2260 711 43.
2292 631 2498 731 (tom.
2534 638 2654 711 JV.
2658 633 2727 733 ).
2757 637 2932 712 Cum
2966 641 3216 730 itaque

540 749 1034 825 Montisfalisci
1087 747 1482 842 Episcopus
1534 746 1606 821 S.
1656 748 1730 822 C.
1773 745 1985 821 Conc.
2046 752 2120 822 in
2171 770 2300 823 sua
2352 751 2700 824 relatione
2751 757 3219 845 percontatus

543 870 759 953 esset,
815 882 911 936 an
963 865 1037 935 in
1089 861 1584 954 praebendam
1625 861 2106 953 theologalem
2142 861 2414 953 erigere
2453 870 2690 954 posset
2725 865 2800 935 in
2837 862 3215 955 collegiata

540 974 964 1068 cryptarum
1031 972 1256 1049 Castri
1327 975 1830 1046 canonicatum
1895 973 2107 1052 titulo
2177 973 2436 1046 SStiiae
2502 972 3040 1066 conceptionis,
3098 976 3218 1047 cui

541 1105 724 1160 onus
765 1087 964 1159 *inest
1016 1085 1409 1177 parochum
1457 1104 1602 1157 una
1656 1102 1820 1156 cum
1871 1084 2032 1158 aliis
2074 1084 2355 1157 duobus
2393 1087 2752 1158 canonicis
2787 1086 3210 1177 adiuvandi,

540 1195 615 1270 S.
656 1197 868 1272 Conc.
926 1199 1000 1271 in
1055 1197 1277 1271 literis
1313 1197 1579 1269 mensis
1620 1191 1787 1267 Iulii
1829 1197 2045 1267 1863.
2087 1196 2180 1268 ad
2219 1215 2383 1270 eum
2418 1199 2806 1290 rescripsit,
2849 1199 3222 1290 quaestio-

539 1328 710 1382 nem
760 1310 958 1382 illam
1011 1308 1182 1382 lacti
1235 1308 1499 1399 potius,
1558 1324 1777 1396 quam
1828 1307 2003 1379 iuris
2056 1325 2236 1397 esse,
2294 1309 2621 1399 adeoque
2675 1311 2907 1384 eidem
2944 1328 3218 1401 expcn-

540 1421 863 1495 dendum
912 1419 1417 1511 relinquebat,
1491 1438 1583 1489 an
1637 1436 1821 1490 onus
1872 1427 2345 1493 memoratum
2397 1441 2437 1491 a
2490 1439 2619 1493 suo
2672 1441 2967 1495 munere
3038 1421 3221 1492 ada-

541 1534 837 1607 mussim
890 1531 1352 1622 exsequendo
1403 1529 1821 1620 theologum
1872 1529 2289 1604 abstrahere
2340 1534 2716 1623 potuisset,
2774 1552 3030 1607 necne.

689 1645 808 1718 74.
866 1639 1068 1716 Inter
1119 1642 1533 1734 collegiatas
1568 1640 1754 1714 aliae
1792 1648 1961 1713 sunt
1995 1643 2378 1734 simplices,
2419 1646 2603 1717 aliae
2640 1646 2984 1736 insigneS,
3024 1644 3221 1718 idest

539 1757 979 1850 insignitatis
1029 1753 1238 1826 titulo
1290 1753 1700 1842 decoratae,
1760 1771 1890 1826 ceu
1942 1761 2193 1826 notum
2229 1757 2489 1846 cuique
2527 1763 2681 1844 est3
2734 1763 2815 1828 ut
2865 1757 3082 1848 igitur
3132 1755 3215 1828 in

539 1868 932 1960 collegiatis
980 1866 1178 1938 iuxta
1232 1863 1442 1938 Conc.
1487 1860 1676 1936 Trid.
1735 1864 2228 1954 praebendam
2279 1866 2757 1958 theologalem
2793 1867 2966 1958 erigi
3003 1884 3218 1958 opor-

535 1985 713 2066 teat,
771 1995 1063 2051 necesse
1117 1993 1261 2047 non
1317 1982 1468 2062 est,
1526 1980 1607 2045 ut
1656 1975 1976 2068 insignes
2026 1978 2172 2049 sint
2223 1977 2640 2071 collegiatae
2696 1979 2939 2069 ipsae,
2995 1984 3217 2069 prout

538 2109 626 2163 ex
678 2107 915 2164 errore
969 2086 1300 2162 nonnulli
1353 2086 1744 2176 aliquando
1796 2090 2146 2178 sentiunt,
2190 2097 2260 2163 et
2291 2091 2571 2163 ,notavit
2609 2090 2826 2163 etiam
2861 2087 3068 2162 Petra
3114 2088 3220 2162 ad

542 2201 837 2275 Constit.
883 2201 978 2275 II.
1023 2203 1265 2275 Innoc.
1318 2203 1432 2278 VI.
1485 2225 1559 2277 n.
1604 2199 1722 2277 Η.
1782 2194 1991 2294 (tom.
2032 2196 2184 2296 4.),
2238 2219 2517 2275 necnon
2572 2200 2820 2274 folium
2873 2203 2946 2274 S.
2987 2199 3207 2273 Conc.

535 2312 612 2384 in
666 2312 1013 2384 Firmana
1073 2313 1327 2386 Unio-n.
1377 2314 1673 2408 paroch.
1732 2316 1806 2386 3.
1847 2309 2014 2387 Iun.
2060 2314 2273 2384 1784.
2329 2311 2404 2407 ἓ.
2452 2312 2821 2395 observat,
2869 2314 2997 2387 sed
3033 2312 3222 2387 satis

538 2431 672 2514 ost,
714 2432 795 2497 ut
830 2426 1198 2517 oppidum,
1241 2421 1366 2500 u'bi
1402 2429 1805 2522 collegiata,
1845 2428 2014 2500 licet
2047 2426 2375 2519 simplex,
2416 2430 2551 2500 sita
2589 2434 2724 2515 est,
2765 2428 2857 2500 sit
2897 2428 3216 2518 insigne,

535 2535 722 2610 idest
774 2537 1241 2630 conspicuum
1292 2546 1363 2612 et
1417 2541 1763 2635 amplum,
1821 2547 1892 2613 et
1945 2539 2133 2612 clero
2169 2558 2546 2611 numeroso
2582 2538 2964 2627 refertum3
3022 2556 3219 2630 quae

537 2655 781 2721 tamen
817 2649 1079 2741 oppida
1116 2649 1254 2725 dici
1294 2653 1568 2743 possint
1620 2653 1931 2745 insignia
1967 2659 2038 2725 et
2074 2651 2262 2726 clero
2296 2670 2678 2724 numerosa
2714 2652 2805 2723 ad
2844 2652 3213 2740 effectum,

537 2759 628 2834 de
681 2778 823 2850 quo
876 2763 1137 2853 agitur,
1179 2781 1324 2836 non
1359 2765 1868 2838 determinavit
1915 2761 2129 2835 Conc.
2183 2758 2407 2851 Trid.‚
2465 2781 2600 2835 nec
2650 2760 2724 2834 S.
2765 2759 2839 2837 C.
2879 2758 3210 2834 Concilii.

536 2871 820 2947 Consuli
871 2878 1104 2966 potest
1154 2873 1363 2949 Petra
1434 2877 1565 2949 loc.
1622 2878 1787 2958 cit„
1839 2877 1963 2966 qui
2016 2877 2201 2948 circa
2271 2875 2679 2947 huiusmodi
2732 2874 3223 2965 praescriptas

534 2983 981 3059 conditiones
1033 2986 1109 3058 in
1161 2988 1399 3078 specie
1451 2988 1790 3062 lectorem
1839 2987 2139 3069 remittit
2200 2986 2292 3061 ad
2348 2987 2569 3061 Gloss.
2626 3006 2785 3078 cap.
2844 2983 3217 3059 Statutum

534 3094 619 3168 de
657 3097 892 3170 Rescr.
936 3099 1015 3170 in
1053 3098 1124 3172 6.
1185 3108 1255 3173 et
1309 3097 1702 3173 Barbosam
1753 3101 1843 3173 de
1884 3100 2060 3173 Can.
2103 3117 2260 3191 cap.
2300 3099 2376 3172 2.
2419 3119 2490 3173 α.
2535 3119 2609 3170 η.
2654 3097 2774 3171 18.
2816 3095 3080 3172 Lotter.
3124 3099 3221 3175 de

533 3224 611 3278 re
643 3206 870 3298 benef.
930 3208 980 3279 l.
1026 3207 1095 3282 1.
1137 3230 1255 3302 qu.
1301 3209 1419 3283 15.
1478 3212 1555 3284 in
1601 3213 1842 3303 princ.
1901 3218 1974 3284 et
2025 3210 2227 3283 alios.

680 3315 982 3399 Quando
1019 3321 1093 3393 in
1130 3322 1524 3396 cathedrali
1561 3323 1675 3396 vel
1712 3323 2090 3415 collegiata
2128 3324 2460 3410 civitatis,
2491 3322 2604 3395 vel
2634 3322 2877 3412 oppidi
2906 3321 3223 3394 alicuius

530 3430 957 3522 theologalis
1007 3431 1422 3523 praebenda
1476 3441 1712 3509 crecta
1750 3436 1893 3506 iam
1929 3438 2187 3520 exstet,
2244 3435 2729 3507 necessarium
2773 3452 2916 3505 non
2955 3438 3088 3522 est,
3130 3439 3222 3506 ut

533 3545 849 3636 erigatur
902 3545 1121 3617 etiam
1172 3545 1248 3617 in
1301 3545 1470 3633 alia,
1530 3552 1655 3618 aut
1706 3546 1868 3618 aliis
1921 3544 2338 3638 collegiatiS‚
2397 3563 2583 3635 quae
2635 3546 2708 3617 in
2762 3563 2846 3617 ea
2882 3544 3207 3633 civitate,

534 3662 660 3728 aut
711 3654 972 3746 oppido
1025 3658 1502 3749 reperiantur.
1545 3655 1618 3728 S.
1653 3653 1727 3729 C.
1762 3655 1836 3728 C.
1877 3657 2070 3728 enim
2120 3656 2237 3729 die
2289 3657 2411 3728 24.
2453 3651 2613 3727 Ian.
2652 3657 2868 3728 1589.
2925 3650 3088 3750 (lib.
3127 3653 3209 3726 7.

534 3768 646 3841 lit.
669 3787 748 3859 p.
772 3765 893 3842 34.
929 3788 974 3839 a
1000 3763 1228 3863 terqo)
1272 3768 1813 3862 Archiepiscopo
1848 3763 2329 3841 Mediolanen.
2362 3767 2880 3859 perscribebat:
2927 3788 2964 3832 ‹
2989 3764 3095 3838 Ad
3125 3766 3205 3837 6.

532 3904 571 3947 >
611 3880 788 3952 satis
839 3886 975 3969 est,
1031 3881 1090 3951 si
1147 3879 1558 3972 Amplitudo
1609 3887 1734 3953 tua
1791 3880 2231 3955 exsecutioni
2284 3879 2579 3952 mandet
2615 3879 2983 3959 decretum
3023 3876 3216 3950 Con-

515 4016 574 4061 -›
614 3992 783 4079 cilii,
840 4010 1004 4066 cum
1051 3991 1458 4066 huiusmodi
1512 3994 1858 4067 lectiones
1906 3962 2347 4083 tffeologicae
2395 4012 2540 4067 non
2577 3994 2722 4067 sint
2758 3992 3210 4065 necessariae

534 4127 573 4172 ›
612 4102 687 4175 in
740 4103 1074 4176 omnibus
1127 4104 1440 4178 ecclesiis
1493 4104 1912 4196 collegiatis,
1948 4130 1985 4174 ι
2041 4102 2554 4196 comprobatur
2606 4106 2933 4196 exemplo
2970 4103 3210 4175 almae

529 4210 770 4302 Urbis,
827 4214 952 4287 ubi
1005 4215 1422 4309 collegiatae
1487 4216 1900 4307 praebenda
1969 4216 2350 4309 theologali
2423 4218 2805 4291 destitutae
2873 4221 3066 4289 sunt.
3130 4211 3213 4288 Si

529 4331 772 4398 tamen
826 4328 1154 4401 canonici
1206 4328 1401 4401 illius
1454 4328 1902 4421 collegiatae,
1960 4347 2145 4420 quae
2196 4329 2583 4421 theologali
2635 4327 3047 4420 praebenda
3084 4346 3215 4399 ca-

528 4434 710 4526 reat,
770 4457 930 4511 eam
983 4438 1288 4512 fundare
1342 4441 1593 4530 velint,
1655 4442 1867 4514 Sacra
1921 4438 2175 4533 Congr.
2234 4438 2522 4514 Concilii
2575 4459 2815 4513 eorum
2872 4440 3211 4532 petitioni

532 4549 835 4639 annuit,
893 4552 1170 4624 etiamsi
1224 4555 1549 4627 canonici
1604 4553 2036 4628 cathedralis
2088 4553 2199 4625 vel
2253 4553 2694 4667 collegiatae,
2754 4572 2940 4643 quae
3002 4554 3213 4627 theo·
