3497 5235
607 283 728 348 260
1370 282 1721 357 Expositionin
1764 283 1817 342 Β.
1847 280 2031 355 Oongr.
2059 281 2207 341 Ocno.
2248 283 2521 358 monitio.

601 420 739 492 loci
772 420 873 511 pii
905 419 1143 507 bonis,
1180 415 1577 512 Episcopus
1616 417 2087 491 dioecesanus
2121 405 2211 491 de
2249 437 2442 492 more
2478 418 2571 491 ab
2609 421 2858 493 eadem
2910 419 3104 503 S.‚C.
3136 424 3249 498 hac

603 531 693 604 de
745 549 821 604 re
871 531 1301 604 sententiam
1353 534 1640 620 rogatus
1671 581 1691 618 ‚
1770 528 1991 601 dubia
2045 530 2401 620 quaedam
2452 534 2801 622 promovit
2860 552 3081 625 super
3124 537 3246 609 iure

604 644 1028 717 conficiendi
1079 650 1239 714 acta
1291 642 1382 712 ad
1420 641 1770 713 eiusmodi
1824 647 2264 714 contractum
2302 644 2764 733 pertinentia.
2821 641 3112 736 Itaque,
3145 666 3252 718 au-

605 756 775 829 ditis
812 757 1148 844 utrinque
1201 753 1554 845 partibus,
1595 753 1669 824 in
1708 755 2013 826 comitiis
2066 754 2183 827 die
2237 755 2308 825 3.
2352 752 2556 827 Mart.
2604 756 2818 827 1837.
2861 775 3081 829 causa
3115 776 3248 849 pro-

603 868 835 959 posita
896 873 1004 939 est
1062 885 1223 938 cum
1282 865 1490 937 titulo
1541 866 1909 938 Arminen.
1947 867 2245 939 larium
2303 867 2788 941 Cancellarz‘ae
2840 870 3250 960 Episcopalis

606 985 680 1052 et
728 997 888 1052 cum
942 977 1207 1066 dubiiS,
1267 995 1452 1067 quae
1507 977 1714 1048 modo
1776 978 1952 1068 ipsis
2003 977 2240 1050 verbis
2292 977 2877 1068 subsequuntur:
3118 1061 3123 1066 ,

557 1081 566 1091 ’
757 1090 823 1160 1.
886 1113 924 1155 ‹
956 1090 1064 1163 An
1116 1094 1276 1162 acta
1330 1090 1767 1180 pertinentia
1820 1091 1912 1162 ad
1967 1089 2374 1162 affixionem
2428 1092 2820 1163 edictorum
2871 1098 2943 1165 et
2992 1092 3250 1166 hastam

608 1226 648 1269 ι»
687 1201 1120 1292 perficienda
1157 1202 1303 1274 sint
1341 1201 1434 1273 ab
1473 1197 1852 1273 Ordinario
1888 1203 2036 1275 sive
2074 1219 2199 1293 per
2235 1222 2339 1292 se,
2390 1204 2538 1275 sive
2574 1221 2702 1293 per
2737 1202 3253 1295 deputationem

607 1338 647 1381 ι»
686 1332 1032 1405 personae
1087 1314 1637 1401 ecclesiasticae,
1680 1323 1751 1386 et
1787 1332 1921 1405 ope
1968 1332 2256 1387 suorum
2311 1314 2821 1404 ministrorum,
2880 1323 3005 1388 aut
3041 1320 3256 1407 potius

603 1450 645 1494 ν
684 1431 1010 1516 spectent
1047 1426 1138 1497 ad
1175 1425 1789 1497 administratores
1839 1424 2132 1516 hospitii
2185 1426 2553 1499 charitatis
2587 1434 2657 1499 et
2695 1429 3058 1501 ministros
3097 1430 3257 1502 eius-

605 1561 645 1606 »
684 1534 875 1626 dem,
930 1537 1128 1609 salvo
1179 1537 1419 1609 favore
1472 1535 1833 1609 Ordinarii
1886 1538 2038 1610 iure
2092 1537 2341 1611 eadem
2397 1538 2847 1629 approbandi
2916 1559 3001 1612 ac
3054 1541 3257 1632 depu-

608 1649 890 1721 »tandi
942 1667 1319 1741 personam
1372 1650 1956 1739 ecclesiasticam,
2016 1668 2201 1739 quae
2252 1643 2503 1721 iis'dem
2556 1645 2892 1724 assistat?
2924 1677 2962 1719 »

749 1762 821 1832 2.
883 1784 921 1826 «ι
952 1761 1057 1832 An
1112 1758 1530 1832 Ordinarius
1582 1760 1930 1851 impedire
1965 1762 2188 1851 possit
2238 1762 2335 1850 pii
2373 1761 2504 1832 loci
2552 1763 2852 1854 notario,
2894 1764 3260 1852 quominus

606 1896 646 1940 »
684 1879 884 1965 roget
933 1875 1408 1946 instrumenta
1464 1874 1881 1960 locationis,
1939 1875 2251 1961 itemque
2308 1874 2817 1964 praetendere,
2882 1876 3260 1966 ut,=lnstru·

607 2008 647 2053 ›
686 1991 1007 2058 mentum
1060 2005 1099 2056 a
1152 1987 1393 2058 curiae
1447 1986 1793 2058 ministris
1848 1979 2181 2077 rogetur?
2214 2011 2252 2051 »

750 2094 841 2167 Et
893 2103 1253 2185 quatenus
1305 2093 1677 2188 Negative,

751 2211 823 2278 3.
885 2231 923 2273 (ι
961 2209 1063 2279 An
1115 2210 1436 2281 notarius
1473 2210 1843 2281 memorati
1883 2209 1980 2300 pii
2019 2210 2151 2280 loci
2188 2211 2415 2300 possit
2447 2208 2743 2301 obligari
2783 2210 2874 2282 ad
2913 2210 3260 2304 deponen-

607 2342 647 2387 ›
686 2318 856 2391 dum
893 2320 967 2391 in
1004 2320 1426 2392 cancellaria
1466 2320 1854 2413 episcopali
1894 2320 2300 2411 exemplum
2334 2322 2562 2412 rogati
2597 2317 3104 2395 instrumenti?
3134 2347 3171 2388 ›

749 2428 907 2502 Emi
959 2429 1205 2505 Patres
1253 2434 1819 2523 rescripserunt:

753 2565 791 2607 (ι
835 2541 936 2613 Ad
978 2545 1045 2613 1.
1090 2541 1525 2615 Affirmative
1554 2543 1646 2614 ad
1678 2544 1985 2634 primam
2020 2551 2324 2635 partem,
2365 2541 2703 2637 Negative
2733 2543 2823 2616 ad
2853 2544 3254 2616 secundam.

752 2681 791 2724 »
837 2655 937 2728 Ad
972 2659 1042 2728 2.
1084 2652 1453 2748 Negative.

752 2791 792 2835 »
832 2768 938 2839 Ad
975 2771 1044 2839 3.
1090 2767 1551 2841 Affirmative.
1590 2793 1628 2835 »

748 2882 918 2952 241.
975 2876 1382 2953 Notandum
1438 2897 1629 2967 ver0,
1690 2880 1884 2969 quod
1937 2881 1999 2951 si
2036 2886 2366 2972 ageretur
2416 2881 2506 2953 de
2559 2879 2880 2952 locandis
2922 2880 3125 2953 bonis
3172 2879 3254 2951 ad

601 2993 1072 3083 capellaniam
1127 3010 1313 3064 mere
1362 2990 1685 3061 laicalem
1724 2991 2278 3082 pertinentibus,
2320 2995 2430 3064 ius
2467 2987 2891 3065 conficiendi
2930 2998 3082 3063 acta
3117 2991 3257 3062 lici-

600 3106 896 3178 tationis
950 3105 1236 3175 minime
1273 3103 1365 3174 ad
1401 3103 1881 3192 episcopalem
1919 3106 2215 3193 curiam,
2271 3105 2397 3176 sed
2434 3104 2526 3175 ad
2562 3123 2708 3191 eos,
2751 3104 3015 3193 quibus
3050 3104 3257 3175 hono-

601 3236 757 3289 rum
794 3216 1238 3307 capellaniae
1274 3215 1801 3287 administratio
1837 3214 2216 3303 incumbit,
2247 3216 2603 3306 pertinere
2639 3216 3026 3288 dicendum
3053 3220 3251 3288 esset.

601 3326 770 3399 Cum
809 3329 997 3400 enim
1051 3327 1516 3416 municipium
1573 3327 2035 3417 Spoletanum
2073 3326 2444 3399 ecclesiam
2492 3328 2880 3415 quamdam
2919 3347 3046 3400 suo
3080 3343 3260 3398 sum·

598 3445 733 3531 ptu
783 3439 1256 3527 aedificasset,
1314 3445 1383 3511 et
1437 3439 1910 3529 capellaniam
1966 3438 2145 3508 inibi
2197 3440 2562 3527 erexisset,
2639 3456 2826 3527 quae
2882 3456 3255 3529 numquam

598 3555 676 3625 in
724 3552 1055 3624 beneficii
1108 3552 1572 3624 ecclesiastici
1627 3552 1913 3623 titulum
1954 3551 2124 3642 erigi
2163 3551 2609 3641 conferrique
2648 3559 2916 3642 posset,
2956 3558 3258 3644 praeter-

601 3682 830 3754 eaque
883 3663 973 3736 ad
1027 3664 1493 3753 municipium
1565 3663 1916 3734 bonorum
1978 3662 2420 3753 capellaniae
2474 3664 3000 3736 administratio
3054 3662 3254 3735 libere

598 3776 1013 3869 pertineret,
1072 3774 1143 3847 S.
1186 3773 1260 3846 C.
1304 3773 1542 3867 Episc.
1602 3782 1674 3846 et
1727 3772 1986 3864 Regul.
2045 3774 2120 3844 in
2175 3767 2476 3846 comitiis
2528 3775 2645 3847 die
2700 3776 2770 3845 5.
2814 3776 3012 3867 Sept.
3051 3770 3247 3844 1834.

600 3888 1013 3977 declaravit,
1055 3888 1282 3959 eidem
1325 3887 1715 3975 municipio
1755 3894 2155 3974 competere
2191 3886 2605 3959 facultatem
2654 3888 3075 3961 conficiendi
3107 3891 3251 3973 acta

598 4000 1011 4073 licitationis
1047 4001 1230 4073 circa
1267 4000 1748 4071 venditionem
1786 3999 2160 4070 cuiusdam
2196 3999 2639 4089 capellaniae
2676 3999 2958 4088 domus,
2996 3992 3250 4070 etiamsi

598 4109 994 4205 Episcopus
1031 4113 1445 4185 facultatem
1500 4112 1728 4201 ipsam
1768 4111 1931 4199 sibi,
1990 4130 2307 4200 suaeque
2362 4110 2828 4183 cancellariae
2874 4115 3251 4200 competere

600 4228 856 4298 acriter
906 4225 1393 4300 contenderet.
1450 4221 1537 4296 Id
1575 4226 1932 4296 enimvero
1987 4223 2259 4295 eruitur
2306 4244 2393 4296 ex
2431 4224 2653 4296 literis
2704 4222 3023 4294 eiusdem
3075 4217 3139 4290 S.
3173 4212 3245 4285 C.

600 4337 692 4409 ad
727 4335 1339 4429 Archiepiscopum
1371 4334 1839 4428 Spoletanum
1878 4336 2298 4426 conscriptis
2333 4336 2447 4407 die
2489 4335 2603 4405 10.
2652 4334 2972 4405 eiusdem
3008 4325 3253 4401 mensis

598 4453 673 4519 et
723 4449 924 4537 anni,
982 4467 1169 4539 quae
1221 4448 1557 4539 leguntur
1608 4449 1684 4519 in
1727 4454 2007 4540 regesto
2059 4446 2471 4519 authentico
2523 4446 2597 4517 S.
2637 4443 2715 4516 C.
2756 4443 3247 4535 Episcoporum

598 4557 693 4629 ad
743 4558 1007 4632 dictam
1058 4560 1274 4632 diem.
1331 4558 1548 4631 Porro
1601 4579 1747 4632 non
1803 4568 1910 4633 est
1961 4558 2606 4653 praetereundum,
2664 4555 2860 4646 quod
2910 4556 3094 4628 bona
3143 4567 3254 4621 ca-

591 4671 1067 4764 pellaniarum
1121 4690 1311 4745 mere
1364 4672 1736 4745 laicalium
1790 4691 1934 4744 non
1987 4675 2366 4773 censentur
2434 4669 2540 4742 uti
2608 4667 3122 4751 ecclesiastica3
3182 4661 3250 4729 et
