3497 5235
905 171 1043 266 ⁸0⁸1».
1072 193 1116 249 1.
1155 191 1228 249 Do
1269 189 1421 250 statu
1457 169 1718 248 loduico
1756 185 2033 247 mutarint
2074 187 2129 263 §-
2156 185 2279 243 4-7.
2859 176 2942 241 85

117 361 122 380 ι
257 325 574 398 locorum
624 325 1244 415 circumstantiae,
1302 326 1591 415 aliaque
1645 342 1880 397 rerum
1926 323 2295 397 adiuncta.
2335 319 2510 393 Cum
2546 317 2740 391 enim
2772 314 2944 409 Epi-

259 455 513 528 scopus
567 434 974 511 Asculanus
1025 439 1100 510 in
1151 438 1524 528 collegiata
1577 433 1903 528 Ophidae
1959 432 2586 527 poenitentiariam
2637 428 2940 502 fundare

253 549 654 637 statuisset,
714 556 787 621 et
840 549 914 620 S.
955 545 1450 642 congregatio,
1508 567 1593 622 eo
1644 548 2047 634 demortuo,
2101 545 2387 618 hortata
2422 548 2611 615 esset
2660 557 2942 613 succes·

255 677 529 747 sorem,
589 666 675 731 ut
723 658 1116 734 decessoris
1184 661 1294 732 sui
1366 659 1739 732 consilium
1809 657 2223 749 perficeret,
2296 654 2557 726 acriter
2615 653 2938 724 restitere

257 771 583 843 canonici
647 772 977 862 pluribus
1027 771 1117 844 de
1171 772 1450 860 causis,
1523 788 1705 861 quas
1771 788 1937 843 cum
2005 767 2098 840 ad
2166 783 2468 839 examen
2536 768 2938 837 revocasset

255 900 455 954 sacer
489 879 714 971 Ordo,
755 884 1116 975 proposito
1153 883 1418 956 dubio:
1481 903 1521 949 ι
1554 881 1662 955 An
1699 888 1774 954 et
1808 879 2163 971 quomodo
2216 894 2481 950 vacans
2515 875 2936 968 praebenda

255 993 600 1085 erigenda
654 995 748 1067 sit
797 996 875 1066 in
925 994 1557 1086 poenitentiariam
1609 995 1683 1065 in
1736 988 1959 1066 casu?
2001 1017 2039 1063 »
2112 992 2190 1064 in
2241 990 2605 1065 Asculano
2651 988 2932 1062 Poenit.

259 1105 369 1177 die
401 1108 533 1178 25.
561 1103 726 1177 lan.
758 1107 973 1178 1845.
1007 1108 1406 1200 rescripsit:
1460 1129 1500 1173 ι
1520 1103 1626 1178 Ex
1662 1106 1943 1179 noviter
1971 1101 2299 1177 deductis
2335 1120 2477 1174 non
2514 1100 2930 1191 expedire.»

402 1221 526 1289 71.
586 1216 662 1291 Si
713 1226 954 1294 tamen
990 1223 1151 1311 pius
1185 1220 1449 1310 aliquis
1482 1220 1693 1293 homo
1737 1219 2211 1304 inveniretur,
2264 1215 2391 1304 qui
2442 1211 2934 1305 praebendam

257 1330 850 1424 poenitentialem
916 1349 1045 1403 suo
1112 1338 1405 1423 sumptu
1455 1332 1631 1422 erigi
1681 1334 2009 1417 curaret,
2075 1344 2391 1418 congrua
2441 1324 2516 1395 in
2569 1341 2729 1395 eam
2780 1340 2934 1395 rem

257 1441 415 1513 dote
469 1448 824 1533 perpetuo
875 1441 1279 1535 adsignata,
1337 1451 1490 1515 tum
1540 1441 1874 1515 inefficax
1925 1446 1997 1514 et
2047 1458 2235 1511 vana
2288 1441 2477 1510 esset
2526 1433 2928 1525 oppositio;
2972 1475 2975 1478 Δ

256 1571 568 1643 namque
640 1555 1072 1627 erectionem
1139 1555 1675 1646 poenitentialis
1739 1554 1877 1627 hoc
1943 1553 2020 1624 in
2071 1570 2244 1625 casu
2304 1547 2639 1623 sustineri
2708 1543 2931 1619 edixit

255 1663 326 1738 S.
358 1663 432 1735 C.
477 1666 554 1736 in
592 1666 1017 1739 Milevitana
1050 1670 1172 1741 20.
1205 1665 1544 1740 Decemh.
1592 1668 1841 1755 1749„
1874 1666 2152 1740 etiamsi
2189 1659 2781 1757 poenitentiarius
2816 1675 2933 1729 ca-

249 1776 603 1849 thedralis
658 1778 978 1851 eiusdem
1046 1779 1581 1871 poenitentialis
1649 1766 2110 1869 praebendae
2160 1774 2236 1846 in
2290 1771 2665 1863 collegiata
2717 1768 2928 1841 insti-

251 1887 606 1959 tutionem
657 1897 1132 1982 oppugnaret.
1189 1886 1628 1962 Monendum
1680 1893 1814 1978 est,
1872 1887 2066 1978 quod
2118 1905 2282 1959 cum
2330 1879 2930 1978 poenitentiarius

253 2014 334 2069 ex
383 1999 454 2069 vi
507 2000 621 2070 sui
676 2003 992 2073 muneris
1045 2000 1528 2074 confessiones
1579 2001 1905 2092 excipere
1958 1999 2280 2088 aliasque
2349 1994 2729 2068 facultates
2795 1990 2927 2061 ha-

253 2107 461 2198 heat,
531 2130 679 2184 non
732 2120 972 2203 posset
1022 2110 1419 2205 Episcopus
1469 2114 1624 2186 sine
1675 2111 2133 2202 beneplacito
2185 2107 2612 2199 Apostolico,
2669 2105 2927 2177 saltem

254 2219 640 2295 facultates
691 2225 1225 2315 poenitentiarii
1280 2225 1508 2297 officio
1554 2224 2042 2312 inhaerenteS,
2085 2218 2635 2312 poenitentiario
2672 2219 2745 2289 in
2783 2218 2928 2290 col-

256 2332 518 2425 legiata
570 2336 960 2408 statuendo
1010 2336 1356 2409 tribuere.

392 2447 517 2518 72.
579 2443 651 2518 Si
706 2466 841 2520 nec
890 2447 1334 2540 theologam,
1375 2468 1512 2521 nec
1547 2443 2089 2541 poenitentialis
2141 2442 2556 2536 praebenda
2595 2440 2809 2529 adsit,
2852 2446 2924 2513 et

256 2565 558 2649 utraque
611 2559 689 2631 in
740 2559 1135 2633 cathedrali
1190 2560 1529 2653 erigenda
1584 2561 1677 2632 sit
1727 2576 1858 2651 per
1909 2556 2403 2649 praebendam
2438 2555 2666 2646 primo
2713 2570 2926 2626 vaca-

257 2673 509 2757 turam,
569 2677 695 2742 aut
748 2688 877 2761 per
929 2674 1269 2745 unionem
1319 2672 1653 2745 beneficii
1706 2671 2075 2762 simpliciS,
2134 2688 2279 2741 non
2332 2675 2440 2741 est
2500 2669 2573 2739 in
2626 2666 2920 2740 arbitrio

256 2776 582 2872 Episcopi
654 2783 1248 2872 poenitentiariae
1318 2784 1515 2873 prius
1584 2783 1983 2874 providere,
2058 2780 2450 2873 postposita
2504 2777 2914 2869 theologali‚

258 2891 468 2964 veluti
505 2892 772 2979 diserte
809 2895 1030 2967 semel
1066 2896 1471 2984 iterumque
1508 2893 1836 2967 definivit
1887 2891 1959 2965 S.
1993 2892 2104 2982 C.,
2135 2892 2562 2965 nominatim
2596 2890 2672 2961 in
2704 2889 2913 2962 Civit.

263 3001 534 3076 Castell.
601 3005 719 3076 17.
759 3000 940 3077 Nov.
988 3007 1200 3079 1629.
1261 3002 1454 3100 (Lib.
1501 3003 1618 3078 14.
1661 3005 1810 3079 dec.
1842 3025 1923 3097 p.
1961 3003 2128 3079 183.
2172 3024 2218 3076 a
2254 2997 2507 3098 tergo).
2567 2998 2772 3073 Petra
2825 2998 2924 3072 ad

265 3114 547 3189 Constit.
584 3117 678 3187 ΙΙ.
725 3119 966 3189 Innoc.
1012 3118 1126 3190 VI.
1170 3137 1244 3190 η.
1275 3116 1435 3204 17.,·
1471 3125 1543 3191 et
1577 3123 1974 3193 consonant
2011 3114 2326 3204 Garzias‚
2367 3112 2712 3201 Barbosa,
2756 3108 2922 3182 Gal-

262 3224 531 3315 lemart,
571 3223 1060 3301 Pax-Iordan.
1105 3230 1302 3302 citati
1338 3232 1411 3302 in
1451 3230 1615 3303 folio
1643 3230 2043 3304 Nucerinae
2076 3228 2328 3301 Praeb.
2363 3224 2564 3298 theol.
2595 3221 2669 3319 ἓ.
2700 3224 2920 3294 Prae-

260 3339 355 3407 ter
407 3338 472 3408 1.
514 3334 726 3411 Mart.
772 3340 990 3412 1738.
1047 3339 1187 3413 Sed
1240 3343 1303 3413 si
1355 3344 1576 3415 maior
1627 3343 1903 3416 utilitas
1965 3347 2091 3413 aut
2142 3337 2644 3430 opportunitas
2707 3333 2917 3406 aliter
2964 3374 2969 3385 ·

262 3448 546 3522 suadere
597 3450 955 3540 videatur,
1011 3452 1344 3525 adeunda
1397 3461 1506 3526 est
1560 3452 1632 3527 S.
1681 3453 1756 3533 C.
1797 3452 1873 3526 C.
1931 3459 2011 3525 ut
2064 3450 2692 3543 poenitentiariam
2743 3451 2913 3519 ante

265 3556 721 3653 theologalem
771 3562 946 3656 erigi
998 3582 1205 3655 posse
1259 3566 1631 3639 concedat.
1693 3567 1764 3638 Si
1817 3584 1984 3639 vero
2052 3565 2208 3637 sine
2280 3564 2490 3635 venia
2561 3560 2634 3633 S.
2695 3558 2768 3632 C.
2836 3557 2910 3630 id

267 3665 511 3743 iactum
562 3672 866 3747 fortasse
917 3674 1155 3765 fuerit,
1196 3677 1430 3750 eidem
1483 3677 1555 3750 S.
1596 3676 2142 3771 congregationi
2178 3673 2733 3766 supplicandum
2772 3676 2907 3759 est,

264 3787 342 3851 ut
384 3786 809 3857 erectionem
859 3786 1067 3859 istam
1122 3795 1353 3861 ratam
1403 3789 1701 3879 habeat,
1760 3788 2368 3880 quemadmodum
2413 3786 2557 3878 egit
2591 3787 2666 3856 in
2705 3799 2913 3873 prae-

263 3887 436 3964 dicta
489 3895 640 3970 Civ.
690 3897 1073 3970 castellan.
1134 3905 1205 3971 et
1255 3902 1330 3971 in
1385 3900 1751 4013 Nuperina
1796 3902 2078 3994 Paqan.
2126 3901 2191 3971 1.
2235 3896 2445 3971 Mart.
2492 3898 2704 3969 1738.

393 4001 684 4086 Quando
738 4015 980 4082 tamen
1029 4009 1381 4084 beneficia
1436 4013 1831 4104 simplicia,
1904 4030 2092 4103 quae
2163 4010 2255 4083 ad
2321 4008 2908 4100 supplementum

267 4116 697 4203 praebendae
766 4127 1046 4195 erectae
1116 4123 1222 4194 vel
1280 4124 1663 4215 erigendae
1732 4124 1922 4196 uniri
1974 4122 2336 4209 debeant,
2412 4117 2591 4191 adeo
2657 4118 2907 4209 pingui

267 4240 459 4299 censu
506 4231 675 4321 sint,
735 4237 814 4304 ut
865 4250 1220 4325 congruae
1274 4235 1646 4325 utriusque
1701 4234 1852 4307 doti
1902 4232 2289 4321 sufficiant,
2342 4229 2600 4302 ambae
2636 4229 2906 4301 debent

269 4333 539 4430 institui,
599 4341 983 4416 medietate
1035 4343 1397 4417 redituum
1451 4346 1709 4436 cuique
1764 4346 2155 4437 assignata,
2212 4342 2430 4415 veluti
2468 4341 2906 4413 adamussim

272 4440 814 4636 ‹Slegngirue’gatio
849 4449 1137 4527 Concilii
1191 4456 1478 4528 resolvit
1529 4458 1605 4529 in
1647 4457 2091 4531 camerinen.
2151 4458 2220 4527 3.
2263 4451 2641 4528 Decembis
2682 4453 2903 4524 1735.
