3497 5235
627 232 746 307 (hp.
771 233 842 291 11.
880 235 953 291 Do
990 232 1255 308 Epinoopo,
1292 233 1698 307 Arnhiopinoopo,
1737 232 1966 291 Prinne
2007 232 2064 291 ot
2100 232 2427 292 Putria-obn..
2469 233 2523 306 ἓ.
2551 235 2601 291 3.
2820 231 2933 296 201

415 368 577 439 105.
639 364 1000 456 MorenuS,
1056 368 1374 457 itemque
1428 365 1817 458 Lamperez
1883 366 2403 441 commentaria
2456 371 2529 440 in
2582 368 2944 443 Constitu-

298 477 530 550 tionem
568 473 823 550 Innoc.
865 474 1030 550 XII.
1075 480 1413 571 incipien.
1462 480 1938 571 Speculatores
1994 483 2599 573 conscripserunt,
2640 500 2942 573 quorum

299 607 508 680 opera,
565 591 738 663 data
790 592 1355 684 opportunitate,
1414 591 1785 670 consulere
1841 592 2113 665 licebit.

939 885 1076 938 Art.
1114 884 1226 937 111.
1266 884 1358 938 De
1398 885 1799 940 ordinatione
1836 886 2261 953 Regularium.

395 1126 822 1191 Snunmuu.
865 1123 1015 1187 106.
1054 1122 1177 1185 Hac
1229 1119 1310 1186 de
1358 1140 1428 1186 re
1478 1120 1931 1207 magistraliter
1977 1123 2105 1210 agit
2154 1124 2602 1190 Bened.X1V.
2659 1124 2725 1190 in
2775 1128 2941 1191 Con-

288 1226 593 1291 stitutione
649 1227 931 1309 Impositi
978 1224 1175 1289 nobis.
1205 1260 1247 1271 -
1285 1227 1431 1289 107.
1473 1223 1825 1289 Arbitrium
1876 1225 2329 1310 Superioribus
2363 1226 2758 1311 regularibus
2793 1227 2941 1292 reli-

291 1341 433 1395 ctum
496 1328 577 1395 ad
637 1347 1111 1414 quemcumque
1161 1327 1538 1392 catholicum
1587 1328 1956 1394 Antistitem
2014 1328 2380 1395 dimittendi
2445 1350 2591 1395 suos
2652 1329 2942 1397 subditos

290 1430 676 1506 ordinandOS‚
729 1431 1047 1516 Episcopo
1098 1429 1218 1495 loci
1270 1430 1702 1497 ordinationes
1752 1449 1881 1496 non
1930 1430 2226 1505 habente,
2269 1433 2367 1497 vel
2404 1434 2691 1509 absente,
2730 1433 2943 1499 locum

290 1534 452 1599 etiam
499 1534 719 1609 babet,
758 1532 924 1598 Sede
960 1532 1304 1617 episcopali
1354 1544 1638 1598 vacante.
1694 1538 1887 1601 Secus
1925 1546 2042 1611 est,
2078 1538 2127 1601 si
2165 1535 2476 1602 dioecesis
2510 1537 2773 1601 Nullius
2819 1537 2938 1616 sit3

289 1637 610 1723 Regulares
636 1634 809 1700 enim
837 1633 1172 1701 ordinandi
1201 1633 1438 1699 dimitti
1465 1634 1705 1700 debent
1730 1636 1806 1701 ad
1837 1636 2225 1724 Episcopum
2252 1638 2942 1707 viciniorem.—108.Si
2980 1692 2983 1695 .

291 1739 617 1825 Episcopus
668 1737 880 1803 localis
926 1737 1066 1801 sine
1117 1736 1273 1802 iusta
1321 1755 1499 1801 causa
1550 1738 1894 1821 Regulares
1929 1738 2003 1804 ad
2037 1738 2305 1806 Ordines
2346 1740 2684 1806 admittere
2731 1722 2949 1806 deu-03

287 1852 409 1920 ctat,
445 1851 626 1928 patet
661 1860 954 1906 recursus
987 1839 1065 1906 ad
1100 1839 1523 1925 Apostolicam
1558 1839 1818 1906 Sedem.
1846 1877 1890 1888 -
1926 1844 2075 1907 109.
2117 1844 2253 1908 Non
2290 1842 2521 1908 desunt
2569 1844 2940 1928 Regulares,

289 1946 377 2029 qui
435 1944 785 2032 privilegio
833 1944 1174 2028 potiuntur
1218 1962 1364 2007 suos
1407 1941 1730 2020 subditos,
1783 1942 2147 2028 posthabito
2208 1946 2524 2031 Episcopo
2586 1945 2803 2022 locali,
2868 1944 2947 2011 ad

288 2066 748 2132 quemcumque
781 2045 1158 2111 catholicum
1188 2046 1550 2111 Antistitem
1588 2043 1977 2111 ordinandos
2010 2044 2359 2113 dimittere.
2391 2050 2785 2113 Honorantes
2816 2066 2945 2113 am·

287 2150 548 2236 piissime
597 2149 1098 2234 doctissimeque
1144 2148 1258 2214 hac
1308 2146 1388 2214 de
1436 2148 1699 2214 materia
1748 2145 2028 2214 disserit.

417 2369 585 2441 106.
628 2362 973 2454 Huiusce,
1018 2366 1209 2456 quod
1249 2364 1456 2437 modo
1492 2382 1887 2453 versamus,
1929 2367 2331 2457 argumenti
2367 2366 2547 2439 ratio
2582 2366 2948 2459 postulare

287 2478 581 2566 videtur,
639 2484 722 2549 ut
776 2478 1050 2566 aliquid
1101 2478 1191 2549 de
1242 2475 1708 2569 Regularium
1761 2478 2211 2552 ordinatione
2273 2480 2688 2553 innuamuS.
2755 2477 2949 2551 Iam-

285 2607 434 2685 rero
482 2588 932 2681 singularum
985 2591 1625 2662 controversiarum
1679 2590 1944 2678 capita,
1986 2599 2055 2664 et
2092 2593 2687 2683 praescriptiones
2724 2612 2765 2663 a
2801 2589 2952 2664 Ro-

288 2704 502 2774 manis
552 2700 1021 2775 Pontificibus
1073 2710 1144 2774 et
1196 2698 1320 2774 SS.
1362 2699 2044 2794 congregationibus
2097 2703 2232 2774 hac
2285 2706 2357 2774 in
2412 2722 2489 2774 re
2543 2705 2952 2795 promulga-

290 2820 418 2902 tae,
471 2815 680 2888 docte
732 2815 1157 2906 copioseque
1196 2815 1621 2903 recensitae,
1663 2815 2151 2904 confirmatae,
2194 2816 2743 2905 declarataeqne
2778 2820 2949 2887 sunt

292 2943 328 2996 a
372 2945 427 2998 s.
467 2945 566 2997 m.
607 2924 880 2997 Bened.
912 2922 1106 2996 XIV.
1151 2926 1223 2996 in
1259 2924 1558 2998 Constit.
1594 2928 1911 3018 Impositi
1944 2928 2137 3000 nobis
2175 2929 2290 2999 die
2325 2928 2446 2998 27.
2481 2925 2689 2999 Febr.
2728 2927 2945 2998 1747.

290 3033 529 3129 Itaque
567 3038 893 3110 eamdem
933 3040 1288 3129 integram
1324 3038 1828 3111 exhibebimus
1865 3040 1939 3109 in
1978 3039 2338 3110 volumine
2369 3034 2508 3108 111.
2551 3036 2685 3108 sub
2725 3055 2799 3112 n.
2832 3037 2947 3107 19.

427 3152 591 3224 107.
649 3147 999 3232 Quoniam
1052 3170 1218 3223 vero
1272 3154 1345 3223 in
1397 3152 1674 3224 cunctis
1725 3151 1920 3224 bisce
1960 3150 2548 3244 dispositionibus
2600 3157 2953 3222 statutum

291 3266 414 3349 est,
465 3267 546 3333 ut
598 3258 993 3354 Regulares
1044 3262 1507 3356 Episcopum,
1565 3282 1779 3354 quem
1818 3264 1950 3355 ipsi
1991 3263 2399 3349 maluerint,
2443 3263 2640 3334 adire
2675 3262 2954 3352 possint

292 3395 411 3468 pro
460 3377 808 3453 Ordinum
861 3378 1317 3469 susceptione
1355 3376 1427 3447 in
1465 3374 1751 3447 duobus
1803 3374 2117 3462 casibus,
2160 3374 2449 3463 quando
2487 3390 2745 3463 nempe
2782 3369 2956 3463 Epi-

295 3507 563 3583 scopuS,
619 3493 696 3562 in
746 3492 949 3564 cuius
1001 3488 1309 3561 dioecesi
1352 3489 1489 3559 sita
1527 3495 1634 3560 est
1671 3487 2000 3578 religiosa
2040 3486 2318 3572 domus,
2361 3503 2579 3574 quam
2615 3484 2961 3556 ordinan-

296 3603 427 3675 dus
457 3605 839 3693 inhabitat,
895 3605 1008 3676 vel
1064 3604 1268 3677 abest
1321 3623 1363 3674 a
1417 3603 1752 3689 dioecesi,
1810 3601 1924 3673 vel
1980 3601 2471 3672 ordinationes
2507 3617 2650 3669 non
2687 3604 2794 3669 est
2829 3595 2961 3666 ha-

293 3713 584 3807 biturus,
618 3715 1014 3810 Episcopus
1042 3713 1533 3787 Tirasonensis
1572 3713 1936 3803 aliquibus
1972 3718 2133 3803 post
2166 3712 2433 3784 editam
2460 3708 2731 3781 Bened.
2758 3703 2951 3778 XIV.

295 3824 869 3901 constitutionem
922 3828 1133 3900 annis
1186 3825 1571 3912 dubitavit,
1631 3844 1725 3895 an
1781 3821 2175 3916 Regulares
2228 3825 2362 3914 ipsi
2414 3823 2550 3894 hac
2602 3826 2959 3912 potestate

300 3939 677 4027 gauderent
730 3940 809 4009 in
859 3939 1068 4010 tertio
1119 3955 1317 4024 casu,
1377 3955 1519 4027 quo
1572 3933 1792 4007 Sedes
1829 3936 2252 4027 episcopalis
2303 3940 2616 4008 vacaret.
2659 3929 2845 4003 Hinc
2881 3931 2960 4002 in

305 4048 702 4122 Tirasonen.
756 4050 899 4121 VV.
939 4050 1065 4122 SS.
1103 4050 1246 4120 LL.
1312 4049 1426 4118 13.
1471 4044 1608 4118 Iul.
1661 4047 1874 4117 1782.
1917 4047 2216 4118 dubium
2271 4046 2714 4137 propositum
2769 4042 2947 4114 fuit:

300 4181 340 4223 ‹
380 4157 474 4232 An
521 4159 916 4254 Regulares
952 4160 1295 4252 degentes
1349 4161 1421 4231 in
1461 4158 1799 4247 dioecesi,
1843 4157 1966 4229 ubi
2003 4155 2223 4231 Sedes
2258 4157 2684 4248 episcopalis
2723 4160 2955 4244 vacet,

303 4292 343 4338 ›
380 4273 636 4360 possint
690 4273 1086 4364 promoveri
1143 4271 1233 4342 ad
1289 4268 1593 4343 Ordines
1647 4292 1686 4340 a
1742 4287 2196 4358 quocumque
2232 4268 2581 4340 catholico
2623 4267 2958 4338 Antistite

307 4404 347 4444 ι
383 4400 526 4454 cum
579 4385 804 4458 literis
856 4383 1458 4457 testimonialibus
1519 4399 1812 4455 suorum
1867 4378 2381 4468 Praelatorum,
2439 4385 2509 4452 et
2562 4398 2724 4452 cum
2779 4385 2964 4452 atte-

309 4517 350 4559 ›
384 4500 671 4571 statione
709 4494 967 4570 Vicarii
1022 4495 1450 4588 Capitularis
1503 4494 1839 4568 testantis
1892 4492 1981 4564 de
2033 4492 2237 4564 Sedis
2274 4493 2702 4584 episcopalis
2754 4512 2964 4564 vaca-

311 4629 356 4671 ,
389 4606 560 4681 tione
597 4610 672 4682 in
712 4593 929 4683 casu?
962 4632 1000 4675 ⁷>
1057 4608 1273 4682 Sacra
1308 4605 1775 4699 Congregatio
1813 4604 2219 4698 rescripsit:
2282 4627 2319 4671 «ι
2362 4602 2637 4680 Dentur
2672 4606 2963 4679 decreta
