3497 5235
482 292 488 299 ’
556 333 676 399 404
1310 333 1679 393 ωιηοιιοιῑι
1721 332 1775 391 ιι.
1806 331 1990 406 congr.
2018 332 2165 391 σω.
2206 332 2479 408 expo-itio.

555 466 926 536 adsciscitur
969 464 1247 551 parocho
1296 464 1573 544 infirmo,
1621 465 1759 532 sive
1806 485 2077 553 corpore
2121 466 2258 533 sive
2303 480 2551 545 mente,
2599 466 2890 554 adeoque
2939 467 3220 556 leproso,

550 566 925 658 paralytico,
955 566 1234 634 dementi
1262 617 1278 645 ,
1311 566 1572 646 furioso,
1602 568 1805 635 aliove
1833 568 1897 633 id
1922 587 2126 655 genus
2158 568 2412 635 defectu
2445 569 2778 636 laboranti.
2813 607 2858 619 -
2886 574 3039 638 275.
3070 575 3221 637 Ter-

553 674 641 739 tio
689 670 877 736 datur
925 670 1221 754 imperito
1270 681 1335 736 et
1383 670 1706 749 illiterato,
1760 672 2016 757 quando
2065 674 2440 758 ceteroquin
2488 672 2658 738 vitae
2705 673 3005 739 honestae
3036 672 3141 739 sit.
3177 712 3223 725 -

549 779 703 844 276.
752 774 1110 853 Quaeritur,
1162 793 1239 840 an
1285 775 1638 861 Episcopus
1685 775 1994 859 parochos
2043 774 2415 841 iamdudum
2462 795 2675 842 curam
2725 788 3098 842 exercentes
3142 776 3217 844 ad

551 896 815 947 examen
864 876 1097 942 iterum
1146 895 1371 943 vocare
1417 877 1656 964 possit;
1707 896 1924 963 neque
1974 879 2148 943 enim
2184 875 2442 943 difficile
2475 887 2608 956 est,
2645 889 2718 944 ut
2751 878 2860 965 qui
2897 876 3014 943 iam
3049 876 3221 945 docti

548 980 789 1069 reperti
839 979 1126 1057 fuerant,
1191 979 1368 1066 lapsu
1419 980 1725 1067 temporis
1790 979 2027 1048 indocti
2090 978 2591 1066 comperiantur.
2659 982 2817 1049 Hinc
2878 980 2965 1045 nil
3024 982 3223 1068 magis

547 1103 864 1176 pronum,
916 1101 1105 1171 quam
1150 1094 1223 1149 ut
1271 1084 1508 1149 iterum
1555 1083 2022 1150 examinentur.
2054 1120 2097 1131 -
2137 1086 2289 1149 277.
2345 1082 2412 1148 ld
2460 1094 2672 1149 autem
2718 1083 3039 1169 Episcopo
3087 1082 3221 1150 lici-

549 1200 688 1257 tum
739 1198 864 1264 est,
917 1185 1170 1273 quando
1231 1186 1579 1252 vehemens
1636 1186 1997 1272 imperitiae
2052 1185 2331 1271 suspicio
2389 1186 2628 1252 subest.
2687 1184 2757 1251 Id
2819 1184 3065 1252 licitum
3125 1194 3222 1251 est

551 1292 740 1359 etiam
789 1301 965 1355 extra
1012 1289 1469 1356 visitationem.
1519 1292 1800 1353 Examen
1850 1287 1914 1354 in
1966 1287 2162 1354 forma
2212 1287 2455 1374 privata
2509 1287 2726 1376 peragi
2794 1285 3014 1355 debet.
3082 1289 3221 1354 Non

548 1394 701 1461 licet
746 1412 903 1459 vero
950 1394 1137 1459 etiam
1187 1392 1251 1457 in
1297 1392 1657 1459 visitatione
1703 1410 1927 1458 omnes
1976 1390 2523 1458 indiscriminatim
2572 1389 2915 1478 parochos,
2968 1389 3229 1476 quando

550 1516 622 1564 ea
678 1496 957 1583 suspicio
1016 1515 1146 1562 non
1206 1494 1399 1573 adsit,
1471 1494 1742 1561 examini
1804 1493 2147 1561 subiicere.
2208 1493 2609 1579 improbatur
2667 1504 2878 1559 autem
2941 1492 3227 1559 edictum

549 1599 890 1687 generale,
958 1618 1085 1685 quo
1151 1617 1370 1664 omnes
1415 1598 1606 1682 plane
1668 1596 2069 1664 ecclesiastici
2131 1596 2248 1661 viri
2299 1596 2377 1663 ad
2429 1615 2694 1663 examen
2743 1607 3230 1663 revocantur.-

549 1705 710 1769 278.
763 1705 1170 1769 successores
1226 1700 1293 1767 in
1341 1700 1712 1786 episcopatu
1763 1719 1843 1765 ex
1891 1699 2244 1768 rationabili
2297 1720 2517 1776 causa,
2567 1711 2639 1766 ut
2681 1718 2911 1786 supra,
2963 1708 3229 1784 possunt

551 1803 913 1872 examinare
958 1802 1267 1890 parochos
1314 1823 1345 1867 a
1390 1802 1519 1868 suis
1567 1801 2011 1870 decessoribus
2056 1803 2455 1869 constitutos.
2506 1802 2765 1879 Quando
2798 1820 2956 1868 vero
2992 1803 3074 1869 de
3109 1802 3224 1867 im-

547 1906 780 1995 peritia
829 1905 1229 1984 constiterit,
1281 1903 1470 1972 datur
1514 1906 1795 1974 adiutor.
1830 1941 1873 1953 -
1905 1906 2058 1971 270.
2097 1907 2295 1971 Datur
2340 1903 2673 1971 coadiutor
2717 1903 2956 1970 nedum
2991 1904 3075 1969 ob
3108 1904 3227 1970 im-

547 2009 844 2097 peritiam
892 2008 1377 2093 speculativam,
1428 2007 1541 2074 sed
1589 2017 1654 2074 et
1692 2011 2088 2093 practicam,
2141 2026 2377 2094 nempe
2427 2028 2571 2073 cum
2607 2009 2748 2095 quis
2787 2019 2996 2073 careat
3027 2028 3229 2097 expe·

547 2113 803 2190 rientia,
853 2111 1221 2198 prudentia,
1272 2130 1477 2197 eaque
1523 2111 1911 2196 aptitudine,
1964 2130 2155 2198 quam
2202 2109 2403 2198 exigit
2451 2121 2737 2176 accurata
2786 2111 3072 2177 muneris
3107 2112 3224 2178 mi·

548 2216 865 2283 nistratio.
911 2240 958 2254 -·
1003 2217 1157 2281 280.
1221 2214 1454 2291 Quarto
1515 2213 1845 2281 coadiutor
1906 2213 2092 2280 datur
2149 2213 2426 2302 parocho
2489 2215 2571 2280 ob
2632 2226 3226 2300 supercrescentem

547 2318 1076 2404 parochianorum
1109 2337 1475 2384 numerum.
1516 2317 1801 2385 Affertur
1830 2319 2159 2385 decretum
2195 2321 2394 2386 Conc.
2429 2318 2602 2385 Trid.
2643 2322 2803 2385 Sess.
2826 2320 2946 2384 21.
2988 2338 3129 2404 cap.
3147 2322 3217 2385 4.

548 2421 622 2486 dc
656 2421 934 2505 Reform.
962 2458 1007 2470 -
1039 2423 1193 2486 281.
1231 2419 1508 2487 Additur
1538 2421 1783 2488 decreti
1820 2420 2112 2488 eiusdem
2149 2421 2600 2507 interpretatio
2642 2440 2675 2486 a
2711 2421 2901 2489 Card.
2938 2422 3023 2488 de
3055 2426 3223 2488 Luca

548 2520 800 2587 tradita.
854 2523 1094 2609 Populo
1141 2535 1509 2601 crescente,
1562 2525 1736 2589 locus
1785 2534 1878 2590 est
1925 2524 2323 2610 deputationi
2376 2522 2565 2589 unius
2618 2525 2721 2591 vel
2785 2525 3066 2610 plurium
3119 2544 3223 2590 co-

545 2622 937 2703 adiutorum,
987 2637 1095 2693 aut
1133 2627 1466 2711 parochiae
1500 2625 2071 2694 dismembrationi.
2109 2664 2155 2677 -
2185 2631 2336 2694 282.
2375 2628 2636 2706 Quando
2681 2647 2836 2694 vero
2873 2647 3071 2693 unum
3115 2628 3218 2694 vel

544 2728 816 2794 alterum
865 2731 1383 2817 amplectendum
1428 2730 1551 2808 sit,
1603 2730 1892 2816 quaestio
1939 2729 2091 2797 nudi
2144 2728 2284 2796 sacti
2320 2741 2455 2810 est,
2508 2750 2669 2816 quae
2702 2749 2782 2796 ex
2814 2730 3223 2797 circumstan-

544 2830 776 2896 tiarum
813 2831 1114 2899 varietate
1147 2832 1555 2900 diiudicatur.
1586 2868 1631 2881 —
1656 2835 1812 2900 283.
1850 2835 1988 2899 Non
2022 2844 2118 2898 est
2147 2833 2321 2900 locus
2354 2831 2926 2910 dismembrationi,
2962 2831 3217 2919 quando

546 2934 785 3014 consuli
835 2945 1046 3020 potest
1113 2956 1233 3023 per
1297 2935 1785 3022 deputationem
1843 2936 2031 3001 unius
2086 2936 2190 3002 vel
2256 2935 2539 3022 plurium
2610 2934 3101 3014 coadiutorum,
3152 2948 3217 3002 et

545 3036 756 3120 agitur
801 3037 883 3103 de
931 3037 1440 3116 circumstantiis,
1491 3057 1652 3125 quae
1706 3038 1771 3105 id
1818 3038 2159 3125 aliquando
2203 3037 2536 3105 suadeant.
2573 3072 2614 3086 -
2646 3040 2799 3103 284.
2857 3037 2981 3104 Sed
3029 3037 3077 3101 si
3111 3054 3217 3100 co·

545 3139 851 3207 adiutoris
897 3140 1229 3227 deputatio
1276 3159 1406 3206 non
1447 3143 1648 3209 valeat
1695 3142 2015 3228 impedire
2066 3141 2292 3231 iurgia,
2345 3141 2484 3206 lites
2530 3139 2776 3226 aliaque
2817 3135 3219 3205 incommoda

547 3242 720 3308 inter
767 3243 1180 3328 parochianos
1227 3246 1414 3310 unius
1462 3254 1527 3310 et
1570 3244 1829 3311 alterius
1877 3243 2180 3333 regionis,
2236 3257 2367 3309 tum
2413 3242 2605 3310 satius
2637 3253 2731 3308 est
2769 3241 2846 3307 ad
2897 3241 3219 3327 paroecia·

548 3363 690 3410 rum
749 3345 1128 3411 divisionem
1185 3346 1565 3431 procedere.
1625 3347 1982 3413 Eveniente
2038 3347 2259 3433 populi
2319 3343 2565 3412 adaucti
2625 3365 2818 3422 casu,
2878 3342 3219 3430 multiplex

545 3446 828 3513 ineunda
878 3458 972 3514 est
1016 3450 1139 3513 via.
1166 3485 1212 3498 -
1245 3451 1395 3515 285.
1451 3451 1518 3514 ln
1568 3468 1708 3515 casu
1741 3448 1988 3516 adaucti
2023 3448 2247 3536 populi
2289 3460 2415 3514 tres
2449 3448 2676 3535 gradus
2706 3446 3002 3513 servandi
3040 3455 3213 3521 sunt,

544 3547 848 3615 videlicet
906 3561 978 3614 ιιι
1037 3551 1248 3635 primo
1313 3551 1730 3617 constituatur
1789 3549 2120 3617 coadiutor
2166 3573 2196 3617 a
2246 3552 2524 3639 parocho
2595 3551 3013 3637 dependens,
3064 3547 3220 3614 dein

545 3651 815 3717 vicarius
860 3663 1210 3739 perpetuus
1260 3652 1570 3732 eiusdem,
1624 3652 1812 3719 tertio
1861 3653 2154 3740 parochia
2203 3653 2552 3720 dividatur.
2583 3690 2627 3703 -
2658 3656 2809 3718 286.
2867 3654 3038 3720 Circa
3089 3662 3222 3716 trec

543 3752 827 3840 singulos
873 3753 1062 3819 hosce
1109 3753 1339 3842 gradus
1385 3776 1416 3820 a
1454 3755 1642 3823 Card.
1684 3756 1766 3824 de
1800 3761 1962 3823 Luca
1997 3757 2301 3823 hactenus
2334 3757 2684 3842 expositos,
2720 3756 2981 3821 uberius
3011 3753 3221 3837 aliqua

542 3855 900 3921 adnotanda
947 3867 1118 3922 sunt.
1170 3860 1264 3922 Ex
1313 3859 1578 3924 Constit.
1619 3860 1977 3926 innocentii
2029 3863 2188 3926 xm.
2242 3860 2647 3926 confirmatae
2693 3881 2724 3925 a
2774 3857 3015 3924 Bened.
3050 3856 3214 3921 xm.

545 3957 988 4026 coadiutorum
1038 3960 1384 4026 nominatio
1429 3971 1676 4048 spectat
1721 3960 1800 4027 ad
1849 3962 2180 4048 parochos.
2236 3964 2360 4030 Sed
2410 3982 2725 4052 congruae
2770 3955 3223 4028 determinatio

538 4070 785 4146 spectat
831 4060 909 4127 ad
956 4063 1366 4150 Episcopum,
1419 4063 1572 4130 item
1622 4082 1847 4130 eorum
1897 4066 2273 4133 examinatio
2306 4078 2372 4133 et
2401 4065 2795 4153 approbatio.
2834 4064 2991 4144 Quin
3021 4064 3221 4127 etiam

544 4171 612 4228 et
660 4162 789 4250 ipsa
838 4165 1185 4233 nominatio
1234 4167 1446 4233 eidem
1495 4166 1901 4245 devolvitur,
1954 4169 2299 4236 accedente
2364 4168 2621 4255 parochi
2689 4167 2956 4233 titularis
3008 4162 3227 4248 negli-

541 4271 778 4355 gentia.
816 4306 861 4318 -
891 4274 1045 4337 287.
1096 4270 1333 4338 Eadem
1380 4271 1730 4337 nominatio
1780 4272 2098 4359 Episcopo
2149 4271 2493 4359 competit,
2541 4268 2795 4356 quoties
2828 4265 3089 4356 parocho
3130 4262 3224 4327 ob

542 4373 794 4458 culpam
843 4372 1095 4440 adiutor
1140 4374 1536 4464 adiungitur.
1574 4410 1618 4423 -
1650 4377 1804 4440 288.
1844 4376 2268 4442 Coadiutores
2304 4372 2654 4440 istiusmodi
2695 4372 2771 4438 ad
2807 4368 3226 4437 residentiam

539 4475 942 4559 personalem
989 4476 1357 4564 adiguntur,
1411 4476 1690 4564 exceptis
1739 4475 1837 4555 iis,
1890 4479 1996 4562 qui
2038 4496 2116 4543 ex
2150 4476 2549 4544 institutione
2583 4494 2701 4562 per
2732 4475 2923 4539 alium
2965 4465 3229 4534 servire

537 4589 830 4660 possunt.
884 4577 1300 4645 Coadiutores
1350 4580 1517 4665 ipsos
1569 4592 1827 4646 tenetur
1873 4581 2227 4668 Episcopus
2275 4598 2477 4665 aeque
2510 4598 2578 4644 ac
2614 4575 2919 4665 parochos
2948 4571 3016 4637 ad
3051 4587 3229 4654 per-

538 4678 826 4745 sonalem
872 4680 1279 4748 residentiam
1325 4701 1558 4770 cogere
1587 4732 1607 4763 ,
1658 4703 1873 4771 neque
1927 4694 2142 4771 potest
2192 4702 2334 4750 cum
2387 4682 2463 4750 iis
2509 4681 2896 4769 dispensare.
2958 4668 3237 4741 Exami-
