3497 5235
864 293 980 376 ⁰⁸1²·
1006 289 1051 358 1.
1093 297 1165 356 Do
1206 293 1356 355 statu
1394 285 1654 353 loduico
1692 287 1966 352 murini.
2009 295 2063 370 g.
2089 287 2139 351 9.
2716 285 2827 353 127

196 434 268 513 Et
312 434 742 532 Episcopus,
802 437 1186 509 dummodo
1240 454 1366 527 pro
1421 441 1572 507 rata
1629 429 2081 518 contribuat,
2139 434 2372 520 potest
2425 419 2514 499 ad
2570 428 2832 499 contri-

195 554 532 626 butionem
571 551 966 644 capitulum
1003 566 1275 640 cogere.
1316 543 1616 640 (Eadem
1671 545 1744 616 S.
1785 541 2003 634 Cong.
2045 542 2118 613 in
2157 541 2501 613 Andrien.
2537 539 2826 611 Ferrar.

197 667 305 737 loc.
341 666 465 737 cit.
527 684 602 735 n.
650 656 893 759 158).

322 778 484 849 128.
540 774 741 848 Circa
793 773 1202 847 huiusmodi
1253 772 1565 845 scholam
1632 769 2029 843 notandum
2082 774 2369 855 tamen,
2427 764 2617 856 quod
2672 783 2830 836 cum

194 889 402 980 plures
453 886 818 979 Episcopi,
876 887 998 977 qui
1052 869 1515 958 seminarium
1568 884 1837 975 erigere
1891 881 2179 953 minime
2216 885 2574 970 poterant,
2630 876 2837 949 scho-

195 1000 313 1071 lam
361 1000 873 1086 instituissent,
931 1016 1013 1070 ac
1064 1004 1330 1069 certam
1384 997 1783 1089 portionem
1823 1014 1863 1064 a
1898 992 2266 1064 beneficiis
2304 996 2676 1082 propterea
2712 989 2839 1060 de-

199 1114 605 1200 traxissent,
673 1110 1248 1182 animadversum
1304 1108 1436 1180 ruit
1501 1109 1572 1179 in
1625 1104 2186 1197 congregatione
2242 1101 2575 1189 Concilii‚
2644 1100 2837 1191 quod

89 1257 104 1268 ·
197 1224 516 1296 eiusmodi
589 1223 892 1294 facultas
958 1221 1230 1294 tributa
1298 1227 1485 1293 esset
1555 1216 1928 1309 Episcopis
1978 1237 2017 1287 a
2071 1214 2408 1303 Concilio,
2465 1232 2626 1284 cum
2696 1231 2839 1284 non

197 1344 408 1427 posset
459 1336 746 1407 institui
802 1336 1008 1407 lectio
1060 1333 1487 1426 theologiae,
1546 1350 1689 1404 non
1744 1336 1986 1401 autem
2039 1348 2199 1402 cum
2254 1346 2395 1399 non
2447 1332 2689 1420 posset
2734 1329 2846 1398 in·-

197 1451 366 1520 stitui
402 1449 900 1535 seminarium,
960 1453 1037 1518 ut
1087 1446 1397 1517 habetur
1437 1447 1612 1517 Sess.
1651 1442 1718 1515 1.
1762 1461 1920 1534 cap.
1954 1443 2026 1512 5.
2068 1441 2151 1513 de
2188 1439 2494 1532 Reform.
2539 1438 2840 1529 ideoque

200 1560 639 1653 songregatio
693 1561 923 1648 iussit,
981 1577 1064 1630 ea
1118 1558 1205 1630 de
1256 1576 1329 1629 re
1382 1557 1495 1648 agi
1549 1573 1708 1627 cum
1748 1552 1990 1642 SSr‘bO,
2033 1553 2123 1625 ad
2161 1570 2373 1642 quern
2411 1548 2618 1623 Card.
2662 1547 2846 1621 Mat-

202 1672 431 1745 thaeus
477 1673 596 1744 die
639 1673 756 1743 16.
791 1669 999 1744 Febr.
1038 1672 1250 1742 1598.
1292 1690 1451 1742 cum
1490 1669 1562 1739 in
1598 1665 2028 1740 Consistorio
2065 1665 2448 1752 retulisset,
2489 1662 2846 1738 Sanctitas

205 1782 321 1855 Sua
373 1784 776 1870 mandavit,
834 1783 967 1854 bas
1016 1783 1524 1855 beneficiorum
1576 1780 1979 1851 taxationes
2028 1777 2117 1849 de
2160 1784 2390 1849 cetero
2443 1795 2568 1867 pro
2602 1775 2844 1848 schola

205 1897 264 1967 in
306 1897 445 1969 alio
499 1915 702 1981 casu,
758 1914 976 1985 quam
1029 1897 1103 1968 in
1155 1913 1265 1982 e0,
1322 1893 1412 1965 de
1469 1911 1609 1982 quo
1661 1893 1897 1984 agitur
1948 1892 2020 1962 in
2056 1888 2267 1962 Conc.
2309 1886 2660 1977 Trident.,
2703 1906 2846 1959 non

205 2027 332 2082 esse
367 2009 923 2102 permittendas,
979 2008 1105 2080 sed
1156 2007 1505 2081 hactenus
1540 2006 1965 2079 constitutas
2001 2004 2470 2077 confirmavit.
2512 1998 2840 2098 (Ferrar.

208 2121 316 2193 loc.
352 2122 481 2195 cit.
542 2141 741 2193 num.
786 2116 1025 2215 459).

333 2234 503 2305 129.
565 2235 637 2306 Si
687 2240 933 2304 tamen
992 2249 1294 2325 prorsus
1333 2232 1537 2305 abest
1588 2249 1798 2306 omne
1848 2231 2291 2321 subsidium,
2349 2250 2491 2322 quo
2542 2231 2854 2303 semina-

206 2346 365 2416 rium
421 2346 558 2418 rite
612 2346 873 2437 aperiri
924 2351 1168 2433 queat,
1226 2353 1507 2436 praeter
1557 2361 1670 2431 ea,
1727 2362 1912 2432 quae
1965 2343 2253 2416 Concilii
2290 2339 2685 2416 Tridentini
2722 2339 2855 2413 Pa-

207 2461 329 2528 tres
361 2451 581 2554 (Cap.
622 2455 740 2529 18.
779 2476 945 2529 sess.
978 2455 1101 2528 23.
1136 2455 1220 2528 de
1250 2451 1603 2552 Reform.)
1638 2457 2165 2547 sapientissime
2203 2457 2688 2549 providerunt,
2732 2474 2856 2547 po·

211 2573 331 2641 test
376 2570 928 2643 seminariorum
978 2568 1287 2649 defectui
1341 2568 1654 2660 suppleri
1710 2586 1834 2661 per
1877 2589 1987 2658 ea,
2046 2588 2232 2661 quae
2285 2570 2505 2643 tradit
2556 2567 2856 2642 Benedi-

214 2689 352 2754 ctus
385 2678 582 2752 XIV.
616 2682 700 2753 de
729 2682 901 2771 Syn.
934 2682 1150 2754 dioec.
1185 2681 1306 2752 lib.
1333 2681 1457 2754 XI.
1491 2681 1649 2753 c.2.
1684 2702 1759 2752 n.
1789 2682 1906 2755 42.
1940 2682 2268 2755 videlicet
2317 2705 2355 2748 <a
2387 2689 2466 2754 ut
2503 2683 2742 2772 aliqua
2779 2683 2854 2753 in

217 2820 246 2859 ›
280 2795 590 2882 civitate,
633 2814 715 2866 ac
753 2796 1139 2885 respective
1176 2795 1249 2867 in
1287 2793 1590 2867 dioecesi
1626 2795 2040 2886 designetur
2074 2795 2402 2884 ecclesia,
2443 2796 2588 2866 sive
2627 2800 2859 2865 orato-

221 2932 249 2967 »
282 2907 489 2994 rium,
532 2926 676 2997 quo
712 2906 1046 2978 omnibus
1077 2905 1332 2978 saltem
1369 2904 1623 2978 diebus
1651 2906 2024 2979 dominicis
2061 2909 2437 2980 convenire
2476 2911 2857 2979 teneantur

221 3043 250 3083 ›
282 3037 528 3091 omnes
562 3026 631 3092 et
668 3019 956 3111 singuli,
1009 3019 1131 3108 qui
1186 3019 1258 3089 in
1312 3018 1574 3089 clerum
1629 3017 1967 3107 adscribi,
2011 3026 2137 3090 aut
2171 3018 2262 3090 ad
2301 3020 2606 3089 minores
2641 3017 2861 3088 maio-

221 3154 249 3193 »
284 3149 538 3221 resque
576 3128 879 3203 Ordines
931 3132 1324 3223 promoveri
1372 3131 1696 3221 cupiunt,
1758 3130 1999 3221 ibique
2037 3132 2319 3203 duabus
2373 3130 2463 3202 ad
2517 3132 2750 3202 minus
2787 3132 2859 3204 in

223 3266 251 3305 ›
283 3244 600 3335 singulos
636 3261 917 3315 menses
951 3243 1251 3331 vicibuS‚
1283 3244 1787 3315 sacramentali
1822 3242 2265 3316 confessione
2300 3245 2716 3334 praemissa,
2749 3261 2865 3315 sa-

222 3380 251 3420 »
285 3375 471 3429 cram
517 3354 1043 3429 Eucharistiam
1096 3373 1377 3428 sumere
1430 3355 1782 3443 debeant3
1839 3356 2247 3428 huiusmodi
2284 3362 2520 3429 autem
2557 3373 2865 3429 conven-

219 3491 250 3531 ›
283 3476 512 3557 tuum,
545 3470 693 3540 sive
719 3470 1343 3560 congregationum
1377 3469 1885 3560 moderatoreS,
1916 3478 1986 3543 et
2013 3470 2395 3543 directores
2424 3472 2865 3544 constituan-

224 3604 252 3643 ›
286 3586 397 3653 tur
453 3581 691 3654 idonei
728 3589 801 3653 et
837 3581 1038 3672 probi
1091 3580 1497 3654 sacerdotes
1537 3607 1623 3669 »‚-
1663 3583 1786 3672 qui
1840 3583 2175 3654 iuvenum
2231 3602 2471 3655 curam
2515 3582 2858 3670 habeant,

222 3707 474 3782 eosque
497 3694 827 3766 excolant
866 3694 1061 3765 iuxta
1090 3712 1410 3767 normam
1438 3693 1528 3764 ab
1556 3693 1808 3764 eodem
1838 3691 2176 3767 Pontifice
2204 3695 2465 3767 ibidem
2491 3694 2857 3767 traditam.

361 3806 525 3877 130.
585 3803 829 3877 Solent
879 3823 1163 3896 quoque
1214 3802 1544 3899 Episcopi
1590 3807 1969 3879 seminario
2005 3808 2325 3881 destituti
2363 3810 2649 3881 clericos
2701 3826 2866 3879 suos

226 3916 614 3992 edocendos
650 3920 744 3992 ad
778 3920 1153 3991 seminaria
1207 3920 1543 3992 viciniora
1581 3921 1906 3994 mittere:
1964 3938 2106 4010 quo
2144 3922 2220 3992 in
2254 3941 2425 3994 casu
2477 3923 2550 3994 S.
2591 3920 2664 3992 C.
2705 3920 2870 3992 bor-

227 4037 406 4102 tatur
460 4031 855 4120 AntistiteS,
911 4037 992 4103 ut
1041 4034 1114 4103 in
1167 4032 1572 4104 eorumdem
1625 4033 1871 4122 vitam,
1915 4051 2142 4106 mores
2196 4053 2279 4107 ac
2330 4052 2743 4126 progressus
2796 4034 2870 4105 in

226 4145 470 4216 studiis
520 4144 894 4217 sollicitius
930 4144 1323 4234 inquirant,
1380 4163 1462 4216 ac
1515 4162 1603 4216 ne
1653 4145 1962 4218 subinde
2015 4147 2174 4236 quis
2225 4147 2445 4218 sacris
2480 4142 2871 4217 Ordinibus

230 4256 560 4345 initietur,
601 4258 739 4329 nisi
775 4255 1317 4348 probatissimae
1371 4258 1583 4345 vitae,
1623 4259 2106 4348 scientiaeque
2139 4259 2527 4350 specimina
2563 4259 2869 4348 dederit,

231 4378 429 4461 prout
464 4372 710 4445 iisdem
756 4370 993 4443 verbis
1044 4371 1116 4442 S.
1159 4368 1232 4443 C.
1272 4369 1710 4443 rescribebat
1761 4366 1936 4443 Εῐῇο
1976 4369 2234 4443 Abbati
2267 4367 2505 4441 Trium
2539 4367 2875 4443 Pontium

235 4481 338 4554 (lie
387 4485 505 4555 22.
545 4482 757 4557 Mart.
805 4485 1020 4556 1839.

373 4596 529 4669 131.
585 4596 1009 4671 Aedificatio
1045 4598 1206 4669 novi
1245 4597 1604 4670 seminarii
1642 4616 1822 4689 opus
1858 4604 2050 4670 certe
2085 4604 2191 4670 est
2230 4597 2466 4689 magni
2507 4595 2871 4686 momenti,

237 4710 422 4801 quod
465 4713 829 4807 ingentem
893 4712 1356 4803 pecuniarum
1410 4727 1889 4801 curarumque
1941 4710 2196 4784 molem
2259 4712 2620 4805 importat.
2676 4705 2876 4785 Nihi-
