3497 5235
634 240 757 303 370
1396 192 1767 302 lustr-notioni·
1807 239 1860 297 Β.
1890 239 2072 314 Oongr.
2100 241 2247 301 Οοιιο.
2288 242 2558 316 expetitio.

639 378 1069 467 notandum,
1111 383 1357 449 contra
1393 376 1801 449 huiusmodi
1839 376 2373 469 dispositionem
2412 377 2589 451 iliud
2614 379 2987 470 oppositum
3019 379 3220 472 luisse,

639 490 961 580 patronis
1023 489 1265 562 deberi
1326 494 1538 560 antea
1594 489 1935 577 intimari,
1995 495 2071 561 ut
2123 487 2515 581 digniorem
2569 497 3024 581 praesentent,
3072 493 3230 565 iuxta

639 603 1041 673 doctrinam
1100 600 1394 673 Abbatis
1430 619 1589 691 cap.
1626 601 1702 672 2.
1748 600 2159 691 constitutis
2195 600 2279 673 de
2312 601 2583 695 Appen.
2628 597 2929 674 Iamvero
2961 599 3236 676 Summus

636 710 972 785 Pontifex
1026 711 1384 800 declarat,
1440 709 1650 784 Cone.
1694 707 1885 784 Trid.
1927 712 2371 785 sanctionem
2403 764 2424 802 ‚
2481 731 2622 802 qua
2675 714 3095 786 ecclesiastici
3134 732 3234 805 pa-

636 828 822 898 troni
877 826 1275 917 digniorem
1321 830 1789 915 praesentare
1826 823 2328 914 admonentur,
2368 823 2603 897 valere
2638 824 2857 895 multo
2890 824 3034 914 plus
3064 843 3236 915 quam

634 937 880 1009 valere
920 942 1139 1026 queat
1177 936 1535 1008 intimatio
1563 935 1674 1006 vel
1712 934 2102 1008 admonitio
2143 936 2343 1008 iuxta
2378 942 2654 1008 textum
2690 935 3050 1028 allegatum
3074 953 3236 1027 prae-

640 1048 1023 1121 mittenda.

781 1158 1054 1234 Bened.
1097 1155 1289 1230 XIV.
1352 1159 1743 1231 declaravit
1805 1161 2122 1248 insuper,
2179 1157 2611 1251 Episcopum
2662 1161 2889 1233 teneri
2936 1160 3241 1232 instituere

638 1291 829 1361 eum,
872 1289 1084 1362 quem
1120 1274 1467 1363 patronus
1518 1270 1918 1363 digniorem
1955 1270 2408 1360 iudicaverit,
2449 1279 2518 1345 et
2556 1271 2692 1364 ipsi
2725 1270 3053 1365 Episcopo
3080 1289 3242 1364 prae·

639 1384 1026 1456 sentaverit
1060 1436 1080 1472 ‚
1135 1383 1198 1455 si
1251 1400 1458 1454 nemo
1510 1382 1603 1455 sit
1659 1382 1845 1456 inter
1907 1384 2396 1472 examinatoS,
2470 1383 2596 1473 qui
2651 1384 3006 1473 querelam
3050 1388 3245 1454 contra

638 1513 942 1569 examen
1003 1495 1345 1584 moverit;
1419 1495 1478 1566 si
1531 1512 1696 1567 vero
1765 1497 1902 1584 sit,
1977 1494 2100 1583 qui
2173 1500 2564 1583 queratur,
2638 1494 2857 1568 debet
2919 1492 3245 1585 Episcopus

641 1607 895 1681 iudicis
947 1611 1220 1697 partem
1275 1624 1589 1695 sumere,
1650 1612 1723 1678 et
1776 1605 1852 1677 in
1905 1605 2245 1678 iudicium
2298 1605 2583 1695 patroni
2636 1606 3015 1696 inquirere,
3063 1623 3140 1676 an
3168 1621 3248 1674 re-

643 1726 834 1792 ctum
887 1718 1003 1791 sit.
1064 1713 1245 1790 Item
1296 1717 1432 1788 hoc
1482 1718 1556 1789 in
1615 1735 1786 1789 casu
1841 1717 2108 1806 edixit,
2172 1716 2755 1808 competitoribus
2810 1716 3091 1790 exclusis
3131 1712 3248 1786 dari

638 1829 1195 1922 appellationem
1265 1828 1338 1898 in
1410 1826 1822 1900 devolutivo
1891 1833 2218 1918 tantum,
2275 1829 2334 1900 si
2387 1828 2730 1901 iudicium
2803 1827 3069 1919 patroni
3123 1841 3244 1897 cum

639 1941 901 2014 iudicio
968 1937 1301 2031 Episcopi
1370 1939 1793 2029 conveniat3
1851 1945 1926 2011 at
1976 1940 2036 2011 si
2089 1939 2487 2029 discordet,
2547 1939 3086 2033 appellationem
3127 1934 3245 2007 dari

641 2055 856 2126 etiam
914 2053 988 2123 in
1041 2052 1490 2143 suspensivo.

794 2166 959 2237 189.
1018 2160 1125 2234 Ex
1176 2162 1316 2250 his,
1373 2180 1561 2252 quae
1616 2161 1935 2235 diximus
1987 2161 2057 2232 in
2115 2162 2412 2235 articulo
2446 2163 2535 2236 de
2570 2161 2989 2254 theologalis
3020 2175 3245 2251 acpoe-

644 2276 1038 2351 nitentialis
1090 2273 1547 2366 praebendae
1604 2275 1999 2364 erectione,
2056 2278 2290 2365 potest
2342 2275 2665 2347 accidere
2696 2327 2716 2365 ,
2773 2281 2859 2347 ut
2910 2268 3247 2346 huiusmodi

639 2388 1099 2482 praebendae
1178 2386 1567 2477 aliquando
1644 2386 2209 2479 iuripatronatus
2286 2387 2626 2459 laicorum
2697 2384 3044 2459 obnoxiae
3103 2384 3246 2467 sint,
3392 2406 3393 2465 ;

647 2500 950 2588 ideoque
1003 2497 1301 2571 conferri
1355 2496 1671 2571 debeant
1722 2498 2045 2570 adinstar
2098 2497 2621 2588 parochiarum,
2675 2516 2868 2587 quae
2916 2496 3109 2569 simili
3136 2495 3249 2564 iure
3392 2474 3393 2557 i

645 2611 940 2685 affectae
994 2617 1193 2684 sunt.
1251 2606 1507 2700 Itaque
1560 2609 1755 2683 hisce
1808 2610 1883 2681 in
1934 2607 2218 2682 casibus
2273 2608 2793 2683 inhaerendum
2859 2615 2965 2682 est
3009 2604 3253 2698 disposi-

639 2724 817 2798 tioni
885 2720 1097 2796 Conc.
1142 2719 1335 2794 Trid.
1384 2722 1562 2795 Sess.
1602 2722 1728 2794 24.
1773 2742 1931 2813 cap.
1975 2720 2096 2794 18.
2152 2721 2235 2793 de
2270 2723 2619 2816 Reform„
2673 2740 2862 2811 quae
2927 2720 3079 2794 talis
3134 2721 3251 2789 est:

644 2859 682 2904 ‹
719 2832 984 2918 Quodsi
1037 2835 1632 2927 iurispatronatus
1682 2832 2024 2906 laicorum
2094 2831 2352 2921 fuerit,
2408 2833 2671 2907 debeat
2741 2835 2868 2924 qni
2924 2853 2965 2905 a
3011 2835 3252 2922 patrono

641 2974 680 3018 ι»
721 2954 1224 3039 praesentatus
1275 2945 1517 3035 fuerit,
1558 2944 1649 3016 ab
1703 2945 1969 3018 eisdem
2023 2945 2414 3035 deputatis,
2470 2950 2832 3037 utsupra,
2891 2937 3252 3026 examinari,

641 3087 680 3131 ι»
721 3067 819 3149 et,
853 3060 1140 3132 nonnisi
1179 3059 1481 3131 idoneus
1516 3063 1844 3148 repertus
1871 3056 2111 3146 fuerit,
2143 3057 2502 3129 admitti.»
2541 3053 2633 3128 Et
2672 3058 2858 3130 Sess.
2886 3056 3007 3130 25.
3044 3045 3252 3143 σαμε).

639 3172 723 3245 de
775 3173 1124 3262 Reform„-
1186 3191 1224 3236 ‹
1267 3168 1371 3241 Ad
1423 3167 1605 3241 haec
1656 3168 1868 3240 liceat
1916 3163 2302 3261 Episcop0,
2350 3174 2848 3260 praesentatos
2883 3189 2928 3239 a
2961 3161 3256 3260 patroniS,

642 3310 681 3354 ι»
720 3286 780 3357 si
834 3284 1069 3356 idonei
1124 3300 1267 3355 non
1320 3280 1612 3369 fuerint,
1669 3280 2041 3372 repellere.
2080 3304 2118 3347 ›

792 3395 954 3467 190.
1013 3390 1347 3466 Normam
1403 3393 1720 3482 aliquam
1774 3395 2068 3485 insuper
2121 3398 2355 3485 potest
2405 3390 2749 3482 praebere
2800 3391 3040 3478 locuS,
3091 3398 3261 3475 quem
3390 3477 3391 3486 Ν

638 3505 1107 3581 exscribimus
1135 3525 1220 3578 ex
1252 3504 1418 3576 folio
1445 3505 1872 3597 Anagninos
1903 3503 2208 3576 Paroch.
2242 3504 2363 3576 ΞΟ.
2399 3500 2734 3574 Decemb.
2766 3502 2986 3575 1851.
3015 3495 3086 3594 ἓ.
3114 3493 3265 3580 Quae

638 3637 830 3699 cum,
883 3616 1010 3688 ubi
1062 3617 1383 3705 docetur,
1444 3637 1482 3682 ‹
1522 3621 2059 3708 praesentatum
2113 3614 2205 3687 ad
2258 3614 2735 3706 parochialem
2794 3612 3155 3687 ecclesiam
3186 3606 3267 3675 iu-
3390 3629 3391 3690 i

642 3757 681 3801 ι»
723 3730 1247 3822 rispatronatus
1319 3728 1705 3817 laicorum,
1764 3728 1824 3799 si
1875 3725 2297 3818 reprobatus
2371 3727 2464 3798 sit
2515 3723 2605 3821 in:
2647 3725 2878 3816 primo
2958 3718 3264 3798 examine,
3390 3773 3391 3776 a

639 3867 681 3915 ›
723 3842 1005 3914 admitti
1056 3839 1317 3913 debere
1370 3841 1460 3913 ad
1516 3857 1776 3910 novum
1830 3856 2159 3926 examen,
2202 3856 2291 3910 ne
2343 3855 2550 3911 secus
2596 3836 2988 3930 appellatio
3038 3826 3265 3905 inutilis

644 3978 683 4022 ι»
724 3953 1007 4041 evadat,
1068 3953 1282 4042 idque
1336 3950 1449 4023 bis
1502 3958 1780 4042 terque,
1836 3954 1916 4023 ut
1969 3951 2175 4040 quasi
2226 3968 2352 4042 per
2388 3968 2535 4022 rem
2573 3948 2965 4022 iudicatam
3019 3946 3107 4019 de
3151 3940 3271 4014 eius

640 4069 683 4134 ὃ
723 4065 1078 4155 imperitia
1131 4069 1468 4137 constare
1521 4063 1878 4152 videatur,
1919 4061 2228 4153 probant
2277 4079 2421 4133 uno
2472 4080 2593 4134 ore
2645 4061 2842 4134 allati
2882 4080 2929 4131 a
2965 4051 3272 4131 Gonzalez

641 4199 683 4247 ›
723 4176 815 4248 ad
869 4177 1034 4268 Περ.
1068 4175 1142 4249 8.
1194 4177 1368 4250 Can.
1414 4174 1601 4248 Glos.
1640 4176 1716 4247 4.
1760 4195 1835 4246 η.
1879 4172 2046 4248 434.
2087 4180 2158 4246 et
2191 4171 2424 4246 Piton.
2469 4175 2663 4246 Disc.
2704 4192 2840 4244 ecc.
2891 4169 3014 4244 43.
3056 4186 3187 4241 an.
3213 4159 3270 4234 3.

642 4311 681 4355 ι»
723 4288 820 4359 ad
873 4285 991 4359 12.
1034 4305 1118 4359 ea
1171 4288 1476 4375 ratione,
1529 4287 1721 4376 quod
1771 4292 2272 4377 praesentatus
2325 4286 2434 4357 ius
2489 4286 2899 4375 quaesitum
2953 4279 3166 4353 babet
3209 4290 3275 4346 ex

642 4423 681 4467 ι»
720 4399 1340 4491 praesentatione,
1412 4398 1602 4488 quod
1656 4399 1721 4470 ei
1772 4396 1924 4469 tolli
1979 4416 2120 4469 non
2174 4396 2443 4468 debet:
2504 4415 2645 4487 qua
2698 4392 2904 4490 inIre
2958 4395 3020 4466 si
3073 4388 3276 4464 nulius

642 4532 681 4576 ι»
720 4510 814 4580 sit
865 4510 1340 4582 contradictor
1391 4511 1463 4581 in
1517 4508 1914 4598 beneficio,
1974 4507 2174 4581 nulla
2227 4507 2307 4580 fit
2359 4508 2658 4598 iniuria,
2716 4506 3049 4597 nullique
3101 4497 3282 4575 detri-
3388 4579 3389 4588 Ν

642 4639 683 4684 >
722 4623 1042 4690 mentum
1078 4619 1407 4710 infertur,
1438 4627 1519 4693 ut
1552 4620 1912 4694 disserunt
1941 4618 2195 4694 Garcia
2224 4620 2313 4693 de
2340 4621 2517 4694 Ben.
2542 4641 2623 4714 p.
2649 4618 2720 4693 6.
2746 4617 3008 4716 cap-2.
3043 4635 3117 4691 n.
3147 4608 3281 4690 76„
3388 4621 3389 4672 ³
