3497 5235
595 245 708 310 130
1353 245 1723 306 lunt-notioni·
1764 244 1818 303 8.
1844 244 2028 320 congr.
2057 245 2204 305 00110.
2242 246 2515 321 expositio.

589 380 707 453 hic
761 378 986 472 magis
1038 397 1380 451 amoenus
1431 386 1641 467 esset,
1699 398 1784 450 ac
1836 380 2157 452 meliores
2207 378 2489 454 scholas
2556 397 2837 452 necnon
2888 377 3266 452 ecclesiam

589 492 1039 583 c·illegiatam
1108 490 1405 564 haberet
1435 543 1455 579 ,
1523 497 1816 583 petente
1884 487 2238 582 Episcopo
2309 489 2744 580 Milevitano,
2818 497 3270 565 concesserat

589 601 662 676 S.
706 600 779 675 C.
821 601 1138 674 Concilii.
1197 598 1455 674 Contra
1507 602 1579 674 id
1633 602 1976 675 acerrime
2044 603 2430 675 insurrexit
2478 603 2874 696 capitulum
2926 603 3271 677 ecclesiae

587 714 1048 802 cathedram,
1106 729 1325 804 penes
1376 714 1564 785 hanc
1616 713 2080 786 seminarium
2126 714 2576 787 retinendum
2615 713 2853 786 valide
2890 712 3263 788 insistens,

595 824 681 900 At
726 826 798 899 S.
840 826 913 901 C.
956 828 1183 899 iustas
1220 834 1439 916 atque
1474 826 1887 918 probandas
1924 827 2348 901 existimans
2402 826 2897 901 translationis
2931 834 3272 918 peractae

591 956 871 1027 causas,
930 938 1124 1011 stetit
1178 938 1254 1009 in
1307 937 1557 1044 decisis
1609 943 1675 1010 et
1726 937 2033 1027 amplius
2087 933 2522 1033 (Milevitan.
2564 939 2641 1010 9.
2681 934 2848 1010 Iulii
2907 934 3190 1034 1725.).

743 1050 906 1120 141.
965 1046 1176 1121 Posse
1226 1049 1318 1120 ab
1373 1045 1723 1142 Episcopo
1794 1050 1868 1120 in
1924 1049 2232 1123 dioecesi
2284 1050 2661 1142 collegium
2715 1049 2933 1142 erigi,
2988 1049 3275 1122 etiamsi

591 1162 779 1235 adsit
831 1162 1294 1234 seminarium
1346 1160 1879 1250 dioecesanum,
1920 1170 1990 1236 et
2029 1161 2259 1233 clerus
2295 1178 2380 1233 ac
2416 1162 2881 1252 municipium
2926 1160 3271 1249 civitatiS,

592 1273 721 1347 ubi
773 1273 909 1344 boc
959 1273 1177 1344 situm
1214 1279 1348 1358 est,
1407 1271 1575 1345 totis
1627 1271 1899 1344 viribus
1933 1273 2210 1363 collegii
2246 1272 2588 1346 erectioni
2625 1272 3010 1364 obsistant,
3050 1269 3278 1362 idque

591 1401 675 1456 eo
729 1384 982 1475 magis,
1039 1384 1099 1455 si
1151 1380 1548 1476 Episcopus
1600 1383 2008 1456 dioecesani
2060 1382 2427 1455 seminarii
2477 1382 2697 1471 bona,
2753 1384 2939 1472 iura,
2980 1382 3279 1474 privile-

591 1496 849 1587 giaque
901 1514 1032 1566 500
1083 1494 1369 1567 decreto
1423 1496 1915 1582 reservaverit,
1973 1494 2303 1586 colligere
2353 1502 2425 1568 te
2476 1512 2687 1586 posse
2738 1495 3145 1568 existimem
3181 1513 3273 1567 ex

588 1608 1001 1698 nuperrima
1053 1625 1271 1679 causa
1325 1624 1545 1697 penes
1598 1604 1670 1677 S.
1726 1603 1802 1677 C.
1852 1603 2065 1679 Conc.
2124 1605 2197 1678 in
2255 1607 2555 1680 Sutrino
2608 1607 2729 1678 22.
2785 1602 2963 1679 Nov.
3012 1605 3269 1696 1823..

592 1721 667 1792 in
720 1738 864 1809 qua
917 1736 1127 1791 casus
1188 1718 1516 1789 videlicet
1582 1718 1800 1789 huius
1854 1718 2131 1810 generis
2185 1717 2564 1810 agebatur,
2621 1718 2696 1790 in
2749 1733 3054 1807 eamque
3106 1735 3278 1790 sen-

592 1834 892 1906 tentiam
947 1852 988 1903 a
1040 1848 1242 1903 sacro
1293 1826 1560 1901 Ordine
1610 1828 1952 1902 definitus
2004 1827 2167 1901 fuit.
2224 1825 2425 1901 Facit
2476 1827 2620 1901 huc
2670 1829 2890 1902 etiam
2932 1827 3035 1916 id,
3078 1829 3279 1932 quod

593 1943 684 2016 de
720 1940 1025 2035 Collegio
1062 1940 1135 2013 S.
1173 1937 1413 2014 Iacobi
1450 1941 1537 2013 de
1575 1937 1770 2011 Chile
1807 1941 2060 2013 statuit
2097 1942 2169 2011 S.
2204 1936 2278 2010 C.
2311 1936 2446 2030 Ep.
2481 1947 2552 2012 et
2586 1937 2766 2031 Reg.
2810 1957 3001 2011 anno
3044 1935 3269 2012 1840.

593 2054 790 2146 apud
825 2051 1210 2127 Collectan.
1253 2049 1559 2122 Bizzarri
1611 2049 1815 2144 (paq.
1856 2049 2028 2123 585.
2030 2046 2101 2148 ).
2141 2047 2300 2123 Non
2336 2056 2570 2142 potest
2607 2047 3006 2144 Episcopus
3041 2048 3276 2124 Semi-

594 2167 876 2239 narium
931 2166 1419 2256 supprimere,
1474 2168 1546 2234 et
1595 2162 1830 2234 eidem
1881 2162 2201 2235 scholam
2250 2180 2624 2255 surrogare
2690 2163 2846 2234 sine
2909 2178 3275 2235 consensu

595 2278 1126 2369 deputatorum.
1183 2272 1384 2356 Quod
1436 2292 1595 2346 cum
1648 2274 1932 2347 fecisset
1979 2274 2271 2364 quidam
2309 2271 2728 2366 EpiscopuS,
2767 2290 3097 2347 recursus
3139 2273 3278 2346 ha-

592 2388 790 2460 bitus
824 2395 934 2459 est
972 2386 1062 2459 ad
1099 2387 1171 2457 S.
1205 2383 1279 2458 C.
1313 2383 1386 2458 C.
1427 2386 1728 2457 Sarnen.
1773 2381 2172 2476 (Analecta,
2208 2383 2384 2456 Mar.
2422 2381 2585 2456 Avr.
2618 2384 2833 2457 1867.
2868 2387 3001 2458 001.
3030 2381 3276 2482 612.),

593 2498 722 2570 ubi
776 2500 1035 2571 citatur
1085 2497 1417 2571 resolutio
1472 2498 1544 2569 S.
1587 2494 1660 2568 C.
1702 2493 2120 2588 Episcopor.
2178 2501 2249 2569 et
2300 2492 2592 2588 Regul.,
2634 2496 2827 2585 quod
2863 2514 3008 2569 non
3044 2497 3279 2588 possit

600 2608 1022 2704 Episcopus

833 2807 971 2860 Art.
998 2805 1079 2859 11.
1119 2806 1211 2860 De
1247 2809 1404 2860 taxa
1439 2805 1763 2860 stemmatii
1801 2807 1866 2859 et
1901 2805 2134 2858 unione
2173 2803 2613 2859 beneficiorum
2649 2803 3035 2872 simplicium.
3152 2840 3167 2856 .

725 2984 1151 3050 Summarum.
1209 2985 1359 3047 142.
1413 2983 1500 3045 Ex
1556 2984 1751 3047 Conc.
1789 2979 1963 3047 Trid.
2017 2976 2464 3047 constituenda
2498 2990 2593 3046 051
2624 2977 2958 3067 deputatio
2992 2974 3281 3047 duorum

591 3084 674 3151 de
723 3085 1024 3171 capitulo,
1080 3082 1480 3168 totidemque
1545 3082 1626 3149 de
1689 3084 1890 3159 clero,
1943 3101 2106 3148 unus
2153 3104 2185 3147 a
2234 3083 2539 3169 capitulo,
2592 3082 2751 3147 alter
2796 3081 2872 3147 ab
2919 3080 3277 3168 Episcopo,

591 3188 881 3274 itemque
926 3206 1090 3253 unus
1138 3207 1169 3251 a
1218 3187 1416 3264 clero,
1468 3187 1629 3253 alter
1677 3186 1753 3252 ab
1803 3188 2115 3273 Episcopo
2165 3184 2474 3273 eligendi,
2512 3205 2677 3272 quae
2709 3204 2904 3272 porro
2937 3186 3282 3273 deputatio

592 3292 979 3357 taxationem
1028 3287 1318 3354 conficiat
1366 3309 1397 3353 a
1444 3307 1687 3366 mensa,
1740 3288 2047 3374 capitulo,
2101 3289 2370 3373 aliisque
2418 3285 2772 3365 beneficiis,
2825 3288 3111 3374 locisque
3152 3288 3286 3375 piis

593 3394 780 3459 etiam
830 3392 1145 3478 exemptis
1194 3390 1678 3456 exsolvendam.
1730 3390 2159 3476 Excipiuntur
2207 3389 2473 3478 collegia
2536 3388 2708 3455 iuxta
2772 3388 3059 3455 modum.
3112 3393 3283 3456 Item

590 3493 1028 3561 mendicantes
1088 3503 1155 3558 et
1220 3492 1444 3558 fratres
1506 3495 1570 3559 S.
1625 3493 1870 3558 loannis
1917 3491 2499 3575 Hierosolymitani.
2554 3490 2868 3558 Beneficia
2928 3489 3279 3580 simplicia,

591 3597 786 3663 etiam
832 3596 1053 3662 affecta
1102 3615 1171 3661 ac
1219 3605 1537 3660 reservata
1582 3594 1927 3662 seminario
1976 3596 2143 3661 uniri
2195 3606 2500 3680 possunt3
2551 3612 2670 3659 nec
2716 3593 2873 3659 unio
2904 3592 3139 3659 isthaec
3173 3613 3285 3661 re-

591 3698 827 3765 tardari
875 3709 1110 3785 potest.
1164 3697 1511 3784 Episcopos
1557 3698 1963 3786 negligentes
2009 3697 2077 3763 in
2123 3695 2295 3761 hisce
2355 3695 2785 3762 sanctionibus
2845 3695 3283 3782 exsequendis

595 3819 820 3868 eorum
866 3805 1231 3886 superiores
1277 3799 1509 3865 acriter
1553 3803 1927 3885 corripiant,
1981 3810 2045 3865 et
2090 3799 2165 3866 ad
2214 3798 2541 3885 praedicta
2588 3808 2841 3886 cogant.
2870 3833 2913 3847 -
2948 3802 3098 3864 143.
3138 3800 3280 3865 Tri-

595 3903 935 3970 dentinum
985 3906 1181 3968 Cone.
1217 3902 1573 3967 sanctiones
1606 3902 1688 3969 de
1722 3914 1861 3968 taxa
1891 3900 2218 3967 seminarii
2254 3912 2320 3967 et
2352 3900 2591 3967 unione
2624 3900 3088 3967 beneficiorum
3118 3902 3281 3968 sim-

595 4005 880 4090 plicium⁴
913 4002 1311 4069 confirmavit
1356 4004 1597 4070 Bened.
1651 4007 1809 4069 XlIl.
1860 4023 1969 4069 sua
2020 4003 2298 4069 Constit.
2340 4003 2634 4068 creditae
2680 4003 2879 4070 nobis.
2907 4039 2948 4051 -
2987 4006 3139 4070 144.
3178 4006 3284 4070 10-

592 4107 861 4173 structio
908 4125 1027 4192 pro
1077 4105 1480 4171 coniectione
1543 4116 1721 4172 taxae
1770 4105 2223 4172 constitutioni
2283 4103 2499 4171 addita
2545 4106 3042 4173 resolutionibus
3090 4110 3158 4173 S.
3199 4110 3274 4174 C.

593 4208 918 4287 innititur,
948 4208 1238 4292 adeoque
1272 4219 1540 4294 propter
1570 4207 1756 4274 hasce
1785 4209 1859 4273 ab
1888 4208 2214 4294 Episcopis
2248 4210 2441 4275 totius
2475 4207 2765 4274 catholici
2803 4207 2974 4275 orbis
2997 4208 3286 4295 perinde

595 4311 983 4377 attendenda
1033 4323 1148 4389 est,
1202 4331 1269 4376 ac
1317 4310 1472 4376 aliae
1520 4314 1583 4378 S.
1626 4314 1695 4377 C.
1755 4312 2212 4389 resolutionem
2265 4331 2297 4376 a
2344 4310 2598 4388 ceteris,
2636 4330 2799 4397 quae
2849 4316 2913 4380 S.
2954 4314 3025 4378 C.
3064 4312 3285 4380 decla·

492 4440 495 4444 “
593 4412 944 4480 rationibus
994 4414 1207 4481 innixa
1257 4433 1388 4480 non
1432 4426 1606 4492 sunt,
1675 4426 1852 4480 extra
1902 4414 2136 4480 ltaliam
2186 4425 2253 4481 et
2298 4414 2526 4481 insulas
2572 4413 2932 4481 adiacentes
2978 4434 3282 4483 normam

594 4515 818 4581 saltem
863 4537 1117 4584 sumere
1168 4518 1253 4584 fas
1301 4529 1421 4585 est.
1472 4555 1514 4566 -
1567 4521 1718 4584 145.
1771 4519 1978 4605 Super
2037 4529 2175 4584 taxa
2224 4516 2400 4584 adest
2448 4516 2990 4584 consultissimum
3049 4530 3287 4587 votum

594 4618 663 4685 in
698 4619 965 4687 Massen.
1019 4620 1190 4711 apud
1237 4624 1301 4689 S.
1343 4624 1410 4689 C.
1455 4623 1651 4690 Gonc.
1687 4656 1730 4672 -
1768 4625 1920 4688 146.
1959 4621 2136 4688 Circa
2168 4619 2635 4689 beneficiorum
2669 4621 2980 4690 unionem
3010 4621 3288 4691 affertur
