3497 5235
608 252 724 319 449
1368 251 1736 335 Inductionin
1774 250 1827 311 8.
1855 251 2038 327 Gongr.
2066 250 2213 311 ῦοιο.
2252 249 2521 331 expositio.

614 415 651 458 ⁷>
690 394 935 481 partes
969 387 1362 478 explendas
1398 387 1490 459 ab
1528 386 2076 480 Archiepiscopo
2112 387 2287 460 iuris
2319 388 2654 460 remediis
2690 386 3045 480 cogendos
3082 404 3264 458 esse.

616 527 653 569 ›
695 499 767 572 Si
821 518 986 573 vero
1040 499 1342 571 aliorum
1395 518 1527 592 ope
1580 502 1684 572 uti
1722 499 2063 590 debeant,
2103 500 2342 592 potius
2378 517 2594 592 quam
2632 499 2834 587 alios,
2874 497 3276 571 adhibeant

617 638 655 681 »
695 611 942 685 Patres
995 610 1151 685 Soc.
1209 609 1401 685 Iesu.
1439 638 1478 681 s

756 725 925 796 339.
981 720 1192 796 Nullo
1261 731 1577 817 tempore
1644 725 1957 819 parocho
2026 743 2280 798 vacare
2340 725 2506 800 licet
2558 746 2602 798 a
2655 724 3023 798 doctrinae
3094 723 3286 798 chri-

610 838 889 910 stianae
962 836 1466 928 explanatione
1536 855 1990 930 quocumque
2043 843 2420 931 praetextu
2491 838 2638 910 sive
2692 835 3284 923 consuetudinis,

612 951 761 1022 sive
796 950 1373 1042 occupationum,
1417 968 1604 1039 quae
1640 950 1985 1043 populum
2021 949 2114 1022 ab
2152 951 2450 1023 ecclesia
2487 951 2907 1024 distineant.
2949 947 3285 1040 Namque

612 1062 688 1134 in
739 1063 1062 1134 Hortana
1117 1063 1187 1133 8.
1264 1079 1348 1134 ac
1404 1062 1521 1133 19.
1580 1060 1760 1155 Aug.
1826 1064 2038 1135 1744.
2114 1065 2344 1155 posito
2409 1065 2480 1136 5.
2537 1063 2803 1136 dubio:
2881 1061 3065 1134 «An
3136 1080 3287 1134 ser-

615 1199 653 1245 »
694 1173 930 1246 vanda
966 1174 1057 1245 sit
1093 1174 1539 1247 consuetudo
1568 1175 2086 1248 intermittendi
2115 1175 2511 1248 doctrinam
2540 1175 3005 1249 christianam
3036 1192 3285 1247 mense

616 1311 654 1357 ι
693 1283 1022 1359 Octobris
1074 1292 1146 1358 et
1197 1304 1440 1360 mense
1493 1283 1906 1361 Decembris
1957 1306 2186 1379 usque
2240 1288 2334 1360 ad
2392 1289 2506 1359 13.
2563 1284 2858 1360 Ianuar.
2888 1339 2908 1376 ,
2975 1286 3284 1375 aliisque

616 1425 653 1470 ›
693 1399 951 1473 diebus
987 1399 1351 1491 impeditis
1389 1401 1459 1471 in
1501 1394 1710 1472 casui
1745 1426 1783 1466 ι
1841 1402 1912 1472 S.
1946 1397 2021 1472 C.
2064 1400 2463 1493 rescripsit:
2511 1424 2548 1467 «ι
2578 1397 2949 1492 Negative.
2986 1424 3024 1465 »
3068 1396 3283 1470 Porro

612 1512 996 1604 parochuS,
1036 1518 1320 1606 praeter
1355 1512 1976 1602 consuetudinem,
2017 1531 2273 1585 causas
2308 1514 2526 1586 etiam
2562 1511 2926 1605 allegabat
2962 1510 3279 1602 aucupii,

614 1623 1165 1713 vindemiarum,
1223 1624 1765 1696 rusticationum
1823 1632 1893 1697 et
1943 1623 2313 1697 brevitatis
2367 1625 2690 1713 dierum,
2755 1628 3052 1717 propter
3104 1640 3281 1713 quas

616 1735 864 1808 fideles
914 1736 1008 1808 ad
1058 1734 1490 1808 audiendam
1545 1736 1939 1809 doctrinam
1979 1757 2121 1809 non
2160 1738 2626 1827 accedebant,
2683 1739 2945 1830 etipse
2981 1736 3281 1830 singulis

619 1867 764 1920 uno
820 1854 1136 1940 tempore
1189 1848 1544 1921 obeundis
1595 1851 2132 1944 parochialibus
2183 1853 2602 1926 muneribus
2637 1855 2868 1945 impar
2901 1851 3278 1925 evadebat.

767 1960 937 2033 340.
996 1958 1279 2052 Ubique
1333 1960 1478 2035 iere
1533 1962 1651 2054 pia
1704 1963 2051 2037 sodalitas
2104 1964 2433 2038 instituta
2485 1967 2865 2058 reperitur,
2923 1983 3118 2055 quae
3170 1982 3284 2035 no·

619 2091 782 2146 men
835 2073 1057 2147 habet
1110 2095 1151 2146 a
1205 2074 1527 2148 doctrina
1583 2075 1999 2166 christiana,
2041 2079 2244 2150 cuius
2296 2098 2559 2152 munus
2594 2086 2703 2153 est
2748 2078 3074 2153 eiusdem
3113 2076 3284 2150 chri-

619 2187 897 2260 stianae
950 2186 1315 2260 doctrinae
1368 2188 1888 2279 institutionem
1961 2196 2032 2263 et
2102 2192 2690 2282 propagationem
2743 2209 2995 2263 curare
3059 2209 3145 2262 ac
3193 2188 3284 2260 fo-

621 2317 812 2371 vere.
869 2296 963 2371 Ut
1013 2298 1232 2390 igitur
1280 2298 1744 2371 christianam
1798 2300 2192 2373 doctrinam
2265 2303 2646 2377 edocentes
2698 2309 2771 2375 et
2838 2302 3282 2385 addiscentes

624 2412 849 2502 magis
902 2413 1272 2512 magisque
1325 2413 1402 2483 in
1455 2412 1588 2483 hoc
1640 2431 1855 2505 opere
1908 2414 2295 2487 excolendo
2349 2414 2783 2502 alliciantur,
2824 2414 3278 2486 utilissimum

623 2529 811 2594 certe
864 2521 1104 2610 suerit,
1164 2523 1223 2594 si
1273 2520 1607 2616 Episcopi
1648 2523 1897 2597 iisdem
1935 2544 2329 2617 proponere
2367 2545 2514 2598 non
2551 2527 2887 2598 omittant
2922 2541 3279 2597 sacrarum

625 2634 1233 2728 indulgentiarum
1288 2640 1603 2728 praemia
1656 2657 1697 2710 a
1751 2634 2064 2711 Summis
2114 2635 2581 2713 Pontificibus
2629 2639 2820 2711 banc
2871 2640 2947 2710 in
2998 2654 3281 2712 causam

624 2749 1013 2840 impertita.
1075 2745 1461 2822 Recordari
1513 2751 1711 2824 iuvat
1762 2749 1979 2825 Clem.
2037 2748 2255 2841 XII.‚
2322 2753 2444 2843 qui
2498 2753 2613 2824 die
2671 2752 2786 2823 16.
2843 2747 3015 2823 Maii
3078 2749 3278 2822 1736.

626 2861 968 2952 elargitus
1022 2865 1131 2932 est
1180 2868 1458 2954 septem
1510 2882 1735 2935 annos
1806 2881 1968 2936 cum
2022 2864 2316 2936 totidem
2380 2864 2860 2957 quadragenis
2913 2862 3284 2956 indulgen-

627 2973 935 3062 tiarum,
994 2993 1077 3047 ac
1127 2983 1496 3066 praeterea
1549 2981 1694 3048 tres
1760 2978 2125 3072 plenarias
2175 2976 2662 3070 indulgentias
2731 2975 3058 3066 quolibet
3110 2992 3287 3047 anno

626 3102 754 3177 pro
805 3085 936 3175 iis,
1013 3087 1137 3175 qui
1198 3084 1676 3161 Confessionis
1745 3087 2204 3162 Sacramento
2273 3090 2541 3181 expiati
2610 3098 2680 3163 et
2752 3107 2955 3161 sacra
3030 3084 3284 3178 Synaxi

627 3196 876 3270 resecti
929 3197 1194 3270 fuerint
1244 3197 1502 3272 diebus
1557 3201 1751 3273 SSu‘ii
1806 3197 2080 3273 Natalis
2132 3199 2216 3272 D.
2274 3197 2395 3290 N.‚
2452 3201 2567 3274 die
2618 3199 2991 3280 Paschatis
3030 3196 3289 3271 Resur-

632 3309 995 3398 rectioniS‚
1051 3317 1119 3382 et
1175 3308 1373 3382 lestis
1427 3311 1682 3384 diebus
1733 3310 1854 3385 SS.
1922 3311 2162 3404 Apost.
2222 3310 2411 3385 Petri
2467 3321 2535 3386 et
2587 3311 2816 3387 Pauli.

775 3419 1003 3513 Super
1036 3421 1171 3495 boc
1206 3430 1625 3516 argumento
1662 3425 2080 3497 consulatur
2110 3423 2424 3498 Ferraris
2469 3425 2686 3498 verbo
2717 3425 3077 3510 Doctrina¹
3107 3423 3293 3497 Chri-

634 3534 876 3607 stiana
927 3541 999 3606 et
1049 3531 1320 3609 Bened.
1379 3532 1570 3607 XIV.
1630 3538 1808 3611 Inst.
1865 3537 2032 3610 eccl.
2092 3538 2162 3612 9.

782 3724 820 3769 α
858 3698 989 3774 xl.
1047 3701 1155 3774 An
1205 3703 1467 3796 singuli
1535 3702 1827 3795 parochi
1898 3703 2257 3793 ceterique
2311 3720 2554 3774 curam
2624 3701 3030 3775 animarum
3098 3716 3291 3771 exer-

636 3841 678 3884 »
718 3820 959 3888 centes
1012 3816 1313 3907 singulis
1364 3813 1751 3887 Dominicis
1802 3813 2147 3905 festisque
2184 3813 2273 3887 de
2324 3807 2705 3906 praecepto
2740 3810 3031 3886 Missam
3065 3810 3287 3903 appli-

639 3952 678 3995 »
717 3933 880 4001 cent
931 3945 1057 4019 pro
1109 3927 1373 4021 populo
1425 3945 1669 3999 eorum
1722 3945 1936 3999 curae
2002 3927 2480 3999 commisso.»

631 4177 634 4180 ,
753 4098 1195 4180 Summanum.
1247 4094 1401 4157 341.
1454 4094 1521 4156 ln
1572 4088 2006 4157 examinandis
2054 4089 2515 4175 Episcoporum
2568 4088 2983 4154 relationibus
3019 4047 3293 4171 semper,

635 4207 699 4264 et
761 4215 930 4262 nunc
991 4193 1373 4282 praesertim
1422 4197 1487 4262 S.
1529 4196 1597 4260 C.
1640 4196 1835 4260 Conc.
1891 4191 1972 4257 de
2022 4193 2237 4258 Missae
2285 4211 2404 4279 pro
2452 4193 2699 4279 populo
2761 4190 3142 4278 obligatione
3192 4186 3295 4251 ad·

636 4298 961 4387 implenda
995 4317 1209 4364 curam
1244 4297 1534 4364 habet.-
1571 4299 1722 4362 342.
1764 4295 2113 4362 Praesentis
2146 4295 2517 4382 disciplinae
2550 4293 2708 4362 ratio
2742 4291 3159 4381 expendenda
3204 4273 3302 4354 su·

638 4404 859 4480 mitur,
911 4411 976 4467 et
1024 4404 1088 4467 in
1135 4402 1316 4486 plura
1367 4399 1567 4486 capita
1615 4398 1770 4466 haec
1819 4401 2079 4465 materia
2130 4399 2533 4489 dispescitur.

785 4562 953 4633 341.
1011 4556 1208 4633 Inter
1258 4559 1685 4654 praecipuas
1736 4574 1942 4631 curas
1993 4575 2035 4627 a
2069 4552 2142 4628 S.
2184 4551 2405 4647 Cong.
2447 4552 2660 4630 Conc.
2703 4555 3020 4647 impendi
3054 4550 3301 4624 solitas

642 4675 716 4746 in
768 4671 1264 4745 examinandis
1331 4669 1843 4765 Episcoporum
1918 4667 2433 4759 relationibuS‚
2507 4669 2689 4744 baec
2753 4687 2900 4743 non
2970 4665 3299 4740 ultimum
