<?xml version="1.0" encoding="UTF-8"?>
<!DOCTYPE html PUBLIC "-//W3C//DTD XHTML 1.0 Transitional//EN"
    "http://www.w3.org/TR/xhtml1/DTD/xhtml1-transitional.dtd">
<html xmlns="http://www.w3.org/1999/xhtml" xml:lang="en" lang="en">
 <head>
  <title>
</title>
<meta http-equiv="Content-Type" content="text/html;charset=utf-8" />
  <meta name='ocr-system' content='tesseract 3.04.00' />
  <meta name='ocr-capabilities' content='ocr_page ocr_carea ocr_par ocr_line ocrx_word'/>
</head>
<body>
  <div class='ocr_page' id='page_1' title='image "./devisitationesa00popegoog_0446.png"; bbox 0 0 3497 5235; ppageno 0'>
   <div class='ocr_carea' id='block_1_1' title="bbox 554 287 2486 375">
    <p class='ocr_par' dir='ltr' id='par_1_1' title="bbox 554 287 2486 375">
     <span class='ocr_line' id='line_1_1' title="bbox 554 287 2486 375; baseline 0.001 -21"><span class='ocrx_word' id='word_1_1' title='bbox 554 287 680 354; x_wconf 72' lang='lat'>406</span> <span class='ocrx_word' id='word_1_2' title='bbox 1318 296 1690 358; x_wconf 64' lang='lat' dir='ltr'>tumeam</span> <span class='ocrx_word' id='word_1_3' title='bbox 1729 299 1785 359; x_wconf 79' lang='lat' dir='ltr'>s.</span> <span class='ocrx_word' id='word_1_4' title='bbox 1812 299 1996 375; x_wconf 67' lang='lat' dir='ltr'>congr.</span> <span class='ocrx_word' id='word_1_5' title='bbox 2023 299 2172 358; x_wconf 72' lang='lat' dir='ltr'>om</span> <span class='ocrx_word' id='word_1_6' title='bbox 2210 295 2486 373; x_wconf 66' lang='lat' dir='ltr'>apo-itio:</span> 
     </span>
    </p>
   </div>
   <div class='ocr_carea' id='block_1_2' title="bbox 557 431 3297 4782">
    <p class='ocr_par' dir='ltr' id='par_1_2' title="bbox 557 431 3241 952">
     <span class='ocr_line' id='line_1_2' title="bbox 708 431 3241 529; baseline -0 -26"><span class='ocrx_word' id='word_1_7' title='bbox 708 432 880 505; x_wconf 84' lang='grc'><strong>261.</strong></span> <span class='ocrx_word' id='word_1_8' title='bbox 940 431 1323 508; x_wconf 88' lang='lat' dir='ltr'>Coadiutor</span> <span class='ocrx_word' id='word_1_9' title='bbox 1373 436 1682 526; x_wconf 83' lang='lat' dir='ltr'>parocho</span> <span class='ocrx_word' id='word_1_10' title='bbox 1736 443 2046 529; x_wconf 87' lang='lat' dir='ltr'>quatuor</span> <span class='ocrx_word' id='word_1_11' title='bbox 2094 436 2186 510; x_wconf 89' lang='lat' dir='ltr'>de</span> <span class='ocrx_word' id='word_1_12' title='bbox 2236 435 2474 510; x_wconf 86' lang='lat' dir='ltr'>causis</span> <span class='ocrx_word' id='word_1_13' title='bbox 2525 433 2878 507; x_wconf 88' lang='lat' dir='ltr'>ordinarie</span> <span class='ocrx_word' id='word_1_14' title='bbox 2913 432 3241 524; x_wconf 82' lang='lat' dir='ltr'>assigna-</span> 
     </span>
     <span class='ocr_line' id='line_1_3' title="bbox 557 544 3241 641; baseline -0.001 -24"><span class='ocrx_word' id='word_1_15' title='bbox 557 547 718 633; x_wconf 83' lang='lat' dir='ltr'>tur3</span> <span class='ocrx_word' id='word_1_16' title='bbox 767 544 1006 636; x_wconf 83' lang='lat' dir='ltr'>primo</span> <span class='ocrx_word' id='word_1_17' title='bbox 1060 548 1228 636; x_wconf 88' lang='lat' dir='ltr'>quia</span> <span class='ocrx_word' id='word_1_18' title='bbox 1279 565 1699 638; x_wconf 78' lang='lat' dir='ltr'>suspensuS,</span> <span class='ocrx_word' id='word_1_19' title='bbox 1759 550 2060 624; x_wconf 82' lang='lat' dir='ltr'>secundo</span> <span class='ocrx_word' id='word_1_20' title='bbox 2113 549 2281 641; x_wconf 88' lang='lat' dir='ltr'>quia</span> <span class='ocrx_word' id='word_1_21' title='bbox 2334 565 2623 638; x_wconf 87' lang='lat' dir='ltr'>corpore</span> <span class='ocrx_word' id='word_1_22' title='bbox 2676 552 2798 619; x_wconf 90' lang='lat' dir='ltr'>aut</span> <span class='ocrx_word' id='word_1_23' title='bbox 2845 550 3087 617; x_wconf 89' lang='lat' dir='ltr'>mente</span> <span class='ocrx_word' id='word_1_24' title='bbox 3135 546 3241 615; x_wconf 91' lang='lat' dir='ltr'>in-</span> 
     </span>
     <span class='ocr_line' id='line_1_4' title="bbox 560 653 3240 752; baseline 0.001 -25"><span class='ocrx_word' id='word_1_25' title='bbox 560 653 853 744; x_wconf 79' lang='lat' dir='ltr'>firmuS,</span> <span class='ocrx_word' id='word_1_26' title='bbox 912 657 1117 728; x_wconf 83' lang='lat' dir='ltr'>tertio</span> <span class='ocrx_word' id='word_1_27' title='bbox 1170 660 1339 748; x_wconf 88' lang='lat' dir='ltr'>quia</span> <span class='ocrx_word' id='word_1_28' title='bbox 1391 658 1773 734; x_wconf 82' lang='lat' dir='ltr'><strong>illiteratus</strong></span> <span class='ocrx_word' id='word_1_29' title='bbox 1826 667 1951 734; x_wconf 87' lang='lat' dir='ltr'>aut</span> <span class='ocrx_word' id='word_1_30' title='bbox 2004 662 2419 752; x_wconf 80' lang='lat' dir='ltr'>imperituS,</span> <span class='ocrx_word' id='word_1_31' title='bbox 2484 665 2739 751; x_wconf 81' lang='lat' dir='ltr'>quarto</span> <span class='ocrx_word' id='word_1_32' title='bbox 2788 658 2956 749; x_wconf 86' lang='lat' dir='ltr'>quia</span> <span class='ocrx_word' id='word_1_33' title='bbox 3009 657 3240 747; x_wconf 84' lang='lat' dir='ltr'>impar</span> 
     </span>
     <span class='ocr_line' id='line_1_5' title="bbox 564 765 3241 864; baseline 0 -25"><span class='ocrx_word' id='word_1_34' title='bbox 564 765 1049 840; x_wconf 86' lang='lat' dir='ltr'>Sacramentis</span> <span class='ocrx_word' id='word_1_35' title='bbox 1100 769 1692 845; x_wconf 83' lang='lat' dir='ltr'>administrandis</span> <span class='ocrx_word' id='word_1_36' title='bbox 1741 771 1835 845; x_wconf 91' lang='lat' dir='ltr'>ob</span> <span class='ocrx_word' id='word_1_37' title='bbox 1889 780 2176 846; x_wconf 90' lang='lat' dir='ltr'>auctum</span> <span class='ocrx_word' id='word_1_38' title='bbox 2229 772 2829 864; x_wconf 87' lang='lat' dir='ltr'>parochianorum</span> <span class='ocrx_word' id='word_1_39' title='bbox 2863 787 3241 841; x_wconf 91' lang='lat' dir='ltr'>numerum</span> 
     </span>
     <span class='ocr_line' id='line_1_6' title="bbox 567 877 1048 952; baseline -0.002 0"><span class='ocrx_word' id='word_1_40' title='bbox 567 877 860 952; x_wconf 80' lang='lat' dir='ltr'>effectus</span> <span class='ocrx_word' id='word_1_41' title='bbox 912 887 1048 951; x_wconf 90' lang='lat' dir='ltr'>est.</span> 
     </span>
    </p>

    <p class='ocr_par' dir='ltr' id='par_1_3' title="bbox 567 987 3259 2420">
     <span class='ocr_line' id='line_1_7' title="bbox 715 987 3240 1087; baseline 0 -25"><span class='ocrx_word' id='word_1_42' title='bbox 715 990 884 1062; x_wconf 88' lang='grc'><strong>262.</strong></span> <span class='ocrx_word' id='word_1_43' title='bbox 941 987 1175 1063; x_wconf 90' lang='lat' dir='ltr'>Primo</span> <span class='ocrx_word' id='word_1_44' title='bbox 1230 994 1520 1082; x_wconf 86' lang='lat' dir='ltr'>quidem</span> <span class='ocrx_word' id='word_1_45' title='bbox 1573 1013 1869 1087; x_wconf 84' lang='lat' dir='ltr'>agemus</span> <span class='ocrx_word' id='word_1_46' title='bbox 1929 995 2019 1068; x_wconf 91' lang='lat' dir='ltr'>de</span> <span class='ocrx_word' id='word_1_47' title='bbox 2070 996 2589 1087; x_wconf 91' lang='lat' dir='ltr'>suspensione;</span> <span class='ocrx_word' id='word_1_48' title='bbox 2656 1012 2842 1084; x_wconf 87' lang='lat' dir='ltr'>quae</span> <span class='ocrx_word' id='word_1_49' title='bbox 2896 992 3240 1081; x_wconf 87' lang='lat' dir='ltr'>materia,</span> 
     </span>
     <span class='ocr_line' id='line_1_8' title="bbox 569 1101 3247 1198; baseline 0 -24"><span class='ocrx_word' id='word_1_50' title='bbox 569 1101 908 1195; x_wconf 89' lang='lat' dir='ltr'>quoniam</span> <span class='ocrx_word' id='word_1_51' title='bbox 956 1103 1152 1175; x_wconf 89' lang='lat' dir='ltr'>haud</span> <span class='ocrx_word' id='word_1_52' title='bbox 1191 1104 1680 1196; x_wconf 82' lang='lat' dir='ltr'>infrequenter</span> <span class='ocrx_word' id='word_1_53' title='bbox 1716 1108 1789 1178; x_wconf 90' lang='lat' dir='ltr'>in</span> <span class='ocrx_word' id='word_1_54' title='bbox 1825 1127 2036 1181; x_wconf 90' lang='lat' dir='ltr'>usum</span> <span class='ocrx_word' id='word_1_55' title='bbox 2071 1108 2403 1195; x_wconf 88' lang='lat' dir='ltr'>occurrit,</span> <span class='ocrx_word' id='word_1_56' title='bbox 2443 1107 2658 1198; x_wconf 88' lang='lat' dir='ltr'>paulo</span> <span class='ocrx_word' id='word_1_57' title='bbox 2694 1105 2923 1177; x_wconf 80' lang='lat' dir='ltr'>fusius</span> <span class='ocrx_word' id='word_1_58' title='bbox 2956 1125 2998 1177; x_wconf 90' lang='lat' dir='ltr'>a</span> <span class='ocrx_word' id='word_1_59' title='bbox 3038 1104 3247 1177; x_wconf 87' lang='lat' dir='ltr'>nobis</span> 
     </span>
     <span class='ocr_line' id='line_1_9' title="bbox 567 1200 3244 1311; baseline 0.001 -28"><span class='ocrx_word' id='word_1_60' title='bbox 567 1200 992 1302; x_wconf 77' lang='lat' dir='ltr'>exponetur.</span> <span class='ocrx_word' id='word_1_61' title='bbox 1057 1213 1158 1285; x_wconf 78' lang='lat' dir='ltr'>Ad</span> <span class='ocrx_word' id='word_1_62' title='bbox 1212 1234 1358 1287; x_wconf 89' lang='lat' dir='ltr'>rem</span> <span class='ocrx_word' id='word_1_63' title='bbox 1413 1217 1573 1290; x_wconf 88' lang='lat' dir='ltr'>Sac.</span> <span class='ocrx_word' id='word_1_64' title='bbox 1615 1216 1872 1311; x_wconf 84' lang='lat' dir='ltr'>Congr.</span> <span class='ocrx_word' id='word_1_65' title='bbox 1930 1216 2143 1291; x_wconf 88' lang='lat' dir='ltr'>Conc.</span> <span class='ocrx_word' id='word_1_66' title='bbox 2202 1219 2277 1290; x_wconf 92' lang='lat' dir='ltr'>in</span> <span class='ocrx_word' id='word_1_67' title='bbox 2330 1219 2714 1291; x_wconf 82' lang='lat' dir='ltr'>Lucionen.</span> <span class='ocrx_word' id='word_1_68' title='bbox 2771 1216 3244 1306; x_wconf 89' lang='lat' dir='ltr'>Suspension.</span> 
     </span>
     <span class='ocr_line' id='line_1_10' title="bbox 567 1321 3257 1421; baseline 0.002 -28"><span class='ocrx_word' id='word_1_69' title='bbox 567 1322 643 1393; x_wconf 88' lang='lat'>8.</span> <span class='ocrx_word' id='word_1_70' title='bbox 691 1321 944 1415; x_wconf 81' lang='lat' dir='ltr'>Aprilis</span> <span class='ocrx_word' id='word_1_71' title='bbox 995 1323 1211 1395; x_wconf 77' lang='lat'><strong>1848.</strong></span> <span class='ocrx_word' id='word_1_72' title='bbox 1266 1323 1339 1421; x_wconf 62' lang='grc' dir='ltr'>ξ.</span> <span class='ocrx_word' id='word_1_73' title='bbox 1382 1328 1512 1400; x_wconf 78' lang='lat' dir='ltr'>Hic</span> <span class='ocrx_word' id='word_1_74' title='bbox 1564 1337 1950 1419; x_wconf 80' lang='lat' dir='ltr'>opportune</span> <span class='ocrx_word' id='word_1_75' title='bbox 2001 1330 2253 1403; x_wconf 86' lang='lat' dir='ltr'>docet:</span> <span class='ocrx_word' id='word_1_76' title='bbox 2330 1352 2369 1394; x_wconf 65' lang='grc' dir='ltr'>ι</span> <span class='ocrx_word' id='word_1_77' title='bbox 2407 1326 2542 1401; x_wconf 85' lang='lat' dir='ltr'>Hic</span> <span class='ocrx_word' id='word_1_78' title='bbox 2590 1334 2990 1420; x_wconf 89' lang='lat' dir='ltr'>opportune</span> <span class='ocrx_word' id='word_1_79' title='bbox 3044 1345 3257 1417; x_wconf 88' lang='lat' dir='ltr'>prae·</span> 
     </span>
     <span class='ocr_line' id='line_1_11' title="bbox 569 1434 3254 1531; baseline 0.002 -26"><span class='ocrx_word' id='word_1_80' title='bbox 569 1457 611 1505; x_wconf 82' lang='lat'>›</span> <span class='ocrx_word' id='word_1_81' title='bbox 652 1434 1080 1507; x_wconf 89' lang='lat' dir='ltr'>mittendum</span> <span class='ocrx_word' id='word_1_82' title='bbox 1132 1437 1558 1528; x_wconf 78' lang='lat' dir='ltr'>iudicamuS,</span> <span class='ocrx_word' id='word_1_83' title='bbox 1615 1442 1805 1514; x_wconf 90' lang='lat' dir='ltr'>inter</span> <span class='ocrx_word' id='word_1_84' title='bbox 1856 1441 2035 1514; x_wconf 82' lang='lat' dir='ltr'>alias</span> <span class='ocrx_word' id='word_1_85' title='bbox 2086 1442 2576 1531; x_wconf 84' lang='lat' dir='ltr'>suspensionis</span> <span class='ocrx_word' id='word_1_86' title='bbox 2627 1440 3054 1526; x_wconf 76' lang='lat' dir='ltr'>divisioneS,</span> <span class='ocrx_word' id='word_1_87' title='bbox 3094 1458 3254 1512; x_wconf 84' lang='lat' dir='ltr'>eam</span> 
     </span>
     <span class='ocr_line' id='line_1_12' title="bbox 573 1548 3259 1644; baseline 0.001 -27"><span class='ocrx_word' id='word_1_88' title='bbox 573 1569 613 1616; x_wconf 80' lang='lat'>›</span> <span class='ocrx_word' id='word_1_89' title='bbox 653 1548 1123 1620; x_wconf 86' lang='lat' dir='ltr'>communiter</span> <span class='ocrx_word' id='word_1_90' title='bbox 1157 1568 1199 1620; x_wconf 93' lang='lat' dir='ltr'>a</span> <span class='ocrx_word' id='word_1_91' title='bbox 1235 1548 1647 1625; x_wconf 85' lang='lat' dir='ltr'>doctoribus</span> <span class='ocrx_word' id='word_1_92' title='bbox 1699 1554 2077 1642; x_wconf 79' lang='lat' dir='ltr'>recenseri,</span> <span class='ocrx_word' id='word_1_93' title='bbox 2118 1572 2263 1644; x_wconf 89' lang='lat' dir='ltr'>qua</span> <span class='ocrx_word' id='word_1_94' title='bbox 2315 1551 2690 1642; x_wconf 88' lang='lat' dir='ltr'>suspensio</span> <span class='ocrx_word' id='word_1_95' title='bbox 2742 1552 2895 1642; x_wconf 89' lang='lat' dir='ltr'>ipsa</span> <span class='ocrx_word' id='word_1_96' title='bbox 2934 1551 3048 1623; x_wconf 81' lang='lat' dir='ltr'>vel</span> <span class='ocrx_word' id='word_1_97' title='bbox 3086 1569 3259 1622; x_wconf 87' lang='lat' dir='ltr'>con·</span> 
     </span>
     <span class='ocr_line' id='line_1_13' title="bbox 572 1657 3252 1755; baseline 0.003 -28"><span class='ocrx_word' id='word_1_98' title='bbox 572 1680 612 1727; x_wconf 80' lang='lat'><strong>»</strong></span> <span class='ocrx_word' id='word_1_99' title='bbox 653 1657 1012 1730; x_wconf 89' lang='lat' dir='ltr'>sideratur</span> <span class='ocrx_word' id='word_1_100' title='bbox 1061 1666 1141 1731; x_wconf 90' lang='lat' dir='ltr'>ut</span> <span class='ocrx_word' id='word_1_101' title='bbox 1194 1678 1387 1734; x_wconf 88' lang='lat' dir='ltr'>mera</span> <span class='ocrx_word' id='word_1_102' title='bbox 1438 1682 1707 1755; x_wconf 88' lang='lat' dir='ltr'>poena,</span> <span class='ocrx_word' id='word_1_103' title='bbox 1767 1665 1878 1736; x_wconf 78' lang='lat' dir='ltr'>vel</span> <span class='ocrx_word' id='word_1_104' title='bbox 1932 1673 2011 1739; x_wconf 90' lang='lat' dir='ltr'>ut</span> <span class='ocrx_word' id='word_1_105' title='bbox 2064 1683 2364 1737; x_wconf 89' lang='lat' dir='ltr'>censura</span> <span class='ocrx_word' id='word_1_106' title='bbox 2418 1665 2700 1755; x_wconf 89' lang='lat' dir='ltr'>proprie</span> <span class='ocrx_word' id='word_1_107' title='bbox 2751 1663 2971 1736; x_wconf 87' lang='lat' dir='ltr'>dicta.</span> <span class='ocrx_word' id='word_1_108' title='bbox 3030 1660 3252 1734; x_wconf 90' lang='lat' dir='ltr'>Priori</span> 
     </span>
     <span class='ocr_line' id='line_1_14' title="bbox 574 1770 3251 1867; baseline 0.002 -27"><span class='ocrx_word' id='word_1_109' title='bbox 574 1793 614 1840; x_wconf 80' lang='lat'>›</span> <span class='ocrx_word' id='word_1_110' title='bbox 655 1787 827 1841; x_wconf 89' lang='lat' dir='ltr'>casu</span> <span class='ocrx_word' id='word_1_111' title='bbox 896 1770 986 1842; x_wconf 86' lang='lat' dir='ltr'>ob</span> <span class='ocrx_word' id='word_1_112' title='bbox 1059 1770 1397 1846; x_wconf 88' lang='lat' dir='ltr'>delictum</span> <span class='ocrx_word' id='word_1_113' title='bbox 1469 1777 1935 1865; x_wconf 85' lang='lat' dir='ltr'>praeteritum</span> <span class='ocrx_word' id='word_1_114' title='bbox 1991 1776 2415 1867; x_wconf 88' lang='lat' dir='ltr'>imponitur,</span> <span class='ocrx_word' id='word_1_115' title='bbox 2473 1781 2544 1847; x_wconf 93' lang='lat' dir='ltr'>et</span> <span class='ocrx_word' id='word_1_116' title='bbox 2597 1775 2760 1847; x_wconf 88' lang='lat' dir='ltr'>licet</span> <span class='ocrx_word' id='word_1_117' title='bbox 2811 1774 2905 1846; x_wconf 87' lang='lat' dir='ltr'>ad</span> <span class='ocrx_word' id='word_1_118' title='bbox 2963 1781 3251 1864; x_wconf 89' lang='lat' dir='ltr'>tempus</span> 
     </span>
     <span class='ocr_line' id='line_1_15' title="bbox 576 1886 3251 1983; baseline 0.002 -30"><span class='ocrx_word' id='word_1_119' title='bbox 576 1906 616 1953; x_wconf 88' lang='lat'><strong>›</strong></span> <span class='ocrx_word' id='word_1_120' title='bbox 658 1890 928 1956; x_wconf 89' lang='lat' dir='ltr'>certum</span> <span class='ocrx_word' id='word_1_121' title='bbox 981 1903 1068 1957; x_wconf 81' lang='lat' dir='ltr'>ex</span> <span class='ocrx_word' id='word_1_122' title='bbox 1122 1886 1296 1958; x_wconf 90' lang='lat' dir='ltr'>iuris</span> <span class='ocrx_word' id='word_1_123' title='bbox 1346 1892 1908 1981; x_wconf 80' lang='lat' dir='ltr'>praescriptione</span> <span class='ocrx_word' id='word_1_124' title='bbox 1960 1890 2186 1983; x_wconf 83' lang='lat' dir='ltr'>infligi</span> <span class='ocrx_word' id='word_1_125' title='bbox 2241 1889 2540 1978; x_wconf 86' lang='lat' dir='ltr'>debeat,</span> <span class='ocrx_word' id='word_1_126' title='bbox 2600 1888 2797 1959; x_wconf 85' lang='lat' dir='ltr'>nulla</span> <span class='ocrx_word' id='word_1_127' title='bbox 2858 1893 3251 1979; x_wconf 87' lang='lat' dir='ltr'>praeeunte</span> 
     </span>
     <span class='ocr_line' id='line_1_16' title="bbox 577 1996 3247 2094; baseline 0.002 -29"><span class='ocrx_word' id='word_1_128' title='bbox 577 2018 617 2065; x_wconf 88' lang='lat'><strong>›</strong></span> <span class='ocrx_word' id='word_1_129' title='bbox 658 1996 1075 2087; x_wconf 87' lang='lat' dir='ltr'>monitione,</span> <span class='ocrx_word' id='word_1_130' title='bbox 1135 1998 1246 2070; x_wconf 87' lang='lat' dir='ltr'>vel</span> <span class='ocrx_word' id='word_1_131' title='bbox 1299 2000 1668 2074; x_wconf 85' lang='lat' dir='ltr'>iudiciaria</span> <span class='ocrx_word' id='word_1_132' title='bbox 1725 2002 1949 2074; x_wconf 80' lang='lat' dir='ltr'>forma</span> <span class='ocrx_word' id='word_1_133' title='bbox 1986 2021 2388 2094; x_wconf 88' lang='lat' dir='ltr'>processus,</span> <span class='ocrx_word' id='word_1_134' title='bbox 2427 2019 2602 2073; x_wconf 92' lang='lat' dir='ltr'>usus</span> <span class='ocrx_word' id='word_1_135' title='bbox 2639 2006 2878 2071; x_wconf 89' lang='lat' dir='ltr'>tamen</span> <span class='ocrx_word' id='word_1_136' title='bbox 2918 1998 3247 2086; x_wconf 84' lang='lat' dir='ltr'>invaluit,</span> 
     </span>
     <span class='ocr_line' id='line_1_17' title="bbox 578 2107 3251 2206; baseline 0.001 -30"><span class='ocrx_word' id='word_1_137' title='bbox 578 2131 617 2176; x_wconf 66' lang='grc' dir='ltr'>ιι</span> <span class='ocrx_word' id='word_1_138' title='bbox 656 2114 738 2179; x_wconf 90' lang='lat' dir='ltr'>ut</span> <span class='ocrx_word' id='word_1_139' title='bbox 790 2107 1160 2182; x_wconf 86' lang='lat' dir='ltr'>indefinite</span> <span class='ocrx_word' id='word_1_140' title='bbox 1211 2113 1428 2184; x_wconf 88' lang='lat' dir='ltr'>etiam</span> <span class='ocrx_word' id='word_1_141' title='bbox 1485 2112 1957 2206; x_wconf 83' lang='lat' dir='ltr'>irrogaretur:</span> <span class='ocrx_word' id='word_1_142' title='bbox 2033 2115 2108 2187; x_wconf 92' lang='lat' dir='ltr'>in</span> <span class='ocrx_word' id='word_1_143' title='bbox 2160 2115 2382 2187; x_wconf 87' lang='lat' dir='ltr'>altero</span> <span class='ocrx_word' id='word_1_144' title='bbox 2435 2122 2671 2186; x_wconf 83' lang='lat' dir='ltr'>autem</span> <span class='ocrx_word' id='word_1_145' title='bbox 2741 2130 2913 2183; x_wconf 89' lang='lat' dir='ltr'>casu</span> <span class='ocrx_word' id='word_1_146' title='bbox 2966 2110 3251 2182; x_wconf 88' lang='lat' dir='ltr'>nonnisi</span> 
     </span>
     <span class='ocr_line' id='line_1_18' title="bbox 578 2218 3247 2317; baseline 0.003 -32"><span class='ocrx_word' id='word_1_147' title='bbox 578 2242 618 2285; x_wconf 67' lang='grc' dir='ltr'>ι»</span> <span class='ocrx_word' id='word_1_148' title='bbox 657 2218 748 2290; x_wconf 87' lang='lat' dir='ltr'>ob</span> <span class='ocrx_word' id='word_1_149' title='bbox 788 2223 1314 2295; x_wconf 85' lang='lat' dir='ltr'>contumaciam</span> <span class='ocrx_word' id='word_1_150' title='bbox 1352 2225 1767 2317; x_wconf 84' lang='lat' dir='ltr'>imponitur,</span> <span class='ocrx_word' id='word_1_151' title='bbox 1811 2226 2232 2316; x_wconf 87' lang='lat' dir='ltr'>nullumque</span> <span class='ocrx_word' id='word_1_152' title='bbox 2271 2225 2489 2298; x_wconf 87' lang='lat' dir='ltr'>habet</span> <span class='ocrx_word' id='word_1_153' title='bbox 2526 2224 2902 2298; x_wconf 83' lang='lat' dir='ltr'>definitum</span> <span class='ocrx_word' id='word_1_154' title='bbox 2939 2229 3247 2314; x_wconf 89' lang='lat' dir='ltr'>tempus,</span> 
     </span>
     <span class='ocr_line' id='line_1_19' title="bbox 580 2332 2329 2420; baseline 0.005 -22"><span class='ocrx_word' id='word_1_155' title='bbox 580 2353 619 2398; x_wconf 65' lang='grc' dir='ltr'>ι»</span> <span class='ocrx_word' id='word_1_156' title='bbox 661 2332 853 2420; x_wconf 88' lang='lat' dir='ltr'>quod</span> <span class='ocrx_word' id='word_1_157' title='bbox 905 2334 1134 2406; x_wconf 91' lang='lat' dir='ltr'>solum</span> <span class='ocrx_word' id='word_1_158' title='bbox 1187 2338 1636 2409; x_wconf 90' lang='lat' dir='ltr'>contumacia</span> <span class='ocrx_word' id='word_1_159' title='bbox 1690 2338 2253 2412; x_wconf 88' lang='lat' dir='ltr'>demetiendum.</span> <span class='ocrx_word' id='word_1_160' title='bbox 2293 2362 2329 2406; x_wconf 82' lang='lat'><strong>»</strong></span> 
     </span>
    </p>

    <p class='ocr_par' dir='ltr' id='par_1_4' title="bbox 578 2441 3291 4560">
     <span class='ocr_line' id='line_1_20' title="bbox 726 2441 3254 2541; baseline 0.001 -29"><span class='ocrx_word' id='word_1_161' title='bbox 726 2443 895 2514; x_wconf 84' lang='grc'><strong>263.</strong></span> <span class='ocrx_word' id='word_1_162' title='bbox 954 2441 1174 2517; x_wconf 85' lang='lat' dir='ltr'>Paulo</span> <span class='ocrx_word' id='word_1_163' title='bbox 1228 2453 1398 2521; x_wconf 92' lang='lat' dir='ltr'>ante</span> <span class='ocrx_word' id='word_1_164' title='bbox 1451 2457 1687 2522; x_wconf 85' lang='lat' dir='ltr'>autem</span> <span class='ocrx_word' id='word_1_165' title='bbox 1744 2450 1996 2524; x_wconf 89' lang='lat' dir='ltr'>eadem</span> <span class='ocrx_word' id='word_1_166' title='bbox 2051 2448 2124 2522; x_wconf 90' lang='lat' dir='ltr'>S.</span> <span class='ocrx_word' id='word_1_167' title='bbox 2168 2449 2513 2541; x_wconf 84' lang='lat' dir='ltr'>Congreg.</span> <span class='ocrx_word' id='word_1_168' title='bbox 2573 2450 2649 2520; x_wconf 90' lang='lat' dir='ltr'>in</span> <span class='ocrx_word' id='word_1_169' title='bbox 2720 2446 2970 2520; x_wconf 83' lang='lat' dir='ltr'>eadem</span> <span class='ocrx_word' id='word_1_170' title='bbox 3041 2463 3254 2521; x_wconf 84' lang='lat' dir='ltr'>causa</span> 
     </span>
     <span class='ocr_line' id='line_1_21' title="bbox 578 2548 3250 2654; baseline 0.002 -30"><span class='ocrx_word' id='word_1_171' title='bbox 578 2548 657 2648; x_wconf 67' lang='lat'>§-</span> <span class='ocrx_word' id='word_1_172' title='bbox 697 2555 881 2628; x_wconf 83' lang='lat' dir='ltr'>Haec</span> <span class='ocrx_word' id='word_1_173' title='bbox 935 2564 1170 2631; x_wconf 83' lang='lat' dir='ltr'>autem</span> <span class='ocrx_word' id='word_1_174' title='bbox 1222 2560 1321 2632; x_wconf 88' lang='lat' dir='ltr'>ita</span> <span class='ocrx_word' id='word_1_175' title='bbox 1382 2563 1892 2653; x_wconf 88' lang='lat' dir='ltr'>praemiserat:</span> <span class='ocrx_word' id='word_1_176' title='bbox 1954 2586 1993 2629; x_wconf 83' lang='lat'>‹</span> <span class='ocrx_word' id='word_1_177' title='bbox 2050 2558 2136 2634; x_wconf 90' lang='lat' dir='ltr'>In</span> <span class='ocrx_word' id='word_1_178' title='bbox 2187 2562 2417 2654; x_wconf 85' lang='lat' dir='ltr'>prima</span> <span class='ocrx_word' id='word_1_179' title='bbox 2472 2558 2845 2652; x_wconf 86' lang='lat' dir='ltr'>hypothesi</span> <span class='ocrx_word' id='word_1_180' title='bbox 2917 2554 3044 2652; x_wconf 92' lang='lat' dir='ltr'>(in</span> <span class='ocrx_word' id='word_1_181' title='bbox 3114 2576 3250 2649; x_wconf 87' lang='lat' dir='ltr'>qua</span> 
     </span>
     <span class='ocr_line' id='line_1_22' title="bbox 584 2668 3257 2768; baseline 0 -28"><span class='ocrx_word' id='word_1_182' title='bbox 584 2696 623 2740; x_wconf 63' lang='grc' dir='ltr'><strong>ι</strong></span> <span class='ocrx_word' id='word_1_183' title='bbox 664 2668 1001 2740; x_wconf 89' lang='lat' dir='ltr'>nimirum</span> <span class='ocrx_word' id='word_1_184' title='bbox 1053 2675 1427 2764; x_wconf 89' lang='lat' dir='ltr'>suspensio</span> <span class='ocrx_word' id='word_1_185' title='bbox 1478 2675 1971 2749; x_wconf 85' lang='lat' dir='ltr'>consideratur</span> <span class='ocrx_word' id='word_1_186' title='bbox 2024 2676 2129 2748; x_wconf 88' lang='lat' dir='ltr'>uti</span> <span class='ocrx_word' id='word_1_187' title='bbox 2180 2670 2529 2768; x_wconf 90' lang='lat' dir='ltr'>censura)</span> <span class='ocrx_word' id='word_1_188' title='bbox 2583 2672 3031 2745; x_wconf 88' lang='lat' dir='ltr'>necessariae</span> <span class='ocrx_word' id='word_1_189' title='bbox 3072 2670 3257 2742; x_wconf 88' lang='lat' dir='ltr'>desi-</span> 
     </span>
     <span class='ocr_line' id='line_1_23' title="bbox 585 2781 3256 2877; baseline 0 -27"><span class='ocrx_word' id='word_1_190' title='bbox 585 2805 624 2850; x_wconf 78' lang='lat'><strong>»</strong></span> <span class='ocrx_word' id='word_1_191' title='bbox 667 2781 1015 2853; x_wconf 86' lang='lat' dir='ltr'>derantur</span> <span class='ocrx_word' id='word_1_192' title='bbox 1062 2783 1240 2856; x_wconf 87' lang='lat' dir='ltr'>iuris</span> <span class='ocrx_word' id='word_1_193' title='bbox 1290 2786 1780 2860; x_wconf 83' lang='lat' dir='ltr'>solemnitates</span> <span class='ocrx_word' id='word_1_194' title='bbox 1830 2806 1914 2859; x_wconf 91' lang='lat' dir='ltr'>ac</span> <span class='ocrx_word' id='word_1_195' title='bbox 1965 2788 2423 2874; x_wconf 77' lang='lat' dir='ltr'>monitioneS,</span> <span class='ocrx_word' id='word_1_196' title='bbox 2479 2784 2897 2877; x_wconf 88' lang='lat' dir='ltr'>praesertim</span> <span class='ocrx_word' id='word_1_197' title='bbox 2950 2781 3045 2854; x_wconf 89' lang='lat' dir='ltr'>ad</span> <span class='ocrx_word' id='word_1_198' title='bbox 3096 2798 3256 2872; x_wconf 91' lang='lat' dir='ltr'>pro-</span> 
     </span>
     <span class='ocr_line' id='line_1_24' title="bbox 584 2893 3251 2979; baseline 0 -16"><span class='ocrx_word' id='word_1_199' title='bbox 584 2917 625 2962; x_wconf 72' lang='lat'><strong>»</strong></span> <span class='ocrx_word' id='word_1_200' title='bbox 665 2893 983 2967; x_wconf 78' lang='lat' dir='ltr'>bandum</span> <span class='ocrx_word' id='word_1_201' title='bbox 1037 2900 1556 2971; x_wconf 87' lang='lat' dir='ltr'>contumaciam</span> <span class='ocrx_word' id='word_1_202' title='bbox 1627 2900 1827 2972; x_wconf 78' lang='lat' dir='ltr'>iuxta</span> <span class='ocrx_word' id='word_1_203' title='bbox 1884 2901 2291 2972; x_wconf 88' lang='lat' dir='ltr'>unanimem</span> <span class='ocrx_word' id='word_1_204' title='bbox 2347 2901 2712 2972; x_wconf 89' lang='lat' dir='ltr'>doctorum</span> <span class='ocrx_word' id='word_1_205' title='bbox 2774 2894 3251 2979; x_wconf 88' lang='lat' dir='ltr'>sententiam,</span> 
     </span>
     <span class='ocr_line' id='line_1_25' title="bbox 589 3002 3248 3103; baseline -0.003 -26"><span class='ocrx_word' id='word_1_206' title='bbox 589 3030 629 3077; x_wconf 79' lang='lat'><strong>»</strong></span> <span class='ocrx_word' id='word_1_207' title='bbox 669 3007 752 3081; x_wconf 83' lang='lat' dir='ltr'>et’</span> <span class='ocrx_word' id='word_1_208' title='bbox 779 3007 850 3078; x_wconf 89' lang='lat' dir='ltr'>S.</span> <span class='ocrx_word' id='word_1_209' title='bbox 883 3004 1073 3080; x_wconf 85' lang='lat' dir='ltr'>Trid.</span> <span class='ocrx_word' id='word_1_210' title='bbox 1110 3007 1402 3082; x_wconf 87' lang='lat' dir='ltr'>Concilii</span> <span class='ocrx_word' id='word_1_211' title='bbox 1440 3010 1978 3102; x_wconf 84' lang='lat' dir='ltr'>dispositionem</span> <span class='ocrx_word' id='word_1_212' title='bbox 2035 3011 2482 3103; x_wconf 86' lang='lat' dir='ltr'>potissimum</span> <span class='ocrx_word' id='word_1_213' title='bbox 2517 3011 2588 3080; x_wconf 91' lang='lat' dir='ltr'>in</span> <span class='ocrx_word' id='word_1_214' title='bbox 2619 3028 2777 3100; x_wconf 87' lang='lat' dir='ltr'>cap.</span> <span class='ocrx_word' id='word_1_215' title='bbox 2815 3006 2885 3079; x_wconf 88' lang='grc'>6.</span> <span class='ocrx_word' id='word_1_216' title='bbox 2921 3007 3096 3078; x_wconf 82' lang='lat' dir='ltr'>Sess.</span> <span class='ocrx_word' id='word_1_217' title='bbox 3124 3002 3248 3076; x_wconf 89' lang='grc'>22.</span> 
     </span>
     <span class='ocr_line' id='line_1_26' title="bbox 586 3109 3256 3218; baseline 0.001 -33"><span class='ocrx_word' id='word_1_218' title='bbox 586 3140 627 3185; x_wconf 58' lang='grc' dir='ltr'><strong>ν</strong></span> <span class='ocrx_word' id='word_1_219' title='bbox 668 3117 753 3190; x_wconf 84' lang='lat' dir='ltr'>de</span> <span class='ocrx_word' id='word_1_220' title='bbox 790 3119 1137 3211; x_wconf 79' lang='lat' dir='ltr'>Reform.,·</span> <span class='ocrx_word' id='word_1_221' title='bbox 1190 3122 1264 3193; x_wconf 93' lang='lat' dir='ltr'>in</span> <span class='ocrx_word' id='word_1_222' title='bbox 1317 3123 1542 3194; x_wconf 87' lang='lat' dir='ltr'>altera</span> <span class='ocrx_word' id='word_1_223' title='bbox 1596 3119 1922 3218; x_wconf 88' lang='lat' dir='ltr'>(quando</span> <span class='ocrx_word' id='word_1_224' title='bbox 1974 3142 2273 3196; x_wconf 90' lang='lat' dir='ltr'>censura</span> <span class='ocrx_word' id='word_1_225' title='bbox 2326 3121 2818 3196; x_wconf 88' lang='lat' dir='ltr'>consideratur</span> <span class='ocrx_word' id='word_1_226' title='bbox 2852 3120 2959 3190; x_wconf 89' lang='lat' dir='ltr'>uti</span> <span class='ocrx_word' id='word_1_227' title='bbox 2996 3109 3256 3210; x_wconf 90' lang='lat' dir='ltr'>poena)</span> 
     </span>
     <span class='ocr_line' id='line_1_27' title="bbox 590 3229 3263 3326; baseline -0.001 -27"><span class='ocrx_word' id='word_1_228' title='bbox 590 3250 629 3289; x_wconf 61' lang='lat' dir='ltr'>s</span> <span class='ocrx_word' id='word_1_229' title='bbox 669 3229 832 3302; x_wconf 85' lang='lat' dir='ltr'>licet</span> <span class='ocrx_word' id='word_1_230' title='bbox 887 3232 1312 3306; x_wconf 87' lang='lat' dir='ltr'>monitiones</span> <span class='ocrx_word' id='word_1_231' title='bbox 1365 3234 1658 3326; x_wconf 91' lang='lat' dir='ltr'>impune</span> <span class='ocrx_word' id='word_1_232' title='bbox 1707 3234 1986 3326; x_wconf 91' lang='lat' dir='ltr'>possint</span> <span class='ocrx_word' id='word_1_233' title='bbox 2022 3236 2277 3324; x_wconf 86' lang='lat' dir='ltr'>omitti,</span> <span class='ocrx_word' id='word_1_234' title='bbox 2323 3240 2399 3306; x_wconf 94' lang='lat' dir='ltr'>ut</span> <span class='ocrx_word' id='word_1_235' title='bbox 2435 3231 2907 3305; x_wconf 88' lang='lat' dir='ltr'>communiter</span> <span class='ocrx_word' id='word_1_236' title='bbox 2941 3230 3263 3301; x_wconf 90' lang='lat' dir='ltr'>sentiunt</span> 
     </span>
     <span class='ocr_line' id='line_1_28' title="bbox 593 3336 3271 3436; baseline 0 -27"><span class='ocrx_word' id='word_1_237' title='bbox 593 3364 630 3408; x_wconf 67' lang='grc' dir='ltr'>ι»</span> <span class='ocrx_word' id='word_1_238' title='bbox 670 3336 986 3413; x_wconf 87' lang='lat' dir='ltr'>Barbosa</span> <span class='ocrx_word' id='word_1_239' title='bbox 1043 3345 1218 3436; x_wconf 83' lang='lat' dir='ltr'>Cap.</span> <span class='ocrx_word' id='word_1_240' title='bbox 1263 3345 1586 3419; x_wconf 84' lang='lat' dir='ltr'>Romana</span> <span class='ocrx_word' id='word_1_241' title='bbox 1639 3348 1741 3420; x_wconf 87' lang='lat' dir='ltr'>De</span> <span class='ocrx_word' id='word_1_242' title='bbox 1793 3352 2090 3420; x_wconf 81' lang='lat' dir='ltr'>sentent.</span> <span class='ocrx_word' id='word_1_243' title='bbox 2154 3365 2492 3419; x_wconf 69' lang='lat' dir='ltr'>excomm.</span> <span class='ocrx_word' id='word_1_244' title='bbox 2551 3347 2627 3415; x_wconf 80' lang='lat' dir='ltr'>in</span> <span class='ocrx_word' id='word_1_245' title='bbox 2684 3342 2794 3424; x_wconf 76' lang='grc'>6.,</span> <span class='ocrx_word' id='word_1_246' title='bbox 2836 3361 2969 3412; x_wconf 73' lang='lat' dir='ltr'>van</span> <span class='ocrx_word' id='word_1_247' title='bbox 3027 3336 3271 3429; x_wconf 88' lang='lat' dir='ltr'>Espen</span> 
     </span>
     <span class='ocr_line' id='line_1_29' title="bbox 595 3450 3260 3554; baseline 0 -34"><span class='ocrx_word' id='word_1_248' title='bbox 595 3476 632 3520; x_wconf 80' lang='lat'>›</span> <span class='ocrx_word' id='word_1_249' title='bbox 682 3453 871 3525; x_wconf 90' lang='lat' dir='ltr'>Tom.</span> <span class='ocrx_word' id='word_1_250' title='bbox 919 3454 1035 3528; x_wconf 90' lang='grc'>10.</span> <span class='ocrx_word' id='word_1_251' title='bbox 1086 3459 1322 3528; x_wconf 83' lang='lat' dir='ltr'>Tract.</span> <span class='ocrx_word' id='word_1_252' title='bbox 1370 3458 1656 3530; x_wconf 80' lang='lat' dir='ltr'>Recurs.</span> <span class='ocrx_word' id='word_1_253' title='bbox 1697 3479 1858 3551; x_wconf 83' lang='lat' dir='ltr'>cap.</span> <span class='ocrx_word' id='word_1_254' title='bbox 1901 3459 1972 3532; x_wconf 82' lang='lat'>3.</span> <span class='ocrx_word' id='word_1_255' title='bbox 2015 3457 2088 3554; x_wconf 58' lang='grc' dir='ltr'>ἓ.</span> <span class='ocrx_word' id='word_1_256' title='bbox 2131 3460 2206 3532; x_wconf 95' lang='grc'>4.</span> <span class='ocrx_word' id='word_1_257' title='bbox 2248 3466 2415 3532; x_wconf 87' lang='lat' dir='ltr'>tom.</span> <span class='ocrx_word' id='word_1_258' title='bbox 2456 3457 2528 3529; x_wconf 95' lang='grc'>4.</span> <span class='ocrx_word' id='word_1_259' title='bbox 2575 3457 2780 3530; x_wconf 80' lang='lat' dir='ltr'>Part.</span> <span class='ocrx_word' id='word_1_260' title='bbox 2816 3454 2946 3527; x_wconf 83' lang='lat'>111.</span> <span class='ocrx_word' id='word_1_261' title='bbox 2988 3454 3099 3528; x_wconf 78' lang='lat' dir='ltr'>tit.</span> <span class='ocrx_word' id='word_1_262' title='bbox 3135 3450 3260 3525; x_wconf 91' lang='grc'>11.</span> 
     </span>
     <span class='ocr_line' id='line_1_30' title="bbox 597 3563 3270 3662; baseline 0.001 -28"><span class='ocrx_word' id='word_1_263' title='bbox 597 3589 634 3633; x_wconf 80' lang='lat'>›</span> <span class='ocrx_word' id='word_1_264' title='bbox 674 3565 759 3637; x_wconf 83' lang='lat' dir='ltr'>de</span> <span class='ocrx_word' id='word_1_265' title='bbox 795 3586 1146 3660; x_wconf 64' lang='lat' dir='ltr'>suspens„</span> <span class='ocrx_word' id='word_1_266' title='bbox 1182 3566 1816 3662; x_wconf 83' lang='lat' dir='ltr'>Schmalzgrueher</span> <span class='ocrx_word' id='word_1_267' title='bbox 1851 3575 1940 3644; x_wconf 91' lang='lat' dir='ltr'>P.</span> <span class='ocrx_word' id='word_1_268' title='bbox 1979 3572 2103 3644; x_wconf 89' lang='lat' dir='ltr'>IV.</span> <span class='ocrx_word' id='word_1_269' title='bbox 2148 3574 2259 3645; x_wconf 82' lang='lat' dir='ltr'>tit.</span> <span class='ocrx_word' id='word_1_270' title='bbox 2301 3569 2421 3643; x_wconf 82' lang='lat'>39.</span> <span class='ocrx_word' id='word_1_271' title='bbox 2464 3590 2539 3641; x_wconf 79' lang='lat' dir='ltr'>n.</span> <span class='ocrx_word' id='word_1_272' title='bbox 2581 3568 2743 3648; x_wconf 68' lang='lat'>30„</span> <span class='ocrx_word' id='word_1_273' title='bbox 2779 3563 2991 3637; x_wconf 80' lang='lat' dir='ltr'>Reiff.</span> <span class='ocrx_word' id='word_1_274' title='bbox 3031 3565 3270 3636; x_wconf 73' lang='lat' dir='ltr'>eodem</span> 
     </span>
     <span class='ocr_line' id='line_1_31' title="bbox 597 3672 3266 3776; baseline -0 -30"><span class='ocrx_word' id='word_1_275' title='bbox 597 3704 637 3746; x_wconf 67' lang='grc' dir='ltr'>ιι</span> <span class='ocrx_word' id='word_1_276' title='bbox 678 3680 791 3750; x_wconf 79' lang='lat' dir='ltr'>tit.</span> <span class='ocrx_word' id='word_1_277' title='bbox 834 3699 908 3751; x_wconf 83' lang='lat' dir='ltr'>n.</span> <span class='ocrx_word' id='word_1_278' title='bbox 946 3680 1127 3763; x_wconf 62' lang='lat'>28„</span> <span class='ocrx_word' id='word_1_279' title='bbox 1183 3679 1459 3757; x_wconf 83' lang='lat' dir='ltr'>Monac.</span> <span class='ocrx_word' id='word_1_280' title='bbox 1506 3685 1740 3756; x_wconf 84' lang='lat' dir='ltr'>Form.</span> <span class='ocrx_word' id='word_1_281' title='bbox 1783 3686 1947 3776; x_wconf 78' lang='lat' dir='ltr'>Leq.</span> <span class='ocrx_word' id='word_1_282' title='bbox 1994 3685 2081 3756; x_wconf 93' lang='lat' dir='ltr'>P.</span> <span class='ocrx_word' id='word_1_283' title='bbox 2125 3685 2257 3756; x_wconf 93' lang='lat' dir='ltr'>III.</span> <span class='ocrx_word' id='word_1_284' title='bbox 2299 3683 2414 3755; x_wconf 78' lang='lat' dir='ltr'>tit.</span> <span class='ocrx_word' id='word_1_285' title='bbox 2450 3681 2527 3753; x_wconf 89' lang='grc'>2.</span> <span class='ocrx_word' id='word_1_286' title='bbox 2569 3680 2804 3751; x_wconf 88' lang='lat' dir='ltr'>Form.</span> <span class='ocrx_word' id='word_1_287' title='bbox 2843 3676 2917 3749; x_wconf 85' lang='lat'>8.</span> <span class='ocrx_word' id='word_1_288' title='bbox 2968 3696 3040 3746; x_wconf 82' lang='lat' dir='ltr'>n.</span> <span class='ocrx_word' id='word_1_289' title='bbox 3080 3672 3266 3755; x_wconf 62' lang='lat'>21„</span> 
     </span>
     <span class='ocr_line' id='line_1_32' title="bbox 599 3786 3269 3889; baseline -0.002 -26"><span class='ocrx_word' id='word_1_290' title='bbox 599 3813 636 3857; x_wconf 80' lang='lat'>›</span> <span class='ocrx_word' id='word_1_291' title='bbox 677 3786 958 3882; x_wconf 85' lang='lat' dir='ltr'>Pignat.</span> <span class='ocrx_word' id='word_1_292' title='bbox 1009 3796 1198 3878; x_wconf 79' lang='lat' dir='ltr'>Tem.</span> <span class='ocrx_word' id='word_1_293' title='bbox 1237 3795 1354 3867; x_wconf 90' lang='grc'>10.</span> <span class='ocrx_word' id='word_1_294' title='bbox 1401 3796 1605 3870; x_wconf 84' lang='lat' dir='ltr'>Cons.</span> <span class='ocrx_word' id='word_1_295' title='bbox 1652 3796 1818 3871; x_wconf 89' lang='grc'><strong>162.</strong></span> <span class='ocrx_word' id='word_1_296' title='bbox 1882 3816 1956 3868; x_wconf 83' lang='grc' dir='ltr'>η.</span> <span class='ocrx_word' id='word_1_297' title='bbox 2002 3797 2070 3868; x_wconf 92' lang='grc'>1.</span> <span class='ocrx_word' id='word_1_298' title='bbox 2119 3795 2234 3869; x_wconf 91' lang='grc'>16.</span> <span class='ocrx_word' id='word_1_299' title='bbox 2280 3791 2482 3889; x_wconf 86' lang='grc'><strong>17.);</strong></span> <span class='ocrx_word' id='word_1_300' title='bbox 2557 3797 2877 3863; x_wconf 88' lang='lat' dir='ltr'>attamen</span> <span class='ocrx_word' id='word_1_301' title='bbox 2929 3787 3038 3859; x_wconf 81' lang='lat' dir='ltr'>vel</span> <span class='ocrx_word' id='word_1_302' title='bbox 3090 3786 3269 3858; x_wconf 85' lang='lat' dir='ltr'>ordo</span> 
     </span>
     <span class='ocr_line' id='line_1_33' title="bbox 599 3901 3270 4000; baseline -0 -29"><span class='ocrx_word' id='word_1_303' title='bbox 599 3926 636 3970; x_wconf 62' lang='lat' dir='ltr'><em>v</em></span> <span class='ocrx_word' id='word_1_304' title='bbox 680 3902 1090 3978; x_wconf 80' lang='lat' dir='ltr'>iudiciarius</span> <span class='ocrx_word' id='word_1_305' title='bbox 1129 3906 1307 3980; x_wconf 81' lang='lat' dir='ltr'>foret</span> <span class='ocrx_word' id='word_1_306' title='bbox 1344 3910 1767 3998; x_wconf 79' lang='lat' dir='ltr'>servanduS,</span> <span class='ocrx_word' id='word_1_307' title='bbox 1801 3909 1913 3980; x_wconf 86' lang='lat' dir='ltr'>vel</span> <span class='ocrx_word' id='word_1_308' title='bbox 1950 3909 2201 3981; x_wconf 89' lang='lat' dir='ltr'>saltem</span> <span class='ocrx_word' id='word_1_309' title='bbox 2241 3907 2796 4000; x_wconf 88' lang='lat' dir='ltr'>imputationum</span> <span class='ocrx_word' id='word_1_310' title='bbox 2830 3901 3062 3995; x_wconf 89' lang='lat' dir='ltr'>capita</span> <span class='ocrx_word' id='word_1_311' title='bbox 3097 3917 3270 3971; x_wconf 89' lang='lat' dir='ltr'>cum</span> 
     </span>
     <span class='ocr_line' id='line_1_34' title="bbox 599 4014 3268 4112; baseline -0.001 -27"><span class='ocrx_word' id='word_1_312' title='bbox 599 4038 638 4083; x_wconf 65' lang='grc' dir='ltr'>ι»</span> <span class='ocrx_word' id='word_1_313' title='bbox 678 4034 798 4088; x_wconf 90' lang='lat' dir='ltr'>reo</span> <span class='ocrx_word' id='word_1_314' title='bbox 851 4020 1472 4108; x_wconf 86' lang='lat' dir='ltr'>communicanda,</span> <span class='ocrx_word' id='word_1_315' title='bbox 1526 4040 1614 4093; x_wconf 90' lang='lat' dir='ltr'>ne</span> <span class='ocrx_word' id='word_1_316' title='bbox 1654 4022 2069 4112; x_wconf 81' lang='lat' dir='ltr'>gravissima</span> <span class='ocrx_word' id='word_1_317' title='bbox 2107 4039 2338 4112; x_wconf 88' lang='lat' dir='ltr'>poena</span> <span class='ocrx_word' id='word_1_318' title='bbox 2378 4017 2795 4091; x_wconf 74' lang='lat' dir='ltr'>indefensus</span> <span class='ocrx_word' id='word_1_319' title='bbox 2830 4014 3268 4098; x_wconf 88' lang='lat' dir='ltr'>afficeretur,</span> 
     </span>
     <span class='ocr_line' id='line_1_35' title="bbox 601 4123 3282 4223; baseline 0.001 -31"><span class='ocrx_word' id='word_1_320' title='bbox 601 4148 638 4192; x_wconf 67' lang='grc' dir='ltr'>ι»</span> <span class='ocrx_word' id='word_1_321' title='bbox 679 4127 874 4216; x_wconf 88' lang='lat' dir='ltr'>quod</span> <span class='ocrx_word' id='word_1_322' title='bbox 926 4129 1240 4218; x_wconf 80' lang='lat' dir='ltr'>profecto</span> <span class='ocrx_word' id='word_1_323' title='bbox 1293 4130 1387 4203; x_wconf 88' lang='lat' dir='ltr'>ab</span> <span class='ocrx_word' id='word_1_324' title='bbox 1440 4133 1632 4202; x_wconf 89' lang='lat' dir='ltr'>omni</span> <span class='ocrx_word' id='word_1_325' title='bbox 1686 4134 2051 4223; x_wconf 87' lang='lat' dir='ltr'>aequitate</span> <span class='ocrx_word' id='word_1_326' title='bbox 2104 4151 2320 4222; x_wconf 87' lang='lat' dir='ltr'>quam</span> <span class='ocrx_word' id='word_1_327' title='bbox 2374 4131 2680 4202; x_wconf 80' lang='lat' dir='ltr'>maxime</span> <span class='ocrx_word' id='word_1_328' title='bbox 2718 4128 3025 4198; x_wconf 90' lang='lat' dir='ltr'>alienum</span> <span class='ocrx_word' id='word_1_329' title='bbox 3070 4123 3282 4195; x_wconf 76' lang='lat' dir='ltr'>vide·</span> 
     </span>
     <span class='ocr_line' id='line_1_36' title="bbox 602 4236 3284 4334; baseline 0.001 -30"><span class='ocrx_word' id='word_1_330' title='bbox 602 4260 639 4304; x_wconf 67' lang='grc' dir='ltr'>ι»</span> <span class='ocrx_word' id='word_1_331' title='bbox 676 4245 897 4310; x_wconf 87' lang='lat' dir='ltr'>retur.</span> <span class='ocrx_word' id='word_1_332' title='bbox 956 4237 1332 4316; x_wconf 86' lang='lat' dir='ltr'>Praeterea</span> <span class='ocrx_word' id='word_1_333' title='bbox 1383 4261 1469 4315; x_wconf 81' lang='lat' dir='ltr'>ex</span> <span class='ocrx_word' id='word_1_334' title='bbox 1522 4263 1604 4318; x_wconf 92' lang='lat' dir='ltr'>eo</span> <span class='ocrx_word' id='word_1_335' title='bbox 1657 4246 1874 4317; x_wconf 88' lang='lat' dir='ltr'>etiam</span> <span class='ocrx_word' id='word_1_336' title='bbox 1931 4252 2217 4316; x_wconf 89' lang='lat' dir='ltr'>nutaret</span> <span class='ocrx_word' id='word_1_337' title='bbox 2286 4242 2709 4334; x_wconf 89' lang='lat' dir='ltr'>suspensio,</span> <span class='ocrx_word' id='word_1_338' title='bbox 2766 4238 2935 4329; x_wconf 85' lang='lat' dir='ltr'>quia</span> <span class='ocrx_word' id='word_1_339' title='bbox 2999 4236 3284 4307; x_wconf 82' lang='lat' dir='ltr'>scilicet</span> 
     </span>
     <span class='ocr_line' id='line_1_37' title="bbox 600 4349 3291 4448; baseline 0.001 -32"><span class='ocrx_word' id='word_1_340' title='bbox 600 4370 639 4415; x_wconf 66' lang='grc' dir='ltr'>ι»</span> <span class='ocrx_word' id='word_1_341' title='bbox 680 4349 876 4421; x_wconf 84' lang='lat' dir='ltr'>nulio</span> <span class='ocrx_word' id='word_1_342' title='bbox 930 4350 1143 4425; x_wconf 82' lang='lat' dir='ltr'>fuerit</span> <span class='ocrx_word' id='word_1_343' title='bbox 1195 4359 1512 4446; x_wconf 88' lang='lat' dir='ltr'>tempore</span> <span class='ocrx_word' id='word_1_344' title='bbox 1550 4356 1931 4448; x_wconf 83' lang='lat' dir='ltr'>praefinita</span> <span class='ocrx_word' id='word_1_345' title='bbox 1958 4410 1977 4445; x_wconf 95' lang='lat'>,</span> <span class='ocrx_word' id='word_1_346' title='bbox 2020 4356 2213 4447; x_wconf 87' lang='lat' dir='ltr'>quod</span> <span class='ocrx_word' id='word_1_347' title='bbox 2250 4354 2651 4427; x_wconf 85' lang='lat' dir='ltr'>necessario</span> <span class='ocrx_word' id='word_1_348' title='bbox 2692 4352 2969 4423; x_wconf 77' lang='lat' dir='ltr'>videtur</span> <span class='ocrx_word' id='word_1_349' title='bbox 3001 4367 3083 4420; x_wconf 75' lang='lat' dir='ltr'>ex</span> <span class='ocrx_word' id='word_1_350' title='bbox 3132 4354 3291 4420; x_wconf 83' lang='lat' dir='ltr'>tra·</span> 
     </span>
     <span class='ocr_line' id='line_1_38' title="bbox 602 4457 2927 4560; baseline 0.002 -34"><span class='ocrx_word' id='word_1_351' title='bbox 602 4481 640 4525; x_wconf 88' lang='lat'>›</span> <span class='ocrx_word' id='word_1_352' title='bbox 680 4457 847 4532; x_wconf 86' lang='lat' dir='ltr'>ditis</span> <span class='ocrx_word' id='word_1_353' title='bbox 900 4482 1025 4553; x_wconf 93' lang='lat' dir='ltr'>per</span> <span class='ocrx_word' id='word_1_354' title='bbox 1079 4466 1488 4539; x_wconf 87' lang='lat' dir='ltr'>Suarosium</span> <span class='ocrx_word' id='word_1_355' title='bbox 1542 4467 1626 4540; x_wconf 84' lang='lat' dir='ltr'>de</span> <span class='ocrx_word' id='word_1_356' title='bbox 1681 4469 1881 4542; x_wconf 82' lang='lat' dir='ltr'>Gens.</span> <span class='ocrx_word' id='word_1_357' title='bbox 1925 4468 2187 4560; x_wconf 79' lang='lat' dir='ltr'>disput.</span> <span class='ocrx_word' id='word_1_358' title='bbox 2229 4466 2301 4538; x_wconf 94' lang='grc'>4.</span> <span class='ocrx_word' id='word_1_359' title='bbox 2345 4472 2511 4538; x_wconf 82' lang='lat' dir='ltr'>sect.</span> <span class='ocrx_word' id='word_1_360' title='bbox 2557 4463 2624 4537; x_wconf 91' lang='grc'>1.</span> <span class='ocrx_word' id='word_1_361' title='bbox 2666 4483 2741 4535; x_wconf 83' lang='lat' dir='ltr'>n.</span> <span class='ocrx_word' id='word_1_362' title='bbox 2783 4461 2855 4535; x_wconf 89' lang='grc'>9.</span> <span class='ocrx_word' id='word_1_363' title='bbox 2889 4486 2927 4531; x_wconf 84' lang='lat'>›</span> 
     </span>
    </p>

    <p class='ocr_par' dir='ltr' id='par_1_5' title="bbox 603 4572 3297 4782">
     <span class='ocr_line' id='line_1_39' title="bbox 747 4572 3288 4668; baseline 0 -25"><span class='ocrx_word' id='word_1_364' title='bbox 747 4574 918 4645; x_wconf 71' lang='lat'>264.</span> <span class='ocrx_word' id='word_1_365' title='bbox 977 4573 1082 4646; x_wconf 77' lang='lat' dir='ltr'>Ex</span> <span class='ocrx_word' id='word_1_366' title='bbox 1137 4578 1250 4665; x_wconf 84' lang='lat' dir='ltr'>iiS,</span> <span class='ocrx_word' id='word_1_367' title='bbox 1310 4597 1496 4668; x_wconf 89' lang='lat' dir='ltr'>quae</span> <span class='ocrx_word' id='word_1_368' title='bbox 1551 4579 1760 4651; x_wconf 88' lang='lat' dir='ltr'>modo</span> <span class='ocrx_word' id='word_1_369' title='bbox 1810 4580 2075 4651; x_wconf 83' lang='lat' dir='ltr'>tradita</span> <span class='ocrx_word' id='word_1_370' title='bbox 2128 4586 2339 4668; x_wconf 88' lang='lat' dir='ltr'>sunt,</span> <span class='ocrx_word' id='word_1_371' title='bbox 2398 4578 2547 4649; x_wconf 89' lang='lat' dir='ltr'>erui</span> <span class='ocrx_word' id='word_1_372' title='bbox 2603 4592 2809 4666; x_wconf 91' lang='lat' dir='ltr'>posse</span> <span class='ocrx_word' id='word_1_373' title='bbox 2862 4572 3288 4659; x_wconf 78' lang='lat' dir='ltr'>videretur,</span> 
     </span>
     <span class='ocr_line' id='line_1_40' title="bbox 603 4684 3297 4782; baseline -0 -28"><span class='ocrx_word' id='word_1_374' title='bbox 603 4686 1146 4774; x_wconf 90' lang='lat' dir='ltr'>suspensionem</span> <span class='ocrx_word' id='word_1_375' title='bbox 1201 4688 1577 4761; x_wconf 82' lang='lat' dir='ltr'>indefinito</span> <span class='ocrx_word' id='word_1_376' title='bbox 1630 4696 1949 4782; x_wconf 91' lang='lat' dir='ltr'>tempore</span> <span class='ocrx_word' id='word_1_377' title='bbox 2001 4689 2310 4781; x_wconf 82' lang='lat' dir='ltr'>irrogare</span> <span class='ocrx_word' id='word_1_378' title='bbox 2363 4690 2470 4761; x_wconf 81' lang='lat' dir='ltr'>ias</span> <span class='ocrx_word' id='word_1_379' title='bbox 2506 4706 2689 4777; x_wconf 90' lang='lat' dir='ltr'>esse,</span> <span class='ocrx_word' id='word_1_380' title='bbox 2728 4686 2937 4759; x_wconf 89' lang='lat' dir='ltr'>certis</span> <span class='ocrx_word' id='word_1_381' title='bbox 2967 4684 3297 4756; x_wconf 78' lang='lat' dir='ltr'>servatis</span> 
     </span>
    </p>
   </div>
  </div>
 </body>
</html>
