3497 5235
571 284 692 359 οη.
719 286 792 343 Π.
835 287 907 344 De
948 287 1207 363 Bpiocopm
1249 288 1654 364 Archiepiuoopo,
1695 290 1921 349 Primto
1962 293 2018 350 et
2057 294 2379 352 Patrinroht.
2423 296 2476 368 g.
2502 296 2547 352 1.
2780 296 2886 358 141

244 444 277 488 ι»
313 439 437 492 sna
478 421 880 492 cathedrali
915 421 1268 509 residere3
1329 441 1459 495 nec
1494 426 1666 496 satis
1702 442 1884 514 esse,
1928 435 2005 501 ut
2042 429 2112 500 in
2151 429 2456 501 dioecesi
2496 430 2887 519 resideant,

240 558 273 602 ι»
307 534 440 605 nisi
490 532 928 623 episcopalia
981 551 1274 604 munera
1328 535 1404 604 in
1454 554 1583 606 sua
1640 535 1944 609 dioecesi
1996 556 2117 611 eos
2170 540 2308 611 alio
2361 548 2686 612 avocent.
2726 565 2764 608 »

365 647 437 717 9.
495 645 568 716 Si
621 651 867 717 tamen
920 646 1377 736 praescriptis
1431 646 1570 717 illis
1623 647 1879 719 diebus
1932 646 2326 744 Episcopus
2361 670 2505 724 non
2543 653 2885 742 resideat,

231 774 487 848 poenas
540 759 787 827 contra
845 774 984 827 non
1037 756 1430 830 residentes
1501 776 1643 829 non
1714 760 1995 833 videtur
2058 762 2439 835 incurrere.
2498 760 2714 860 Porro
2766 766 2895 837 do-

231 875 486 957 ctores,
544 868 966 939 nominatim
1019 866 1430 961 Fagnanus,
1488 868 1991 962 Pignatellius,
2049 880 2119 945 et
2173 873 2713 948 Scarl'antonius
2768 894 2900 948 ne-

232 981 530 1073 gativam
567 981 1002 1052 sententiam
1037 989 1438 1071 sequuntur
1479 982 1672 1073 apud
1727 977 1801 1053 S.
1834 981 1907 1054 C.
1940 970 2150 1055 Conc.
2201 985 2431 1057 Galat.
2475 992 2539 1057 et
2576 984 2883 1061 Calceat.

235 1092 455 1166 aesia.
504 1092 622 1162 18.
657 1087 947 1163 Ianuar.
991 1092 1204 1164 1740.
1243 1090 1316 1187 ξ.
1363 1094 1662 1179 Verum,·
1713 1088 1871 1187 (ubi
1907 1093 2044 1164 hae
2083 1112 2328 1166 omnes
2364 1095 2887 1170 declarationes
2938 1111 2941 1114 ’

230 1198 593 1298 leguntur)
644 1209 716 1274 et
768 1203 920 1293 ipsa
974 1205 1045 1274 S.
1088 1202 1162 1275 C.
1204 1223 1353 1276 rem
1395 1205 1618 1276 noluit
1654 1204 1981 1291 definire,
2019 1211 2102 1276 ut
2150 1207 2220 1277 in
2264 1207 2610 1298 Urqellen.
2647 1209 2879 1281 Resid.

230 1320 293 1389 5.
331 1313 701 1406 Septemb.
748 1315 959 1387 1705.
1019 1315 1280 1388 dubio:
1342 1339 1379 1381 «ι
1424 1317 1526 1387 An
1581 1320 1654 1388 in
1708 1335 1908 1405 casu,
1966 1336 2107 1408 quo
2142 1314 2537 1409 Episcopus
2574 1319 2887 1392 resideat

231 1454 264 1496 ›
299 1430 368 1499 in
421 1424 820 1498 cathedrali
874 1427 1315 1517 temporibus
1366 1428 1825 1520 praescriptis
1876 1448 1918 1499 a
1970 1448 2171 1501 sacro
2228 1428 2533 1502 Concilio
2594 1428 2891 1504 Triden-

235 1569 267 1609 ι
302 1541 479 1640 tino,
539 1539 782 1610 veniat
848 1539 1302 1630 punienduS,
1361 1559 1502 1629 qua
1558 1559 1834 1632 poena,
1894 1549 1964 1614 et
2018 1560 2057 1612 a
2112 1541 2376 1630 quibus
2440 1544 2512 1614 in
2574 1538 2804 1615 casu?
2844 1568 2882 1611 »

235 1651 466 1723 eadem
520 1649 893 1739 respondit
927 1669 944 1719 ε
1007 1674 1043 1714 α
1083 1648 1316 1722 Dilata
1354 1660 1423 1723 et
1473 1652 1563 1723 ad
1604 1662 1941 1726 mentem.
1978 1681 2015 1719 »
2070 1650 2394 1726 Iamvero
2433 1674 2519 1726 ex
2559 1653 2891 1727 Scarl'an-

233 1764 407 1836 tonio
460 1762 972 1834 animadvertit
1009 1762 1280 1834 Folium
1333 1763 1404 1834 in
1450 1763 1693 1856 Caluq.
1751 1770 1815 1836 ct
1867 1765 2171 1838 calceat.
2218 1765 2568 1838 Resident.
2617 1766 2731 1836 16.
2775 1762 2895 1837 Ia.-

234 1878 446 1948 nuarii
491 1874 706 1946 1740.
746 1872 821 1966 g.
867 1875 1113 1946 Verum
1166 1877 1239 1946 in
1291 1874 1462 1962 fine,
1521 1882 1828 1947 mentem
1884 1872 1954 1946 S.
1998 1873 2578 1966 congregationis
2629 1875 2890 1967 proba-

233 1987 454 2060 biliter
508 1987 700 2059 hanc
753 1985 998 2072 fuisse,
1056 1986 1434 2058 videlicet:
1497 2009 1534 2049 ιι
1572 1984 2002 2077 Episcopum
2060 1989 2495 2058 monendum
2549 2005 2704 2059 esse
2756 2005 2885 2078 per

238 2101 543 2171 »literas
596 2097 686 2171 de
739 2116 868 2169 sua
923 2098 1356 2190 obligatione
1426 2099 1517 2170 ad
1587 2097 1883 2169 formam
1954 2100 2273 2170 eiusdem
2343 2097 2681 2186 Concilii,
2736 2117 2885 2170 non

243 2231 464 2284 »vero
537 2210 749 2281 alicui
822 2227 1094 2300 poenae
1162 2227 1316 2281 esse
1388 2208 1804 2281 obnoxium.
1850 2235 1886 2275 »
1968 2208 2441 2281 Confirmatur
2494 2227 2579 2281 ex
2633 2209 2880 2282 eadem

239 2324 461 2416 δαῖος.
521 2329 589 2396 et
648 2321 952 2396 Calceat.
1013 2321 1320 2394 resoluta
1386 2321 1500 2392 die
1561 2323 1630 2391 3.
1674 2317 2250 2418 Sept..eiusdem
2305 2323 2500 2392 anni.
2559 2318 2885 2412 Namque

234 2433 333 2505 his
381 2435 766 2528 propositis
818 2431 1108 2505 dubiis:
1170 2455 1207 2497 «ι
1252 2433 1318 2502 1.
1360 2431 1466 2502 An
1518 2428 1915 2525 Episcopus
1966 2439 2295 2506 teneatur
2331 2434 2584 2505 saltem
2623 2433 2882 2505 diebus

241 2569 273 2612 ι»
304 2547 756 2638 praescriptis
805 2566 845 2616 a
899 2543 970 2616 S.
1009 2541 1222 2616 Cone.
1265 2540 1455 2616 Trid.
1498 2545 1687 2616 Sess.
1729 2546 1849 2616 23.
1893 2561 2052 2636 cap.
2100 2545 2166 2613 1.
2207 2546 2517 2617 residere
2555 2546 2628 2616 in
2667 2546 2886 2619 alter-

241 2683 273 2723 »
305 2667 455 2731 utra
508 2678 597 2730 ex
651 2658 1210 2744 cathedralibuS,
1272 2657 1514 2748 ibique
1566 2676 1806 2728 sacras
1858 2656 2259 2729 functiones
2311 2653 2656 2749 explere?
2697 2683 2733 2726 »
2791 2657 2883 2731 Et

239 2776 576 2857 quatenus
630 2769 1048 2842 affirmative
1122 2792 1159 2832 ιι
1199 2771 1271 2840 2.
1314 2767 1448 2856 An,
1506 2775 1574 2840 et
1627 2768 1890 2859 quibus
1941 2770 2190 2862 poenis
2251 2769 2739 2842 subiiciendus
2789 2771 2881 2843 sit

244 2904 279 2943 ν
313 2879 380 2950 in
428 2901 596 2952 casu
649 2900 793 2952 non
847 2877 1328 2953 residentiae?
1392 2883 1462 2951 3.
1508 2879 1612 2950 An
1667 2886 1737 2951 et
1791 2881 2144 2969 quomodo
2195 2881 2289 2952 sit
2339 2881 2877 2954 concedendum

247 3018 279 3057 ι
317 3011 563 3064 novum
618 2992 1004 3082 indultum,
1045 2994 1297 3065 saltem
1334 2992 1424 3063 ad
1463 2992 1813 3063 cautelam
1854 2991 1926 3061 in
1964 2986 2181 3063 casu?
2214 3018 2250 3057 ν
2309 2993 2384 3063 S.
2416 2989 2881 3082 Congregatio

240 3106 624 3196 respondit:
687 3128 725 3168 ιι
754 3101 1036 3192 Teneri,
1093 3111 1163 3176 et
1214 3103 1753 3175 concedendum
1792 3121 1947 3176 esse
1982 3102 2340 3175 indultum
2378 3103 2466 3171 ad
2504 3102 2879 3175 biennium

243 3238 281 3277 v
317 3216 496 3287 iuxta
534 3223 935 3288 mentem.»
969 3212 1162 3297 Quae
1199 3233 1362 3287 vero
1393 3232 1591 3287 mens
1620 3214 1858 3301 fuerit,
1890 3210 2101 3287 refert
2138 3212 2571 3286 Zambonius
2606 3221 2779 3286 tom.
2801 3216 2874 3284 3.

240 3324 438 3396 verbo
471 3328 848 3418 Episcopus
899 3325 974 3422 {-
1005 3329 1125 3398 21.
1169 3347 1242 3397 n.
1282 3328 1397 3398 10.
1447 3326 1520 3397 in
1575 3333 1779 3398 nota:
1841 3350 1877 3390 «ι
1910 3323 2158 3414 Neque
2196 3343 2321 3416 per
2356 3325 2756 3414 biennium,
2816 3325 2876 3397 si

239 3459 277 3498 v
317 3438 568 3510 tamdiu
604 3439 1014 3511 duraverint
1043 3440 1408 3531 expositae
1445 3438 1921 3524 infirmitates,
1955 3437 2267 3509 residere
2305 3438 2538 3511 valeat
2577 3438 2650 3509 in
2687 3438 2875 3509 dicta

238 3569 275 3609 ν
317 3548 580 3621 civitate
635 3548 966 3622 Lucronii
1021 3552 1234 3623 etiam
1289 3569 1414 3642 pro
1471 3558 1787 3640 tempore
1840 3549 2232 3638 AdventuS,
2290 3546 2703 3621 Nativitatis
2740 3547 2881 3647 Do:¹

241 3682 279 3720 ν
321 3660 514 3747 mini,
569 3658 1212 3752 Quadragesimac,
1272 3660 1551 3734 adiecta
1603 3668 1847 3735 tamen
1900 3681 2233 3752 expressa
2287 3662 2738 3748 conditione,
2795 3667 2876 3733 ut

241 3792 278 3832 ν
321 3771 630 3844 nimirum
700 3791 827 3863 pro
894 3772 1343 3845 hebdomada
1398 3773 1686 3857 maiori,
1753 3770 2101 3844 Paschate
2170 3770 2739 3844 Resurrectionis
2807 3777 2878 3843 et

241 3904 276 3943 ν
315 3875 732 3973 Pentecoste,
789 3904 1069 3957 necnon
1123 3884 1246 3957 SS.
1287 3884 1607 3977 Corporis
1658 3883 1912 3958 Christi
1968 3885 2146 3957 festo
2198 3886 2291 3955 ad
2329 3885 2749 3956 alterutram
2789 3901 2878 3954 ex

238 4016 274 4055 ι»
315 3993 452 4062 suis
500 3995 1030 4068 cathedralibus
1081 3999 1371 4069 omnino
1423 3997 1743 4081 accedat,
1803 4014 2037 4086 neque
2091 3995 2182 4067 ab
2234 3993 2641 4067 huiusmodi
2696 3992 2884 4065 obli-

239 4124 276 4165 »
319 4105 578 4191 gatione
630 4125 705 4179 se
760 4108 1063 4179 eximere
1117 4109 1367 4199 possit,
1408 4109 1545 4181 nisi
1583 4127 1671 4181 ex
1708 4126 1924 4180 causa
1978 4127 2188 4179 verae
2227 4106 2720 4197 impotentiae,
2761 4105 2877 4176 vel
2972 4190 2977 4195 ,

235 4235 270 4279 ›
312 4212 402 4284 ob
434 4218 873 4291 manifestum
911 4221 1098 4292 vitae
1132 4220 1543 4308 discrimen,
1571 4221 1813 4292 stricte
1849 4220 2155 4310 desuper
2192 4225 2483 4290 onerata
2520 4216 2674 4288 eius
2710 4236 2883 4289 con-

233 4347 270 4388 ι
310 4325 616 4400 scientia.
654 4354 690 4397 »
745 4326 851 4400 Ex
907 4332 1072 4422 Req.
1132 4332 1318 4402 liter.
1377 4330 1503 4402 lib.
1547 4333 1668 4402 29.
1727 4331 1869 4403 diei
1923 4332 1994 4402 3.
2038 4332 2237 4424 Sept.
2286 4330 2501 4401 1740.

387 4437 486 4509 10.
537 4437 691 4513 Non
744 4440 1006 4513 desunt
1057 4441 1418 4531 doctores,
1477 4444 1600 4533 qui
1651 4450 1952 4534 putent,
2009 4440 2397 4534 Episcopos
2468 4442 2541 4512 in
2593 4441 2883 4535 oppidis

231 4564 409 4617 suae
449 4551 737 4626 dioecesi
792 4553 1248 4626 conterminis
1316 4572 1525 4644 posse
1590 4555 1944 4645 residere,
2009 4554 2176 4627 licet
2237 4561 2438 4627 extra
2498 4551 2877 4625 dioecesim

226 4675 437 4733 suam
483 4668 759 4756 positiS,
817 4666 911 4740 ad
960 4666 1364 4758 exemplum
1415 4663 1895 4740 Cardinalium
1962 4663 2474 4761 Episcoporum
2541 4662 2880 4759 snurbi-
