3497 5235
1039 298 1160 373 Oop.
1185 298 1282 356 111.
1320 297 1394 355 Do
1434 296 1570 355 olore
1609 296 1885 356 annulari.
1928 299 1981 372 g.
2007 299 2055 354 1.
2766 294 2882 359 307

237 462 266 503 ι
300 441 364 507 et
401 451 573 504 nova
610 426 974 505 deducta?
1006 457 1043 501 ›
1103 433 1176 503 S.
1213 429 1430 522 Cong.
1476 430 1881 520 respondit:
1928 425 2335 522 ‹Negative
2372 428 2608 518 quoad
2645 428 2887 501 distri-

241 571 274 614 ι
301 544 644 632 butioneS,
679 562 867 634 quae
905 542 1411 634 praesentibus
1450 540 1833 628 debentur,
1875 542 1949 612 in
1989 541 2283 630 reliquis
2320 540 2771 613 affirmative.
2800 566 2839 608 ›

364 658 472 727 72.
529 652 741 728 quta
799 656 969 745 Cap.
1010 655 1303 726 unicum
1355 650 1962 734 Consuetudinem
2009 653 2090 725 de
2126 653 2293 723 cler.
2338 672 2478 725 non
2515 673 2651 724 res.
2692 654 2770 722 in
2808 651 2879 725 6.

238 768 745 842 distributiones
797 766 1157 839 debentur
1191 766 1304 852 iiS,
1356 765 1482 852 qui
1519 764 1610 835 ob
1663 763 2069 836 evidentem
2121 759 2462 837 ecclesiae
2498 764 2888 837 utilitatem

238 876 458 975 (veluti
489 879 708 951 huius
745 879 999 969 capitis
1039 878 1243 950 initio
1279 874 1681 971 posuimus)
1720 876 1988 948 absunt
2022 897 2062 946 a
2100 875 2357 947 choro:
2416 895 2602 966 quae
2638 884 2886 949 tamen

238 992 567 1083 dispositio
605 1009 927 1082 pugnare
966 991 1198 1082 prima
1237 988 1467 1059 fronte
1503 988 1785 1060 videtur
1821 1005 1980 1058 cum
2013 987 2183 1077 Gap.
2215 984 2389 1058 Cum
2428 1006 2572 1058 non
2599 987 2877 1077 deceat,

241 1103 308 1175 de
350 1105 557 1176 Elect.
600 1104 678 1174 in
719 1104 827 1186 6.,
866 1102 992 1173 ubi
1027 1101 1567 1174 distributiones
1606 1099 2065 1190 quotidianas
2101 1116 2183 1171 ea
2221 1100 2310 1171 de
2347 1117 2563 1170 causa
2601 1098 2883 1171 absenti

240 1216 495 1287 minime
547 1220 950 1305 competere
1005 1231 1214 1306 posse
1268 1214 1633 1285 statuitur.
1695 1211 2082 1303 Fagnanus
2143 1211 2235 1282 ad
2290 1211 2460 1301 Cap.
2520 1206 2745 1295 Licet,
2801 1208 2884 1281 de

240 1329 458 1399 Praeb.
517 1348 592 1398 n.
641 1326 808 1400 158.
850 1332 915 1399 et
959 1345 1100 1417 seq.
1165 1325 1510 1417 triplicem
1581 1324 1875 1396 adducit
1941 1324 2291 1394 rationem
2361 1341 2402 1392 a
2473 1320 2886 1394 doctoribus

238 1441 668 1531 propositam,
727 1457 871 1528 qua
928 1438 1072 1509 duo
1124 1436 1534 1508 huiusmodi
1587 1442 1827 1508 textus
1882 1437 2067 1507 inter
2113 1453 2189 1507 se
2227 1435 2743 1521 conciliantur;
2801 1450 2888 1503 ex

237 1550 465 1639 quibus
517 1567 679 1621 eam
718 1550 997 1639 recipit,
1061 1566 1248 1639 quae
1285 1549 1451 1635 fert,
1507 1548 2057 1620 distributiones
2103 1564 2243 1619 non
2283 1546 2558 1634 deberi,
2599 1546 2662 1617 si
2699 1545 2887 1617 adsit

238 1660 648 1733 consuetudo
701 1659 990 1730 easdem
1061 1677 1205 1731 non
1262 1660 1755 1751 percipiendi:
1830 1678 2035 1732 secus
2094 1678 2312 1748 vero,
2386 1661 2446 1731 si
2514 1658 2701 1729 desit
2751 1658 2889 1728 ista

233 1770 675 1842 consuetudo.
739 1767 1071 1842 «Verum
1124 1770 1197 1842 S.
1239 1769 1313 1842 C.
1357 1769 1569 1843 Conc.
1628 1767 1765 1866 (sic
1818 1772 1971 1861 ipse
2024 1791 2098 1843 n.
2146 1771 2313 1845 159.
2374 1772 2451 1842 in
2503 1768 2670 1865 fin.)
2723 1788 2892 1842 exa-

240 1907 274 1948 »
309 1883 579 1955 minatis
614 1881 1060 1973 singulorum
1114 1883 1600 1973 opinionibuS,
1660 1890 1731 1955 et
1777 1884 2074 1956 articulo
2121 1883 2502 1974 diligenter
2536 1883 2883 1970 discusso,

235 2017 271 2057 ›
305 1995 638 2066 intellexit
691 2000 970 2066 textum
1031 1994 1205 2066 Cum
1257 2013 1398 2065 non
1451 1993 1689 2068 deceat
1742 1997 1815 2066 in
1870 2013 1952 2067 eo
2003 2014 2203 2082 casu,
2259 1995 2334 2065 in
2387 2013 2529 2083 quo
2581 2011 2669 2065 ex
2721 2011 2892 2064 con-

243 2129 276 2169 »
310 2107 679 2179 suetudine
733 2106 1072 2179 absentes
1122 2106 1214 2178 ob
1268 2107 1674 2179 evidentem
1728 2107 2071 2179 ecclesiae
2124 2107 2506 2178 utilitatem
2545 2125 2692 2177 non
2729 2123 2890 2196 per-

233 2244 272 2286 »
316 2225 575 2312 cipiunt
627 2222 1206 2295 distributiones:
1285 2221 1412 2293 sed
1467 2238 1610 2291 non
1663 2219 1966 2310 probata
2036 2218 2441 2290 huiusmodi
2505 2223 2892 2289 consuctu-

235 2357 276 2398 ›
314 2334 462 2407 dine
494 2389 514 2425 ,
573 2337 908 2421 censuit,
975 2333 1312 2421 absentes
1364 2331 1454 2403 ob
1508 2331 1854 2406 ecclesiae
1908 2331 2292 2403 utilitatem
2348 2329 2890 2402 distributiones

235 2468 273 2511 ν
312 2446 554 2519 lucrari
612 2446 940 2538 perinde,
998 2465 1080 2516 ac
1116 2447 1174 2516 si
1214 2445 1478 2517 divinis
1532 2446 1965 2516 interessent
2016 2444 2212 2516 iuxta
2267 2450 2545 2515 textum
2585 2443 2659 2513 in
2716 2441 2886 2532 Cap.

223 2579 262 2622 ›
299 2559 523 2630 unice.
578 2555 675 2630 Et
707 2555 1288 2650 congregationis
1339 2558 1772 2631 sententiam
1825 2576 1887 2629 s.
1931 2575 2026 2629 m.
2084 2554 2349 2630 Paulus
2386 2551 2472 2628 V.
2514 2556 2607 2628 ad
2657 2573 2734 2627 se
2780 2571 2895 2626 re-

229 2691 267 2732 »
305 2666 516 2739 latam
572 2668 1023 2760 adprobavit.
1061 2694 1098 2738 ›

366 2781 477 2850 73.
527 2781 1057 2861 ,Animadvertit
1113 2782 1402 2872 insuper
1447 2781 1636 2853 idem
1675 2787 1924 2854 auctor
1975 2781 2025 2853 l.
2068 2801 2131 2853 c.
2174 2801 2249 2852 n.
2296 2780 2463 2854 160.
2506 2780 2598 2851 ad
2640 2780 2882 2866 finem,

211 2887 303 2961 de
342 2910 477 2981 quo
515 2894 777 2983 agitur,
824 2911 968 2964 non
1005 2892 1376 2985 suffragari
1434 2894 1815 2964 utilitatem
1871 2890 2230 2965 Ecclesiae
2269 2890 2719 2975 universaliS,
2759 2887 2887 2959 scd

211 3004 480 3092 requiri
518 3005 900 3075 utilitatem
939 3005 1282 3077 ecclesiae
1321 3006 1388 3074 in
1430 3005 1692 3094 specie,
1737 3005 1826 3075 ad
1867 3022 2085 3093 quam
2124 3003 2432 3094 pertinet
2466 3001 2883 3086 canonicuS,

207 3112 300 3185 de
354 3116 557 3187 cuius
610 3115 1241 3187 distributionibus
1294 3118 1687 3205 quaeritur.
1746 3113 1837 3187 Et
1892 3134 1964 3187 re
2018 3115 2305 3205 quidem
2344 3132 2508 3184 vera
2560 3111 2887 3184 canonici

202 3224 279 3294 in
333 3229 624 3299 servitio
695 3227 970 3299 Summi
1023 3226 1387 3300 Pontificis
1438 3228 1764 3318 occupati
1836 3245 1919 3298 ac
1971 3228 2313 3298 destinati
2383 3243 2561 3317 opus
2615 3223 2887 3296 babent

197 3336 495 3411 indulto
547 3339 889 3432 speciali,
967 3347 1044 3412 ut
1096 3339 1349 3411 abesse
1403 3340 1679 3430 possint
1732 3358 1772 3408 a
1825 3339 2063 3410 chor0.
2136 3335 2217 3410 Id
2271 3340 2629 3410 enimvero
2683 3337 2891 3407 lucu-

191 3448 601 3522 lentissime
656 3451 1188 3523 demonstratur
1224 3470 1311 3522 cx
1350 3469 1566 3522 causa
1618 3451 1947 3540 superius
2001 3457 2417 3536 memoratri,
2477 3451 2589 3521 cui
2635 3447 2890 3521 titulus

187 3561 452 3631 Dubia
501 3562 954 3633 Indultorum
1007 3565 1076 3633 6.
1123 3560 1286 3633 Maii
1345 3564 1610 3649 1820„
1682 3563 2099 3634 confirmata
2151 3563 2226 3633 in
2280 3565 2603 3635 Romana
2658 3560 2890 3634 Dubia

178 3671 481 3743 Induit.
540 3674 782 3763 quoad
837 3676 908 3745 3.
953 3673 1252 3745 dubium
1306 3674 1423 3746 die
1476 3675 1597 3744 25.
1641 3672 1805 3746 Maii
1871 3677 2079 3747 1822.

355 3782 478 3853 74.
534 3781 668 3865 Qui
741 3803 905 3855 vero
971 3786 1341 3876 speciatim
1395 3784 1485 3856 ob
1540 3788 1944 3859 evidentem
1998 3787 2337 3860 ecclesiae
2406 3788 2791 3860 utilitatem
2845 3808 2886 3859 a

167 3893 427 3967 choro
478 3895 733 3967 abesse
787 3904 1236 3986 reputentur,
1281 3916 1472 3969 nunc
1510 3915 1864 3989 exponere
1904 3919 1984 3971 ac
2022 3918 2387 3971 recensere
2423 3901 2881 3987 suscipimus.

166 4006 448 4080 Primo
499 4008 792 4097 quidem
844 4011 1150 4081 occurrit
1202 4010 1630 4096 canonicuS,
1690 4013 1812 4101 qui
1867 4009 2170 4102 Capituli
2227 4013 2334 4083 vel
2387 4012 2727 4082 ecclesiae
2767 4029 2893 4082 ne-

161 4123 392 4213 gotia
459 4126 1023 4209 pertractaturus
1095 4128 1383 4211 propter
1456 4120 1707 4193 horum
1781 4125 2161 4195 utilitatem
2215 4122 2505 4194 chorum
2561 4122 2884 4194 dimittit.

157 4230 374 4303 Nam
429 4227 502 4299 S.
538 4227 612 4301 C.
657 4224 884 4321 (apud
922 4229 1195 4303 Bened.
1237 4228 1430 4302 XIV.
1475 4234 1652 4306 Inst.
1694 4235 1861 4305 eccl.
1908 4234 2073 4307 107.
2118 4254 2192 4305 n.
2225 4232 2385 4322 54.)
2438 4251 2629 4304 anno
2671 4235 2885 4305 1588.

145 4343 346 4441 (lib.
395 4343 479 4413 5.
523 4343 782 4414 decret.
831 4363 1003 4436 paq.
1050 4338 1263 4440 104.)
1319 4368 1355 4409 α(
1394 4343 1682 4417 Censuit
1735 4344 1978 4416 deberi
2029 4342 2304 4417 Oratori
2343 4344 2893 4417 distributiones

146 4487 191 4528 ›
239 4455 756 4550 quotidianas
793 4474 919 4547 pro
955 4463 1302 4547 tempore,
1347 4476 1489 4547 quo
1528 4476 1688 4530 vere
1726 4456 1957 4529 abluit
1995 4477 2121 4550 pro
2158 4460 2462 4550 nogotiis
2497 4457 2887 4551 Capituli.»

133 4570 370 4644 Huic
445 4566 910 4639 declarationi
966 4569 1297 4641 addimus
1351 4570 1565 4641 aliam
1621 4569 1712 4641 ab
1768 4570 2015 4642 eodem
2069 4567 2556 4644 Lambertinio
2623 4572 2892 4645 ibidem

125 4684 513 4761 relatam
565 4681 640 4750 in
692 4698 909 4751 causa
966 4682 1323 4774 S3qovien.
1383 4683 1571 4755 inter
1638 4678 2014 4775 Hispalen.
2070 4679 2500 4776 Episcopum
2563 4692 2636 4759 et
2686 4684 2898 4777 Capi-
