3497 5235
1126 407 1247 485 0⁸1²·
1272 410 1368 468 111.
1409 413 1482 472 Do
1522 415 1655 472 olore
1697 416 1968 474 saeculari.
2010 417 2064 491 ξ.
2091 417 2170 474 12.
2869 408 2978 470 491

314 528 839 621 transigenteS,
906 555 1326 631 nunquam,
1382 562 1507 616 seu
1559 549 1844 620 nonnisi
1911 549 2001 621 ad
2072 556 2399 640 tempuS,
2473 545 3012 639 professionem·

312 643 673 730 emittunt,
734 647 918 719 inter
970 668 1149 739 quos
1200 650 1540 746 Religiosi
1593 676 1842 731 omnes
1893 661 2244 751 simplicia
2282 665 2442 732 vota
2484 665 2984 748 nuncupantes

315 766 948 831 connumerantur.
1012 760 1465 853 Apertissima
1504 770 1858 858 siquidem
1899 778 2008 842 est
2044 773 2233 843 dicta
2271 769 2570 843 Constit.
2612 767 2687 841 S.
2720 767 2819 842 Pii
2860 766 2978 858 V.,

317 881 458 953 qua
512 861 845 939 Summus
897 869 1221 945 Pontifex
1277 876 1640 952 decretum
1671 877 2161 955 Tridentinum
2199 901 2417 974 super
2456 881 2661 954 titulo
2700 883 2989 954 ordina-

316 975 529 1046 tionis
580 977 953 1053 declarans
1008 986 1406 1074 praedictos
1458 986 1883 1085 ReligiosoS,
1939 994 2394 1066 solemnitate
2446 999 2766 1064 votorum
2823 1012 2983 1084 per-

313 1094 533 1177 petuo
588 1106 727 1160 non
780 1091 1129 1183 obligatos
1181 1106 1399 1188 atque
1452 1101 1845 1193 devinctos,
1888 1105 1978 1176 ad
2033 1101 2336 1177 Ordines
2389 1125 2429 1175 a
2483 1104 2803 1194 quolibet
2845 1104 2983 1176 An-

315 1197 541 1269 tistite
593 1208 983 1289 promoveri
1039 1209 1430 1301 probibuit,
1480 1215 1609 1286 nisi
1666 1216 1879 1305 plane
1914 1217 2291 1289 observata
2329 1216 2554 1288 forma
2609 1216 2978 1289 memorati

314 1306 606 1381 decreti.
664 1307 847 1393 Quin
889 1316 1025 1387 imo
1078 1319 1559 1397 ordinationes
1597 1328 1799 1399 aliter
1834 1329 2061 1400 factas
2096 1330 2332 1400 irritas
2369 1328 2759 1401 declaravit
2792 1329 2979 1402 circa

312 1414 658 1494 Ordinum
700 1425 795 1495 ita
844 1435 1330 1519 susceptorum
1386 1441 1944 1528 exsecutionem,
1985 1440 2521 1529 ordinatosque,
2563 1441 2685 1530 qui
2743 1441 2813 1512 in
2851 1436 2983 1511 Or-

319 1531 610 1605 dinibus
666 1538 1066 1613 ministrare
1121 1544 1275 1616 ausi
1330 1546 1617 1637 fuerint,
1660 1551 2019 1624 inhabiles
2070 1551 2160 1623 ad
2199 1571 2691 1642 quascumque
2743 1571 2985 1626 exem-

310 1645 621 1733 ptioneS,
681 1651 1046 1743 privilegia
1101 1661 1171 1726 et
1226 1662 1489 1748 gratias
1540 1679 1697 1735 esse
1748 1665 1997 1753 voluit,
2056 1665 2491 1755 eosdemque
2542 1666 2842 1756 proinde
2888 1667 2975 1738 ir-

314 1758 679 1848 regulares
728 1763 944 1835 etiam
999 1784 1153 1837 esse
1207 1769 1546 1845 decrevit.

1139 2040 1277 2095 Art.
1316 2043 1397 2097 H.
1436 2045 1529 2100 De
1567 2048 1772 2101 sacris
1810 2052 2146 2105 exercitiis·

446 2244 872 2309 Sunnmuu.
926 2249 1073 2311 429.
1129 2250 1464 2318 Alexandri
1504 2257 1662 2332 Vll„
1716 2259 2065 2324 innocentii
2106 2234 2216 2325 xl.
2269 2272 2334 2325 et
2367 2262 2578 2325 innoc
2620 2262 2750 2325 xil.
2791 2280 2978 2347 prae-

303 2344 683 2430 scriptiones
731 2350 891 2411 cii-ca
940 2369 1104 2414 sacra
1158 2353 1452 2420 exercitia
1512 2356 1591 2422 ab
1653 2359 2021 2427 ordinandis
2085 2361 2460 2445 praesertim
2522 2362 2582 2426 in
2633 2361 2980 2430 maioribus

306 2447 647 2513 Ordinibus
709 2451 1093 2536 peragenda.
1164 2457 1397 2521 Eorum
1464 2461 1798 2526 utilitatem
1866 2462 2258 2529 demonstrat
2329 2476 2393 2529 et
2456 2463 2797 2550 amplificat
2860 2469 2975 2531 Be·

302 2550 459 2615 ned.
511 2554 585 2615 X
600 2554 674 2615 V.
710 2555 935 2620 -430,
984 2558 1047 2622 S.
1092 2558 1177 2622 Ci
1166 2576 1327 2644 ngr
1385 2560 1444 2627 in
1491 2562 1618 2627 suis
1666 2563 1741 2630 ad
1799 2566 2147 2653 Episcopos
2194 2566 2717 2652 responsionibus
2778 2588 2980 2654 super

298 2663 465 2717 statu
519 2653 896 2721 dioeceseon
948 2678 1167 2725 omnes
1233 2662 1422 2728 totius
1469 2665 1757 2731 catholici
1811 2670 1981 2732 orbis
2031 2670 2367 2735 Antistites
2413 2671 2705 2736 hortatur
2751 2684 2816 2738 et
2864 2693 2973 2738 ex-

302 2755 456 2819 citat
501 2754 577 2820 ad
628 2756 780 2822 haec
828 2778 997 2824 sacra
1048 2765 1347 2830 exercitia
1399 2766 1767 2833 ordinandis
1814 2771 2327 2855 praescribenda.

453 2979 619 3052 429.
662 2978 737 3051 S.
772 3001 865 3053 m.
904 2983 1297 3062 Alexander
1346 2987 1506 3061 Vll.
1563 2993 1639 3065 in
1689 3011 1821 3064 sua
1873 2991 2171 3067 Constit.
2215 2994 2641 3085 incipiente.
2683 2997 2974 3086 Aposto-

302 3079 448 3162 lica
500 3093 895 3167 sollicitudo
956 3102 1452 3191 praescripsit,
1512 3111 1589 3176 ut
1642 3105 1684 3174 ii
1740 3124 2031 3192 omnes,
2088 3107 2208 3196 qui
2268 3107 2338 3177 in
2392 3107 2577 3176 alma
2632 3104 2820 3179 Urbe
2876 3109 2968 3180 ad

301 3199 609 3275 Ordines
660 3214 990 3296 optarent
1044 3214 1457 3300 ascendere,
1501 3215 1747 3287 decem
1783 3217 2055 3288 dierum
2095 3218 2326 3308 spatio
2380 3219 2516 3308 piis
2569 3220 2974 3292 meditatio-

299 3313 561 3402 nibus,
621 3317 827 3408 vulgo
893 3322 1386 3410 spiritualibus
1439 3328 1793 3399 exercitiis
1861 3347 2150 3418 operam
2203 3329 2482 3400 darent.
2548 3326 2967 3404 Huiusmodi

298 3429 932 3517 praescriptionem
985 3450 1112 3522 pro
1164 3419 1636 3528 suscipiendis
1672 3434 2062 3511 Ordinibus
2102 3449 2246 3513 tam
2279 3441 2706 3528 minoribus,
2749 3462 2966 3533 quarn

298 3538 691 3611 maioribus
752 3561 811 3612 s.
857 3562 951 3612 m.
1014 3541 1383 3621 innocent.
1448 3546 1574 3620 XI.
1632 3570 1759 3641 per
1811 3549 2086 3623 Literas
2140 3554 2536 3643 encyclicas
2589 3551 2662 3624 S.
2706 3551 2958 3647 Congr.

297 3644 541 3738 Episc.
584 3659 652 3723 et
707 3648 964 3743 Regni.
1009 3657 1149 3729 diei
1202 3661 1272 3730 3.
1315 3658 1637 3733 Octobris
1681 3663 1895 3735 1682.
1939 3661 2133 3758 (Vid.
2175 3663 2446 3737 Ferrar.
2492 3666 2706 3739 verbo
2744 3670 2969 3740 Erer-

300 3760 476 3831 citia
544 3762 995 3861 spiritualia)
1071 3770 1379 3844 iniunxit
1437 3773 1973 3865 Archiepiscopo
2029 3772 2582 3865 Mediolanensi,
2651 3781 2964 3868 itemque

299 3872 634 3944 omnibus
688 3872 1246 3970 Metropolitanis
1284 3880 1533 3957 ltaliae
1580 3893 1651 3959 et
1705 3886 2184 3958 adiacentium
2227 3890 2645 3977 insularum,
2689 3898 2766 3961 ut
2803 3908 2960 3962 eam

299 4003 343 4054 a
397 3988 699 4075 propriis
751 3989 1233 4082 suffraganeis
1284 3995 1641 4068 observari
1683 3999 2038 4070 iuberent.
2082 4000 2153 4069 S.
2194 4019 2287 4068 m.
2332 3995 2579 4072 Innoc.
2629 3998 2793 4071 xli.
2838 4020 2964 4092 per

296 4097 480 4168 alias
522 4095 792 4171 Literas
831 4106 1223 4195 encyclicas
1277 4105 1348 4176 S.
1393 4106 1465 4178 C.
1511 4107 1748 4198 Episc.
1791 4117 1862 4181 et
1898 4107 2154 4200 Regul.
2197 4111 2338 4183 diei
2383 4111 2447 4182 1.
2493 4110 2699 4184 Febr.
2742 4115 2956 4186 1700.

297 4210 777 4299 spiritualium
817 4219 1311 4290 exercitiorum
1352 4229 1805 4311 praeceptum
1845 4223 2265 4294 ordinandis
2308 4225 2698 4315 impensius
2738 4227 2968 4298 incul-

296 4320 513 4408 cavit,
573 4340 656 4393 ac
709 4334 1073 4414 praeterea
1131 4329 1221 4401 ad
1275 4332 1452 4402 alios
1503 4331 1590 4403 de
1637 4333 1821 4404 clero
1859 4335 2182 4406 extendit
2225 4343 2436 4426 prout
2477 4337 2712 4408 videre
2747 4345 2855 4410 est
2889 4339 2965 4410 in

290 4431 492 4504 hisce
548 4430 830 4525 Literis,
888 4456 1072 4527 quas
1124 4442 1455 4514 dabimus
1508 4444 1580 4513 in
1634 4444 1994 4516 volumine
2047 4442 2183 4515 111.
2242 4446 2376 4518 sub
2434 4466 2631 4518 num.
2676 4448 2793 4521 40.

444 4547 948 4623 Adnotandum
993 4563 1224 4627 tamen
1263 4565 1398 4644 est,
1432 4558 1783 4648 integrum
1817 4557 2057 4630 decem
2099 4560 2370 4630 dierum
2409 4562 2719 4650 spatium
2759 4579 2971 4652 prae-

290 4661 513 4735 scribi
556 4663 664 4750 iiS,
699 4666 817 4754 qui
849 4684 1087 4738 sacros
1115 4663 1444 4756 Ordines,
1478 4687 1603 4739 seu
1637 4669 1936 4739 maiores
1972 4671 2365 4762 suscepturi
2394 4679 2607 4743 sunt:
2651 4691 2962 4764 namque

290 4775 387 4848 de
440 4775 627 4864 aliis,
669 4779 791 4867 qui
830 4778 919 4850 ad
975 4781 1280 4853 minores
1316 4777 1620 4855 Ordines
1671 4784 2076 4869 initiantur,
2116 4787 2556 4859 consuetudo
2591 4788 2735 4861 lere
2771 4807 2963 4862 com-
