3497 5235
765 279 1045 357 Appendix.
1084 284 1158 342 Do
1198 283 1569 345 sanctissimo
1607 279 1969 343 nuenariana-
2008 282 2339 358 exporitiono.
2766 282 2895 368 ill,

255 423 616 509 sancteque
671 425 910 510 gestas
962 441 1002 491 a
1054 421 1442 494 venerabili
1500 422 1644 492 viro
1695 417 2020 492 Iuvenali
2055 418 2353 508 Ancina,
2410 415 2663 490 Salutii
2712 414 2884 509 Epi-

254 550 462 623 scopo,
520 538 591 604 et
646 529 720 603 S.
766 529 1070 627 Philippi
1123 535 1404 622 comite,
1462 538 1963 604 commemorat
2016 533 2090 603 in
2141 530 2399 623 oppido
2436 527 2758 622 Dogliani
2812 532 2886 601 in

255 640 554 735 Liguriae
607 645 877 716 finibus
929 664 1068 717 non
1121 647 1330 738 longe
1384 667 1424 716 a
1478 642 1752 717 Tanaro
1810 645 2283 736 quadraginta
2339 644 2672 715 horarum
2724 662 2888 734 pre-

252 757 575 827 cationem
628 756 963 846 edixisse,
1020 759 1111 831 ad
1164 776 1379 849 quam
1428 763 1774 831 nocturno
1827 756 2578 847 diurnoque'tempore
2633 757 2887 847 ingens

251 868 463 959 populi
521 868 908 940 multitudo
960 870 1412 960 confluebat,
1469 888 1653 962 quae
1723 870 2138 960 suppliciter
2188 869 2281 941 ad
2332 869 2705 941 colendam
2774 888 2888 939 sa-

251 999 410 1051 cram
465 977 1023 1069 Eucharistiam,
1079 983 1549 1073 ordinateque
1600 981 2059 1075 procedebat.

365 1094 488 1165 20.
535 1089 806 1165 Romae
842 1093 1312 1186 quadraginta
1351 1094 1683 1166 horarum
1712 1094 2052 1185 precatio,
2085 1099 2156 1165 et
2193 1093 2404 1165 Sacra
2432 1088 2882 1166 Eucharistia

249 1209 565 1278 continuo
617 1207 1172 1297 coniunguntur.
1213 1203 1296 1278 In
1334 1207 1470 1279 hac
1505 1212 1741 1278 autem
1777 1206 2061 1278 civitate
2097 1205 2416 1277 divinum
2469 1205 2886 1278 Sacramen-

251 1324 372 1388 tum
421 1319 736 1409 singulis
786 1317 1041 1390 diebus
1093 1319 1500 1410 exponitur.
1557 1315 1645 1388 In
1698 1315 2127 1408 quibusdam
2183 1317 2396 1389 etiam
2434 1317 2752 1390 ecclesiis
2798 1318 2889 1390 ad

251 1430 325 1503 to
366 1432 587 1504 boras
642 1433 1080 1524 producitur,
1137 1440 1216 1506 ut
1267 1452 1352 1505 ex
1405 1432 1698 1519 tabella,
1757 1449 1943 1523 quae
1994 1433 2068 1502 in
2120 1431 2348 1503 lucem
2400 1431 2753 1524 prodibit,
2808 1431 2894 1503 li-

248 1544 441 1632 quido
496 1544 1061 1618 confirmabitur.
1120 1543 1326 1617 Hanc
1375 1564 1582 1638 porro
1635 1544 2223 1616 consuetudinem
2276 1544 2429 1616 sine
2481 1543 2627 1616 ulla
2665 1550 2898 1616 muta-

250 1654 416 1727 tione
469 1673 882 1745 sequemur.
943 1654 1114 1731 Illas
1166 1666 1405 1730 tamen
1459 1657 1776 1730 muneris
1827 1658 2048 1729 nostri
2102 1662 2341 1746 partes
2394 1656 2761 1745 ducimus,
2820 1665 2898 1730 ut

247 1766 516 1839 debitus
572 1787 816 1840 sacrae
866 1767 1356 1843 Eucharistiae
1411 1770 1646 1843 cultus
1697 1753 2123 1842 exsolvatur.
2184 1765 2654 1851 Quamobrem
2692 1787 2898 1861 prae-

247 1879 562 1969 cipimuS,
606 1886 687 1951 nt
722 1900 952 1952 coram
992 1882 1139 1970 illa,
1181 1883 1350 1955 dum
1387 1883 1461 1955 in
1497 1883 1704 1955 altari
1742 1882 2004 1973 populo
2040 1881 2403 1953 adoranda
2440 1883 2888 1972 proponitur,

253 2010 449 2077 unnS,
508 1991 626 2064 vel
672 1993 811 2064 duo
846 1995 1273 2083 sacerdoteS,
1315 1994 1426 2068 vel
1462 1995 1604 2067 duo
1639 1994 1892 2066 saltem
1930 1994 2002 2065 in
2038 1993 2256 2066 sacris
2306 1989 2696 2066 Ordinibus
2730 2012 2903 2067 con-
2962 2017 2971 2022 ·

251 2104 493 2194 stituti,
556 2105 1066 2197 superpelliceo
1120 2105 1380 2195 induti,
1436 2107 1783 2196 flexisque
1822 2104 2123 2197 genibus
2174 2105 2507 2177 intersint
2542 2112 2709 2177 ante
2744 2123 2898 2176 sca-

248 2235 474 2288 mnum
513 2234 762 2308 panno
795 2217 998 2289 rubei
1050 2219 1160 2291 vel
1213 2219 1505 2290 alterius
1542 2218 1820 2305 coloris,
1877 2218 2001 2308 qui
2048 2218 2479 2289 conveniens
2512 2216 2890 2306 habeatur,

248 2328 326 2399 ad
371 2329 702 2402 infimum
757 2329 997 2402 altaris
1052 2331 1347 2422 gradum
1397 2332 1653 2422 posite.
1711 2326 1798 2402 Id
1851 2337 2094 2403 autem
2139 2330 2613 2418 decernimuS,
2657 2336 2735 2403 ut
2768 2330 2892 2402 fiat

246 2440 310 2511 in
359 2440 692 2531 qualibet
743 2443 1037 2515 ecclesia
1089 2444 1305 2516 etiam
1356 2440 1861 2536 Regularium,
1917 2442 2042 2540 ubi
2093 2440 2539 2515 Eucharistia
2605 2443 2892 2535 publice

244 2553 614 2643 exponitur
681 2554 878 2626 iuxta
948 2553 1331 2644 tabellam,
1389 2556 1498 2628 vel
1551 2557 1764 2629 etiam
1818 2553 1908 2626 ob
1962 2553 2373 2627 facultatem
2423 2556 2883 2649 peculiarem,

247 2667 380 2737 sive
419 2673 847 2738 consuetum
882 2667 1215 2740 horarum
1251 2670 1558 2760 spatium
1597 2673 1942 2756 servetur,
1983 2667 2132 2740 sive
2166 2667 2382 2740 borae
2420 2668 2892 2760 quadraginta

244 2784 672 2850 statuantur.
703 2775 830 2861 Qui
868 2798 1013 2851 non
1049 2781 1391 2874 paruerit,
1433 2779 1724 2852 arbitrio
1761 2785 2002 2851 nostro
2039 2779 2402 2871 punietur.
2434 2777 2894 2871 Quocumque

246 2889 445 2979 igitur
503 2891 716 2965 modo
783 2889 1273 2966 Eucharistiae
1343 2895 1876 2967 Sacramentum
1932 2894 2004 2964 in
2059 2898 2299 2964 nostra
2351 2890 2895 2984 Metropolitana

247 3010 664 3093 exponatur,
720 3012 968 3077 curent
1020 3006 1268 3078 sedulo
1320 3003 1678 3094 Canonici,
1735 3012 1814 3078 ut
1866 3006 2134 3078 tabella
2171 3007 2262 3079 ad
2297 3006 2683 3077 sacrarium
2721 3006 2895 3097 figa-

250 3120 380 3204 tur,
432 3119 508 3189 in
563 3136 708 3207 qua
761 3125 1044 3190 notetur
1093 3119 1425 3190 horarum
1478 3127 1791 3211 tempuS,
1840 3137 2231 3209 eorumque
2266 3117 2582 3206 nomina,
2625 3119 2776 3207 qui,
2814 3124 2896 3188 ut

251 3244 453 3318 supra
506 3229 779 3302 dictum
831 3237 980 3319 est,
1038 3231 1161 3302 diu
1213 3236 1572 3323 noctuque
1643 3236 1811 3303 ante
1865 3250 2136 3303 sacram
2189 3227 2708 3303 Eucharistiam
2761 3249 2893 3301 sua

247 3344 644 3430 precatione
697 3341 897 3433 fungi
948 3341 1287 3415 debeant.
1344 3340 1542 3414 Idem
1579 3344 1867 3415 omnino
1904 3350 2218 3415 servetur
2255 3364 2294 3415 a
2330 3340 2726 3431 canonicis,
2769 3343 2892 3433 qui

249 3446 637 3547 Collegiatis
691 3456 1133 3545 inserviunt,
1188 3475 1347 3527 cum
1401 3456 1476 3527 in
1530 3454 1780 3528 iisdem
1824 3475 2047 3528 sacra
2101 3454 2550 3528 Eucharistia
2610 3454 2896 3548 publice

252 3574 659 3656 exponetur.
702 3564 1010 3640 Videant
1044 3565 1400 3654 Canonici,
1443 3576 1525 3641 ut
1560 3567 1853 3658 reliquis
1887 3569 2208 3660 exemplo
2247 3569 2588 3660 praesint,
2620 3586 2899 3641 eorum-

254 3698 386 3768 que
438 3681 729 3752 nomina
783 3680 857 3751 in
905 3680 1244 3753 tabellam
1314 3679 1738 3769 referantur,
1806 3698 2040 3769 neque
2110 3686 2337 3752 totum
2399 3699 2581 3754 onus
2640 3683 2715 3752 in
2775 3699 2896 3753 eos

251 3793 638 3864 sacerdotes
688 3791 1038 3880 reiiciant,
1079 3794 1203 3882 qui
1239 3793 1329 3864 ad
1364 3790 1741 3864 solvendas
1779 3792 1853 3862 in
1887 3792 2099 3863 choro
2149 3791 2427 3865 divinas
2479 3792 2728 3864 laudes
2777 3791 2901 3863 de·-

251 3904 618 3977 stinantur.
662 3900 747 3976 ld
782 3905 1071 3976 omnino
1123 3911 1444 3976 servatur
1480 3901 1747 3977 Romae
1801 3904 1877 3976 in
1928 3901 2270 3976 Vaticana
2306 3905 2721 3996 praesertim
2758 3902 2896 3978 Ba-

251 4015 465 4104 silica,
520 4017 641 4090 ubi
693 4035 820 4108 per
873 4018 1111 4110 plures
1163 4036 1390 4090 annos
1441 4018 1626 4090 inter
1659 4016 2046 4089 Canonicos
2097 4018 2543 4090 adnumerati
2595 4016 2886 4090 suimus.

250 4120 578 4202 Eamdem
647 4131 1237 4203 consuetudinem
1305 4137 1555 4203 tenent
1623 4130 1894 4202 Summi
1960 4126 2322 4203 Pontificis
2389 4131 2754 4204 domestici
2826 4137 2898 4204 et

253 4238 643 4331 familiares,
702 4261 864 4316 cum
904 4244 976 4314 in
1011 4244 1270 4316 sacello
1306 4239 1605 4314 Paulino
1648 4260 1776 4333 per
1810 4242 2020 4313 horas
2058 4244 2533 4336 quadraginta
2572 4244 2895 4317 divinum

251 4346 726 4428 Eucharistiae
782 4342 1315 4428 Sacramentum
1370 4355 1773 4446 exponitur.
1843 4350 2041 4426 Idem
2104 4356 2617 4445 praestandum
2670 4359 2803 4430 erit
2855 4374 2899 4429 a

257 4456 713 4556 Regularibus
764 4468 840 4539 in
891 4469 1038 4540 suis
1088 4467 1430 4555 ecclesiiS,
1488 4474 1568 4540 ut
1618 4463 1888 4538 Romae
1936 4467 2259 4540 similiter
2322 4467 2550 4542 facere
2602 4488 2903 4542 consue-

262 4587 517 4653 verunt.
573 4578 872 4653 Parocbi
924 4599 1113 4669 ver0,
1169 4599 1329 4653 cum
1382 4599 1580 4652 sacra
1632 4575 2080 4652 Eucharistia
2132 4582 2206 4653 in
2245 4582 2391 4654 suis
2426 4581 2743 4656 ecclesiis
2778 4601 2901 4654 ex-

262 4694 566 4779 ponenda
617 4695 780 4786 erit,
836 4693 1241 4767 sacerdotes
1291 4693 1609 4784 aliosque
1661 4691 1880 4765 sacris
1930 4688 2320 4767 Ordinibus
2372 4694 2713 4793 initiatOS,
2770 4693 2894 4793 qui
