3497 5235
571 307 689 383 οη.
714 309 784 365 11.
824 309 896 367 n.
933 310 1195 385 nvi-om,
1233 310 1640 386 Areum-eope,
1680 311 1908 370 Primto
1948 289 2368 370 afranium.
2409 313 2462 384 g,
2490 311 2539 367 7.
2766 305 2885 368 285

280 466 308 510 »
335 440 788 530 ductionibuS,
829 452 1242 534 procurator
1278 445 1538 517 fiscalis
1575 437 1915 518 exhibeat
1952 447 2105 516 iura
2144 461 2461 517 mensae.
2498 468 2539 509 ι»
2592 439 2892 513 Verum-

271 562 489 643 tamen,
530 554 723 645 quod
761 557 1009 643 sciam,
1051 575 1267 628 causa
1320 556 1595 629 isthaec
1645 575 2042 647 numquam
2096 557 2273 626 alias
2327 554 2688 646 proposita
2726 552 2887 640 tuit,

274 673 325 738 et
364 666 723 740 indefinita
777 670 1150 741 remansit.

380 779 533 849 248.
590 774 793 860 Quod
847 781 1160 869 pertinet
1214 781 1306 852 ad
1360 785 1655 869 quotam
1707 780 2377 866 emolumentorum,
2419 795 2605 868 quae
2643 777 2735 848 ad
2769 772 2898 846 Vi-

272 890 487 960 carium
540 886 1023 980 Capitularem
1076 893 1413 982 pertinet,
1468 891 1675 963 modo
1728 889 2061 977 vidimus,
2104 909 2425 961 normam
2464 889 2653 960 hanc
2689 908 2730 958 a
2767 886 2897 958 do-

271 1002 533 1074 ctoribus
584 1001 800 1091 tradi,
858 1004 1052 1093 quod
1102 1005 1442 1075 nimirum
1498 1005 1981 1077 emolumenta
2037 1003 2186 1091 illa,
2245 1003 2744 1100 quaeratione
2781 1001 2895 1072 sui

270 1110 430 1183 officii
483 1110 761 1185 Vicario
812 1111 1145 1204 Episcopi
1202 1114 1587 1203 debentur,
1644 1115 1816 1186 sede
1867 1120 2214 1202 vacante,
2274 1114 2527 1187 cedere
2579 1113 2896 1185 debeant

266 1221 570 1296 beneficio
623 1222 883 1298 Vicarii
937 1224 1391 1318 Capitularis.
1450 1222 1602 1308 Qua
1656 1227 1728 1297 in
1783 1245 1862 1298 re
1918 1232 2235 1317 praestat
2288 1226 2528 1316 aliqua
2596 1227 2897 1297 innuere

269 1335 335 1406 de
374 1356 578 1409 causa
635 1338 1016 1412 Mexicana
1073 1336 1189 1408 14.
1244 1335 1451 1408 Febr.
1501 1339 1751 1426 1857„
1810 1338 1882 1408 in
1937 1357 2081 1427 qua
2134 1333 2205 1408 S.
2247 1333 2355 1426 C.,
2411 1334 2899 1427 peculiaribus

265 1449 563 1539 inspectis
599 1450 1184 1538 circumstantiis,
1226 1451 1613 1539 rescripsit,
1648 1447 1926 1522 Vicario
1962 1448 2353 1541 Capitulari
2387 1447 2702 1519 dandam
2742 1464 2898 1518 esse

268 1568 555 1648 quartam
608 1567 888 1652 partem
942 1562 1301 1633 redituum
1357 1578 1978 1651 quorumcumque
2031 1561 2121 1632 ad
2176 1578 2493 1632 mensam
2533 1559 2900 1649 pertinen-

264 1672 428 1743 tium.
486 1671 659 1747 Cum
713 1673 904 1743 enim
956 1690 1083 1763 per
1136 1674 1376 1763 plures
1411 1690 1667 1761 annos,
1713 1673 1979 1763 quibus
2030 1673 2239 1745 sedes
2275 1668 2899 1763 archiepiscopalis

268 1780 819 1875 Angelopolitana
870 1785 1176 1872 vacavit,
1234 1781 1491 1856 Vicarii
1545 1783 1975 1876 Capitularis
2025 1803 2289 1856 munus
2343 1782 2694 1875 gradatim
2741 1799 2902 1871 per-

265 1894 558 1967 tulissent
619 1902 766 1967 tum
820 1891 1171 1986 Iosephus
1221 1891 1309 1966 N.
1352 1893 1473 1984 N.‚
1522 1903 1678 1968 turn
1721 1896 2028 1987 Angelus
2081 1892 2168 1966 N.
2210 1890 2330 1983 N.‚
2372 1899 2616 1966 evecto
2652 1898 2901 1985 postea

262 2005 333 2075 ad
374 2007 615 2079 sedem
671 2004 1333 2097 Angelopolitanam
1389 2009 1542 2099 ipso
1595 2004 1906 2098 Iosepho
1977 2003 2066 2078 N.
2121 2003 2246 2095 N.‚
2304 2004 2615 2098 Angelus
2676 2001 2895 2076 Ν.·Ν.

264 2119 430 2205 petiit
485 2139 525 2190 a
578 2117 650 2196 S.
694 2115 982 2210 Congr.,
1041 2126 1119 2191 ut
1173 2121 1516 2190 salarium
1572 2138 1698 2210 pro
1754 2125 1950 2210 gesto
1990 2116 2243 2189 Vicarii
2281 2116 2707 2209 Capitularis
2745 2135 2901 2186 mu-

262 2244 400 2299 nere
446 2229 772 2300 debitum
825 2228 1245 2318 solveretur,
1305 2229 1639 2321 factoque
1695 2230 1958 2302 dubio:
2040 2252 2077 2297 ‹
2123 2229 2225 2302 An
2277 2236 2349 2302 et
2400 2229 2754 2319 quomodo
2808 2228 2904 2300 sit

267 2338 506 2411 »locus
558 2340 897 2411 solutioni
967 2341 1208 2412 salarii
1279 2341 1516 2415 favore
1570 2343 1895 2415 canonici
1958 2341 2199 2433 Angeli
2252 2338 2340 2412 N.
2379 2338 2466 2411 N.
2525 2360 2652 2433 pro
2708 2346 2905 2432 gesto

263 2472 293 2515 ›
325 2469 606 2523 munere
642 2448 903 2523 Vicarii
941 2449 1367 2543 Capitularis
1406 2456 1478 2526 in
1516 2448 1732 2527 casu?
1767 2480 1803 2524 ›
1859 2452 2017 2526 Emi
2056 2451 2302 2525 Patres
2336 2454 2899 2544 rescripserunt:

267 2581 295 2625 ι
331 2558 625 2638 Attentis
660 2563 1143 2656 peculiaribus
1179 2567 1761 2655 circumstantiiS,
1795 2565 2217 2639 affirmative
2252 2585 2381 2659 pro
2412 2571 2669 2658 quarta
2704 2571 2909 2658 parte

266 2696 296 2739 ›
327 2677 676 2750 redituum
731 2694 820 2747 ex
873 2694 1324 2769 quocumque
1378 2680 1585 2751 titulo
1640 2698 1930 2752 mensae
1989 2682 2276 2752 vacanti
2328 2680 2824 2752 obventorum.
2863 2702 2902 2748 »

381 2788 546 2859 249.
591 2785 900 2859 Tametsi
951 2807 1114 2860 vero
1152 2790 1463 2881 Angelus
1498 2786 1587 2862 N.
1617 2787 1703 2860 N.
1748 2809 1892 2862 non
1930 2793 2124 2863 omni
2159 2793 2551 2863 vacationis
2588 2796 2907 2880 tempore

258 2892 591 2971 vicarium
643 2898 1122 2990 Capitularem
1176 2904 1461 2995 egisset,
1520 2904 1579 2973 si
1635 2903 1926 2993 quidem
1965 2903 2238 2994 aliquot
2276 2904 2486 2975 annis
2521 2903 2596 2971 in
2632 2918 2715 2971 eo
2753 2918 2912 2969 mu-

257 3028 410 3085 nere
440 3009 793 3104 Iosephus
827 3010 914 3083 N.
949 3010 1036 3084 N.
1080 3012 1339 3104 fuerat,
1380 3015 1846 3089 nihilominus
1883 3017 2076 3089 illius
2111 3017 2458 3089 haeredes
2494 3011 2678 3107 (ipse
2715 3013 2907 3084 euim

259 3121 408 3195 dum
454 3126 635 3198 haec
686 3131 1094 3218 agerentur,
1153 3127 1345 3199 diem
1397 3145 1811 3219 supremum
1856 3126 2207 3224 obiverat)
2262 3133 2589 3217 quartam
2630 3131 2909 3215 partem

255 3234 374 3307 sibi
425 3236 859 3329 arrogabant
929 3239 1147 3310 totius
1210 3240 1476 3311 cumuli
1539 3242 1860 3311 omnium
1916 3259 2310 3329 annorum,
2370 3238 2635 3329 quibus
2704 3237 2910 3311 sedes

255 3363 457 3420 vacua
506 3355 992 3437 remanserat,
1049 3351 1138 3421 iis
1188 3352 1407 3422 etiam
1459 3352 1795 3424 omnibus
1846 3351 2416 3441 comprehensis,
2476 3350 2741 3441 quibus
2791 3348 2913 3421 Vi-

253 3460 467 3533 carius
501 3461 738 3533 fuerat
787 3461 936 3551 ipse
975 3457 1349 3551 Iosephus.
1399 3464 1482 3535 At
1537 3482 1698 3535 vero
1745 3460 1818 3533 S.
1853 3460 1928 3533 C.
1973 3463 2047 3532 in
2082 3463 2668 3554 Anqelopolitana
2704 3463 2914 3535 Emo-

250 3569 707 3645 lumentorum
766 3573 887 3642 23.
931 3568 1162 3643 Martii
1221 3574 1434 3646 1861.
1497 3574 1771 3647 edixit:
1854 3594 1893 3639 ‹
1932 3579 2261 3663 quartam
2315 3579 2589 3664 partem
2643 3574 2915 3645 emolu-

256 3703 290 3747 »
325 3691 723 3756 mentorum
757 3685 1101 3756 canonico
1143 3683 1405 3776 Angelo
1442 3681 1529 3756 N.
1562 3681 1648 3757 N.
1693 3686 2129 3776 assignatam
2171 3685 2725 3776 computandam
2766 3703 2913 3757 non

253 3817 291 3862 >
325 3812 477 3869 esse
526 3797 780 3869 habita
825 3797 1098 3868 ratione
1151 3798 1245 3868 ad
1302 3803 1523 3869 totum
1565 3803 1849 3889 tempus
1883 3798 2279 3869 vacationis
2316 3815 2604 3868 mensae
2642 3798 2917 3886 episco-

253 3928 290 3973 ›
328 3909 529 3998 paliS,
584 3908 713 3981 sed
768 3908 1005 3999 potius
1057 3909 1148 3981 ad
1200 3913 1486 3999 tempus
1523 3912 1701 4000 gesti
1741 3909 2060 3981 muneris
2097 3906 2353 3980 Vicarii
2390 3906 2840 3998 Capitularis,
2872 3933 2910 3978 >

246 4013 662 4093 Huiusmodi
702 4019 1033 4106 dubium,
1074 4019 1370 4093 obtenta
1413 4022 1620 4092 venia
1658 4039 1885 4092 novae
1922 4021 2362 4107 audientiae,
2405 4019 2915 4092 consultationi

245 4127 500 4201 iterum
533 4131 980 4223 propositum
1018 4128 1151 4201 fuit
1190 4132 1260 4201 in
1298 4133 1600 4204 comitiis
1651 4133 1766 4203 18.
1810 4133 1983 4225 Aug.
2024 4132 2271 4220 1866„
2313 4130 2438 4202 sed
2474 4127 2633 4200 Emi
2670 4128 2916 4204 Patres

245 4246 598 4314 steterunt
648 4243 727 4313 in
781 4242 1029 4314 decisis
1081 4248 1148 4315 et
1196 4243 1534 4335 ampliu&

397 4353 555 4424 250.
598 4350 1092 4434 Quaerebatur
1125 4354 1200 4425 in
1236 4354 1555 4427 secundo
1582 4353 1989 4444 praedictae
2018 4354 2433 4426 Meoeicanae
2460 4352 2708 4441 dubio,
2741 4371 2920 4443 quo-

247 4461 459 4534 modo
488 4462 1033 4556 ‘providendum
1084 4473 1271 4539 esset
1326 4466 1400 4536 in
1454 4465 1771 4537 futurum
1825 4484 1972 4536 non
2024 4466 2250 4537 solum
2299 4467 2371 4536 iu
2409 4467 2576 4538 sede
2621 4465 2922 4557 Angelo-

241 4573 588 4664 politana,
644 4575 773 4647 sed
820 4576 1038 4648 etiam
1092 4576 1168 4646 in
1218 4578 1554 4649 universa
1590 4572 1961 4649 Mexicana
1998 4578 2410 4667 provincia:
2470 4596 2697 4669 eaque
2736 4579 2918 4651 ratio

241 4681 421 4771 fuit,
467 4704 585 4757 cur
619 4704 834 4759 causa
869 4686 1280 4769 Mexicana,
1317 4688 1482 4760 licet
1517 4688 1885 4779 speciatim
1926 4689 2016 4758 de
2055 4686 2691 4780 Angelopolitanae
2728 4689 2922 4761 dioe-
