3497 5235
1066 278 1185 352 ⁰⁸1⁹·
1212 279 1308 337 111.
1349 280 1420 337 Do
1450 252 1595 337 *clero
1636 279 1906 337 numni.
1949 280 2001 353 §-
2028 278 2109 336 13.
2805 270 2928 335 503

402 406 725 483 Iamvero
778 412 960 485 circa
1014 413 1304 487 laicales
1356 412 1764 484 huiusmodi
1802 413 2241 504 capellanias
2279 431 2423 484 non
2461 429 2620 483 raro
2650 429 2735 483 ex
2773 411 2928 501 lege

256 521 701 595 fundationis
772 524 1193 613 requiritur,
1251 532 1330 596 ut
1383 525 1798 615 capellanus
1851 526 2186 597 clericatu
2241 525 2543 617 polleat,
2602 523 2929 611 adeoque

252 632 510 705 habitu
566 634 871 706 clericali
928 636 1184 726 iugiter
1238 643 1505 710 utatur.
1564 632 1823 717 Quaeri
1880 639 2124 727 itaque
2181 638 2466 728 poterit,
2518 654 2639 721 an,
2681 635 2737 705 si
2793 633 2930 703 liu-

253 744 561 816 iusmodi
629 745 1049 835 capellanus
1119 747 1440 821 habitum
1509 749 1909 821 clericalem
1964 750 2288 836 deserat,
2357 755 2428 818 et
2489 745 2927 818 saecularem

256 863 525 929 vestem
594 865 957 946 assumat,
1016 859 1102 931 iis
1157 859 1574 950 Apostolicis
1625 859 2272 933 Constitutionibus
2324 857 2579 930 subiici
2633 857 2923 944 debeat,

257 989 443 1061 quae
495 972 823 1062 superius
875 973 1239 1062 expositae
1292 979 1485 1045 suut.
1546 970 1671 1043 Cui
1726 973 2127 1062 quaestioni
2185 971 2595 1061 negativum
2636 986 2931 1060 respon-

255 1102 415 1155 sum
468 1085 622 1155 sine
678 1084 986 1173 periculo
1039 1086 1294 1155 erroris
1348 1086 1546 1156 reddi
1605 1104 1809 1176 posse
1868 1086 2190 1171 videtur;
2258 1100 2427 1153 nam
2478 1099 2714 1168 neque
2769 1080 2928 1150 aliis

256 1196 577 1266 canonici
635 1196 804 1266 iuris
858 1196 1538 1286 praescriptionibus
1571 1196 1911 1284 subsunt,
1946 1214 2133 1286 quae
2173 1214 2296 1285 pro
2335 1194 2518 1266 veris
2554 1192 2925 1263 beneficiis

254 1307 685 1378 constitutae
736 1313 939 1377 sunt:
1002 1308 1222 1378 multo
1264 1327 1424 1379 vero
1480 1309 1713 1379 minus
1771 1310 1839 1379 in
1896 1326 2093 1396 casu,
2136 1307 2225 1378 de
2264 1324 2405 1395 quo
2460 1306 2720 1394 agitur,
2763 1320 2923 1373 cum

255 1434 369 1488 res
418 1417 664 1488 odiosa
715 1418 832 1488 sit.
901 1414 1374 1490 Nihilominus
1428 1439 1571 1492 non
1625 1421 1827 1492 deest
1882 1419 2273 1492 remedium
2345 1416 2753 1488 huiusmodi
2809 1432 2931 1485 ca-

252 1527 521 1617 pellani
576 1530 967 1619 proterviae
1022 1533 1602 1621 compescendae.
1662 1530 2083 1603 Ordinarius
2140 1532 2361 1617 enim,
2423 1535 2667 1619 utpote
2721 1543 2926 1598 exse-

256 1645 457 1709 cutor
512 1647 723 1711 natus
775 1641 1159 1713 voluntatis
1215 1650 1629 1714 testatorum
1670 1663 1758 1715 ex
1815 1645 1964 1716 iure
2002 1663 2364 1715 sacrorum
2402 1658 2762 1714 canonum
2802 1657 2924 1728 po·

256 1755 394 1821 tcst
446 1750 674 1823 eidem
733 1753 1125 1843 iniungere,
1186 1763 1260 1826 ut
1316 1755 1449 1845 legi
1490 1775 1529 1824 a
1570 1760 1908 1827 testatore
1965 1755 2447 1847 praescriptae
2489 1751 2926 1822 adamussim

255 1878 414 1932 sese
467 1862 890 1947 conformet,
948 1884 1258 1955 congruo
1311 1866 1541 1937 eidem
1596 1867 1685 1937 ad
1740 1867 2285 1938 deliberandum
2343 1873 2664 1955 tempore
2719 1880 2929 1953 prae-

256 1972 486 2060 finito,
544 1992 685 2064 quo
741 1975 1063 2047 habitum
1120 1984 1460 2063 resumat,
1518 1980 1626 2050 vel
1680 1980 2153 2068 capellaniam
2207 1979 2569 2064 dimittat3
2626 1994 2711 2047 eo
2768 1992 2929 2045 vero

261 2084 613 2157 inutiliter
664 2088 934 2179 elapsu,
979 2090 1357 2177 procedere
1396 2092 1746 2181 integrum
1787 2092 1920 2162 erit
1957 2088 2304 2180 Episcopo
2343 2098 2413 2160 et
2450 2087 2926 2178 capellaniam

257 2198 488 2269 eidem
543 2198 848 2286 auferre,
892 2201 987 2270 ita
1045 2208 1120 2273 ut
1173 2202 1372 2272 alteri
1413 2203 1663 2273 eadem
1702 2203 1832 2273 rite
1872 2203 2264 2273 adiudicari
2306 2201 2565 2271 valeat.
2622 2197 2710 2269 Et
2751 2212 2928 2269 sane

264 2310 336 2380 in
390 2310 601 2380 simili
656 2329 851 2399 casu,
911 2315 1270 2403 proposito
1322 2313 1541 2385 dubio
1594 2314 1786 2404 apud
1821 2310 1913 2384 ·S.
1958 2312 2030 2384 C.
2075 2310 2362 2384 Concilii
2420 2313 2492 2382 in
2548 2312 2929 2402 Spoletana

261 2422 718 2513 Capellaniae
753 2425 823 2494 3.
856 2422 1221 2495 Decembr.
1256 2426 1500 2497 1842:
1563 2449 1599 2490 (ι
1636 2426 1739 2496 An
1779 2433 1850 2498 et
1887 2428 2007 2515 qui
2045 2427 2423 2510 terminus,
2466 2432 2537 2494 et
2574 2421 2926 2511 quomodo

261 2557 298 2602 ›
338 2536 431 2605 sit
486 2534 986 2625 praefigendus
1041 2534 1125 2606 N.
1160 2534 1322 2626 ·N.,
1383 2543 1459 2608 ut
1523 2538 1809 2609 incedat
1877 2540 1951 2608 in
2021 2537 2271 2608 habitu
2346 2545 2416 2608 et
2486 2542 2780 2606 tonsura
2852 2534 2926 2602 in

262 2669 299 2714 ›
340 2643 619 2717 casui»
678 2644 829 2717 Emi
892 2645 1131 2720 Patres
1179 2652 1745 2740 rescripserunt:
1810 2674 1846 2715 αι
1883 2651 2344 2737 Affirmative,
2386 2656 2455 2721 et
2493 2646 2930 2739 praefigatur

262 2780 299 2825 ›
344 2757 435 2828 ab
494 2757 1033 2852 Arcliiepiscopo
1101 2763 1444 2832 terminus
1499 2764 1710 2833 trium
1769 2765 2165 2850 mensium,
2223 2764 2372 2834 sive
2427 2761 2519 2831 ad
2572 2776 2926 2830 reassum-

258 2893 297 2937 ν
342 2872 655 2959 ptionem
709 2871 1000 2943 habitus
1053 2874 1428 2958 clericalis,
1471 2876 1616 2945 sive
1670 2875 1759 2946 ad
1815 2875 2349 2947 dimittendum.
2387 2898 2424 2938 »
2482 2867 2680 2940 Idem
2740 2886 2928 2939 reso-

257 2981 489 3051 lutum
561 2981 694 3054 fuit
760 2985 1165 3075 nuperrime
1236 2988 1305 3058 in
1380 2987 1809 3057 Placentina
1868 2986 2320 3077 Capelianiae
2373 2985 2442 3054 7.
2493 2981 2654 3054 llec.
2710 2981 2923 3051 1861.

245 3109 379 3183 per
418 3094 611 3166 Sum.
658 3114 850 3184 pree.
909 3104 979 3167 et
1033 3097 1121 3166 ad
1177 3116 1324 3167 rem
1365 3096 1595 3168 facere
1633 3104 1865 3187 potest
1903 3097 2300 3170 Fauentina
2336 3095 2580 3186 Leqatz’
2637 3093 2753 3163 17.
2797 3089 2931 3162 De-

259 3205 569 3276 cembris
629 3208 840 3277 1825.
899 3208 994 3278 ad
1041 3207 1116 3278 2.
1161 3208 1322 3278 dub.

409 3317 575 3388 452.
637 3315 949 3389 Tandem
992 3337 1132 3388 non
1189 3319 1438 3391 inutile
1491 3325 1832 3409 putamus
1868 3320 2263 3405 advertere,
2306 3337 2390 3391 ea
2427 3316 2694 3401 omnia,
2737 3330 2926 3402 quae

257 3426 611 3500 bac-tenus
664 3430 973 3500 diximus
1026 3429 1115 3501 de
1171 3432 1534 3522 privilegio
1590 3434 1888 3503 canonis
1939 3437 2009 3503 et
2065 3431 2219 3516 fori,
2294 3436 2365 3502 et
2418 3431 2506 3500 de
2558 3425 2927 3499 beneficiis

259 3559 345 3611 ac
398 3541 864 3631 pensionibus
901 3544 995 3613 ita
1033 3562 1108 3614 se
1147 3543 1437 3629 babere,
1482 3544 1633 3614 iure
1671 3544 2026 3615 communi
2070 3544 2314 3630 utique
2353 3542 2713 3631 inspecto:
2759 3553 2924 3606 nam

258 3655 700 3741 ceteroquin,
743 3654 800 3723 si
839 3672 925 3724 ex
962 3655 1253 3743 speciali
1312 3654 1737 3726 concordato
1777 3673 1932 3725 cum
1980 3654 2369 3744 Apostolica
2414 3650 2620 3736 Sede,
2663 3655 2742 3720 nt
2783 3667 2924 3718 non

256 3782 418 3834 raro
474 3763 578 3845 fit,
636 3764 842 3835 aliter
897 3765 1252 3836 indultum
1310 3766 1518 3838 luerit
1572 3767 1784 3837 alicui
1823 3767 2099 3850 ditioni,
2149 3765 2411 3836 nemini
2453 3762 2748 3834 dubium
2787 3765 2921 3848 est,

258 3877 436 3964 quin
489 3875 924 3965 specialibus
989 3877 1230 3948 itidem
1300 3879 1619 3950 eiusdem
1675 3877 2080 3951 concordati
2134 3873 2630 3947 sanctionibus
2684 3871 2930 3943 inhae-

257 3985 560 4057 rendum
615 3987 733 4056 sit.

406 4097 574 4167 453.
642 4096 734 4169 De
789 4102 1091 4190 vestium
1150 4099 1579 4171 clericalium
1620 4101 1967 4188 qualitate
2023 4099 2273 4170 ultimo
2327 4098 2477 4169 loco
2516 4094 2924 4183 elocuturis,

255 4208 784 4298 inspiciendum
840 4229 1009 4301 prae
1064 4211 1308 4301 primis
1344 4212 1673 4296 occurrit,
1712 4212 1917 4283 cuius
1969 4211 2219 4282 coloris
2271 4217 2342 4280 et
2398 4209 2660 4279 formae
2698 4212 2930 4276 vestes

256 4321 458 4411 ipsae
512 4339 667 4391 esse
721 4322 1060 4393 debeant.
1119 4320 1353 4393 Cuivis
1405 4322 1689 4391 obvium
1746 4328 1881 4408 est,
1940 4321 2240 4392 colorem
2296 4323 2366 4390 in
2421 4320 2672 4390 habitu
2712 4339 2750 4388 a
2790 4318 2930 4388 cle-

254 4434 422 4503 ricis
476 4433 967 4524 usurpandum
1035 4433 1308 4504 nullum
1378 4427 1592 4503 ali'um
1667 4451 1822 4503 esse
1875 4432 2179 4520 debere,
2257 4439 2534 4523 praeter
2597 4432 2920 4521 nigrum:

256 4544 479 4633 idque
532 4546 946 4617 iamdudum
1005 4563 1088 4614 ex
1133 4545 1509 4635 disciplina
1549 4546 2028 4617 ecclesiastica
2065 4552 2411 4617 statutum
2451 4551 2583 4623 est,
2625 4551 2697 4615 et
2733 4545 2925 4616 bisce

258 4656 700 4749 temporibus
754 4657 1020 4747 ubique
1078 4657 1393 4748 gentium
1448 4677 1488 4728 a
1542 4658 1815 4729 clericis
1870 4660 1967 4730 ita
2021 4661 2392 4746 retinetur,
2439 4665 2514 4728 ut
2555 4658 2757 4746 nibil,
2800 4663 2924 4729 aut
