3497 5235
1083 335 1202 413 Onp.
1228 338 1324 397 111.
1364 338 1436 395 Do
1476 337 1611 397 eluro
1652 337 1924 396 saeculari.
1967 340 2023 414 5.
2051 339 2098 395 1.
2810 339 2926 403 313

314 494 346 540 ›
375 469 608 542 nedum
661 470 732 541 in
777 487 1070 542 munere
1105 471 1493 544 sacerdotis
1528 477 1600 543 et
1637 472 1946 560 diaconi,
1986 473 2113 545 sed
2150 473 2367 546 etiam
2402 471 2853 564 subdiaconi,
2880 497 2921 544 v

314 580 370 653 S.
406 580 469 654 C.
506 582 898 673 respondit:
945 584 1244 655 «teneri
1285 585 1624 656 inservire
1660 586 1876 658 etiam
1932 585 2005 655 in
2058 602 2350 657 munere
2403 584 2918 657 subdiaconi».

307 691 679 766 Huiusmodi
731 712 896 766 vero
932 695 1236 767 ministri
1286 696 1652 767 servitium
1708 696 2050 788 praebere
2087 702 2426 767 tenentur
2461 713 2604 768 non
2658 697 2918 785 solum,

307 806 351 877 si
395 803 812 879 Pontificalia
847 805 1162 879 celebrat
1213 808 1286 879 in
1341 808 1638 880 ecclesia
1686 806 2001 896 urbana,
2042 806 2171 879 sed
2215 808 2492 879 etiamsi
2543 808 2618 879 in
2668 808 2928 881 subur-

305 915 484 1006 bana,
520 924 726 1011 prout
778 918 1048 1010 pluries
1093 919 1480 990 resolutum
1517 917 1735 991 fuisse
1789 925 2034 991 auctor
2072 925 2181 991 est
2230 916 2501 991 Bened.
2543 915 2735 990 XIV.
2779 921 2915 993 loc.

305 1030 400 1101 cit.
436 1049 621 1101 num.
667 1031 787 1102 60.
828 1049 974 1102 non
1027 1032 1275 1121 paucis
1329 1032 1657 1126 allegatis
1709 1030 2347 1104 declarationibus.

418 1141 525 1213 87.
566 1138 655 1214 In
706 1143 992 1234 Lycien.
1039 1143 1154 1213 17.
1202 1142 1376 1235 Aug.
1441 1146 1654 1216 1641.
1714 1138 1870 1239 (lib.
1933 1142 2051 1217 16.
2108 1144 2362 1216 decret.
2410 1163 2580 1236 paq.
2638 1144 2806 1217 582.
2857 1150 2923 1218 et

300 1252 437 1325 583.
475 1255 666 1345 apud
701 1253 1028 1326 eumdem
1081 1251 1493 1329 Pontificem
1532 1256 1581 1327 l.
1626 1275 1688 1327 c.
1731 1275 1807 1327 n.
1851 1251 2012 1350 60.)
2049 1254 2270 1329 dubia
2308 1255 2668 1346 proposita
2704 1261 2914 1327 sunt:

301 1361 594 1455 «Primo,
657 1385 748 1436 an
803 1366 1169 1438 decretum
1231 1364 1304 1436 S.
1344 1364 1636 1439 Concilii
1694 1369 1873 1440 Sess,
1912 1362 2037 1440 24.
2094 1386 2252 1458 cap.
2298 1367 2415 1440 12.
2471 1367 2554 1439 de
2607 1368 2916 1456 Reform.

298 1476 567 1548 »locum
622 1477 916 1565 habeat,
969 1477 1137 1550 dum
1191 1475 1585 1571 Episcopus
1638 1480 1713 1550 in
1764 1497 1894 1549 sua
1949 1480 2245 1551 ecclesia
2297 1478 2690 1552 cathedrali
2746 1480 2924 1549 assi·

295 1610 324 1655 »
356 1590 462 1659 stit
508 1609 673 1662 cum
730 1608 959 1682 cappa
1011 1586 1268 1662 Missae
1335 1597 1406 1663 et
1474 1592 1735 1664 divinis
1780 1586 2050 1663 Officiis
2101 1591 2360 1664 diebus
2410 1589 2796 1664 Dominicis
2847 1598 2920 1663 et

295 1697 609 1772 »festivis
661 1702 875 1773 etiam
931 1720 1075 1773 non
1127 1702 1595 1791 solemnibuS,
1636 1710 1707 1776 et
1743 1703 1998 1775 diebus
2034 1703 2400 1776 ferialibus
2452 1700 2924 1796 Quadragesi-

293 1834 322 1874 »
354 1808 539 1885 mae?
593 1812 958 1902 SecundO,
1027 1832 1120 1885 au
1173 1813 1404 1886 locum
1455 1813 1725 1886 habeat
1756 1867 1776 1902 ‚
1843 1814 2134 1905 quando
2184 1812 2581 1906 Episcopus
2634 1816 2708 1887 in
2760 1815 2920 1888 aliis

291 1943 321 1987 ›
351 1924 650 1996 ecclesiis
701 1923 835 1996 sibi
872 1923 1214 1998 subiectis
1266 1928 1341 1995 in
1392 1926 1678 1999 civitate
1723 1926 2199 2000 existentibus
2251 1926 2752 2017 pontificaliter
2805 1945 2922 1999 ce-

288 2056 319 2100 »
350 2035 590 2128 lebrat‚
635 2037 747 2109 vel
783 2043 1080 2127 paratus
1116 2037 1385 2111 assistit
1423 2055 1583 2109 cnm
1619 2038 1917 2128 pluviali
1954 2043 2024 2110 et
2061 2039 2298 2127 mitra,
2333 2045 2455 2110 aut
2492 2055 2652 2110 cum
2690 2057 2918 2131 cappa

286 2167 315 2212 >
346 2147 592 2221 divinis
647 2145 915 2221 Officiis
967 2156 1038 2221 et
1087 2146 1343 2221 Missae
1394 2150 1722 2236 solemni,
1782 2149 1889 2220 vel
1942 2149 2083 2220 alia
2138 2146 2583 2221 Pontificalia
2638 2156 2918 2223 exercet

287 2280 320 2324 ι
353 2265 477 2331 tam
528 2262 906 2334 occasione
958 2261 1260 2333 alicuius
1311 2258 1581 2349 Sancti,
1624 2261 1860 2351 quiin
1913 2261 2087 2351 ipsis
2132 2261 2449 2346 ecclesiis
2499 2261 2920 2334 solemniza-

287 2391 317 2436 »
354 2375 477 2460 tur,
517 2392 741 2464 quam
796 2374 936 2444 alia
972 2373 1370 2458 occasione,
1410 2374 1469 2444 si
1519 2391 1857 2444 numerus
1908 2371 2271 2445 sufficiens
2307 2374 2809 2445 canonicorum
2848 2378 2919 2446 et

283 2503 313 2546 ›
347 2485 822 2558 ministrorum
858 2486 931 2555 in
986 2485 1283 2556 ecclesia
1321 2483 1714 2557 cathedrali
1755 2481 2163 2558 remaneat?
2201 2482 2462 2574 Tertio,
2503 2506 2596 2558 an
2648 2485 2917 2559 habeat

277 2613 306 2658 ›
339 2591 586 2685 locum,
650 2614 813 2668 cum
863 2594 1258 2688 Episcopus
1311 2614 1470 2669 cum
1526 2615 1755 2690 cappa
1810 2597 1885 2669 in
1938 2597 2235 2670 ecclesia
2287 2598 2681 2671 cathedrali
2735 2599 2917 2672 assi-

277 2731 310 2771 »
340 2709 453 2780 stit
503 2711 857 2797 concioni,
901 2727 1086 2799 quae
1133 2710 1340 2782 solita
1392 2715 1500 2781 est
1535 2709 1787 2781 haberi
1837 2716 1999 2800 post
2034 2706 2318 2781 Missam
2372 2712 2918 2783 conventualem

272 2840 304 2885 ›
339 2818 588 2893 diebus
639 2817 1268 2913 Quadragesimae,
1309 2830 1380 2894 et
1415 2823 1630 2894 etiam
1686 2822 1846 2893 aliis
1881 2822 2071 2894 intra
2124 2816 2441 2894 annum?
2485 2818 2775 2910 Quart0,
2817 2841 2911 2893 an

273 2950 303 2994 ›
336 2931 660 3004 similiter
707 2932 974 3005 habeat
1027 2933 1286 3022 locum,
1328 2933 1621 3023 quando
1672 2930 2069 3024 Episcopus
2114 2952 2274 3005 cum
2328 2951 2555 3024 cappa
2605 2933 2917 3006 interve-

270 3060 302 3107 »
334 3043 434 3116 nit
470 3045 828 3133 concioni,
863 3064 1050 3135 quae
1086 3045 1393 3118 habetur
1428 3046 1500 3117 in
1540 3045 1698 3115 aliis
1734 3046 2052 3117 ecclesiis
2087 3046 2393 3117 civitatis
2428 3045 2641 3116 etiam
2679 3062 2907 3116 exem-

265 3174 297 3219 >
330 3156 490 3246 ptis,
524 3155 788 3228 diebus
822 3155 1096 3230 festivis
1132 3164 1203 3230 et
1238 3157 1605 3231 ferialibus
1633 3154 2259 3249 Quadragesimae,
2292 3162 2363 3228 et
2394 3156 2580 3228 intra
2612 3175 2909 3246 annum,

266 3287 298 3330 ›
334 3274 449 3340 aut
503 3269 769 3341 saltem
822 3269 963 3342 duo
1016 3288 1101 3341 ex
1154 3270 1295 3341 illis
1349 3269 1675 3360 compelli
1743 3270 2022 3360 possint
2074 3268 2165 3340 ad
2224 3267 2362 3340 sibi
2432 3268 2914 3340 assistendum

260 3396 294 3443 ›
328 3377 491 3452 hinc
545 3380 720 3453 inde
773 3400 814 3451 a
867 3400 995 3452 sua
1048 3381 1245 3470 sede,
1310 3387 1379 3453 et
1432 3381 1490 3453 si
1542 3379 1685 3452 duo
1762 3382 1882 3452 isti
1935 3380 2248 3452 debeant
2299 3396 2455 3451 esse
2507 3379 2908 3470 dignioreS,

262 3512 296 3555 ›
329 3488 718 3563 dummodo
771 3510 914 3563 non
966 3493 1110 3564 sint
1162 3493 1477 3584 legitime
1528 3493 1879 3582 impediti,
1920 3510 2048 3564 seu
2100 3491 2229 3580 illi,
2284 3492 2406 3581 qui
2457 3491 2689 3563 solent
2743 3491 2918 3562 assi-

257 3621 291 3667 ›
325 3608 511 3675 stere
573 3604 646 3673 in
699 3604 995 3675 ecclesia
1050 3603 1471 3693 cathedrali,
1515 3604 1627 3676 vel
1672 3622 1919 3676 omnes
1969 3622 2099 3695 per
2134 3610 2427 3675 turnum
2481 3603 2774 3707 alternis
2811 3603 2917 3674 vi-

254 3733 292 3779 »
328 3712 582 3787 cibus?
608 3740 646 3781 »
672 3716 744 3785 S.
776 3712 850 3786 C.
885 3717 1278 3807 respondit:
1318 3739 1354 3780 ε
1385 3715 1490 3788 Ad
1519 3716 1853 3807 primum:
1891 3716 2257 3788 Decretum
2290 3716 2584 3788 Concilii
2610 3733 2766 3805 cap.
2788 3713 2906 3787 12.

254 3845 288 3889 »
330 3826 510 3899 Sess.
544 3826 671 3897 24.
714 3828 941 3898 locum
975 3828 1247 3899 habere.
1288 3825 1396 3900 Ad
1430 3829 1822 3900 secundum
1864 3846 1946 3898 ac
1991 3830 2311 3901 tertium:
2372 3828 2634 3901 Ibidem
2666 3827 2914 3900 habere

250 3957 284 4001 ›
323 3936 589 4009 locum.
638 3937 737 4010 Ad
791 3946 1169 4027 quartum:
1227 3940 1386 4011 Non
1441 3940 1688 4013 habere
1739 3940 1991 4013 locum.
2037 3966 2074 4009 »

389 4051 519 4120 88.
565 4046 651 4120 In
704 4069 922 4122 causa
975 4050 1151 4121 Foro
1208 4052 1512 4124 Cornelii
1564 4053 1684 4122 25.
1727 4048 1888 4123 Ian.
1959 4052 2171 4125 1625.
2238 4048 2409 4147 (lib.
2470 4050 2587 4124 12.
2653 4051 2906 4123 decret.

231 4178 400 4254 paq.
446 4160 627 4235 253.
669 4182 716 4232 a
769 4158 996 4257 terqo)
1049 4162 1574 4251 quaerebatur:
1622 4186 1660 4229 ‹
1701 4161 1809 4234 An
1862 4165 2186 4235 canonici
2224 4164 2693 4234 inservientes
2745 4159 2918 4253 Epi-

237 4292 275 4338 »
311 4291 542 4365 scopo
597 4270 884 4344 Missam
922 4274 1274 4364 privatam
1327 4274 1715 4346 celebranti
1766 4274 2130 4345 lucrentur
2164 4273 2703 4365 distributiones
2739 4292 2918 4365 quo-

238 4405 277 4451 »
316 4379 694 4458 tidianas3
729 4410 768 4452 »
825 4385 896 4457 S.
937 4382 1015 4455 C.
1056 4387 1465 4476 respondit:
1543 4408 1581 4451 ‹
1620 4381 1776 4455 Non
1830 4385 2087 4456 lucrari
2128 4409 2196 4455 ›.

391 4493 492 4567 In
545 4488 885 4569 Amerina
922 4497 993 4566 3.
1038 4494 1245 4569 Febr.
1294 4497 1505 4568 1629.
1548 4491 1718 4591 (lib.
1767 4495 1855 4569 11
1870 4549 1885 4564 .
1926 4496 2179 4568 decret.
2210 4516 2383 4589 paq.
2413 4492 2577 4594 17.)
2633 4519 2670 4564 ‹
2709 4496 2925 4571 Sacra

236 4632 275 4677 >
312 4607 800 4702 Congregatio
852 4610 1134 4681 censuit
1186 4610 1552 4682 canonicis
1602 4604 1954 4699 Episcopo
2004 4610 2511 4700 pontificaliter
2580 4613 2925 4686 assisten-

232 4743 274 4790 ›
315 4721 534 4794 tibus
582 4721 831 4794 deberi
883 4720 1423 4794 distributiones
1478 4721 1982 4813 quotidianas3
2041 4740 2186 4794 non
2238 4728 2478 4796 autem
2531 4725 2924 4797 inservien-
