3497 5235
576 305 694 369 398
1324 302 1692 363 humationi»
1731 301 1786 357 S.
1815 300 2000 376 Oongr.
2028 300 2175 358 ῦοιιο.
2217 301 2493 375 expetitio.

577 441 916 513 memoria
968 441 1078 511 vel
1134 440 1509 529 vestigium
1561 441 2008 527 superesset,
2066 434 2259 507 unde
2312 435 2502 506 fama
2553 435 2849 507 alicuius
2915 433 3267 506 laedere-‘

577 560 735 624 tur:
794 552 867 622 hi
919 552 1271 641 siquidem
1326 548 1486 621 libri
1540 565 1682 619 non
1738 546 1967 617 lamae
2023 546 2442 634 laedendae,
2485 545 2612 618 sed
2667 544 3079 617 nominibus
3133 546 3244 617 in-

577 662 1002 748 scribendis‚
1048 661 1346 750 aliisque
1400 659 1615 731 rebus
1668 658 2005 729 inservire
2059 662 2342 728 tantum
2392 655 2687 729 debent.

721 774 890 845 247.
932 771 1130 855 Quod
1187 772 1493 861 pertinet
1547 768 1638 841 ad
1689 769 1991 858 copiam,
2036 785 2163 840 seu
2215 768 2649 857 exemplaria
2698 769 2978 859 proprio
3030 786 3239 859 paro-

574 884 865 955 chorum
921 884 1328 956 charactere
1383 880 1786 970 subscripta
1837 881 2034 950 iuxta
2087 880 2363 970 praxim
2400 878 2865 970 plurimarum
2919 877 3241 971 Synodo·

574 1014 729 1067 rum
785 995 1202 1086 praesertim
1272 993 1556 1065 decreto
1607 991 2000 1079 sancitam,
2058 997 2347 1062 cautum
2401 1008 2484 1061 ac
2535 992 2890 1082 provisum
2945 998 3096 1080 est,
3160 998 3238 1064 ut

578 1106 898 1196 quolibet
951 1122 1140 1176 anno
1195 1104 1285 1175 ad
1338 1103 1778 1195 praefectum
1818 1101 2241 1193 episcopalis
2294 1102 2586 1172 archivii
2634 1101 3048 1175 deferantur
3102 1101 3241 1173 ibi-

577 1217 736 1289 dem
807 1223 1150 1307 perpetuo
1218 1215 1716 1288 custodienda.
1788 1211 2012 1295 Quam
2084 1213 2357 1303 praxim
2430 1219 2771 1283 memorat
2840 1213 3243 1285 ac·laudat

575 1324 847 1400 Bened.
892 1324 1081 1397 XIV.
1140 1328 1214 1397 in
1269 1328 1525 1399 Adnot.
1584 1328 1780 1399 circa
1832 1327 2050 1400 Matr.
2108 1345 2281 1396 secr.
2343 1325 2418 1395 in
2482 1325 2815 1397 Thesaur.
2877 1326 3101 1398 Resol.
3171 1327 3237 1398 S.

583 1440 793 1531 Conq.
840 1440 1048 1512 Conc.
1092 1439 1271 1510 anni
1326 1439 1540 1510 1724.
1585 1445 1752 1510 tom.
1793 1437 1864 1510 3.
1905 1436 1978 1532 ξ.
2018 1437 2141 1509 20.
2176 1455 2343 1527 paq.
2385 1434 2547 1517 81„
2586 1454 2675 1508 ne
2728 1437 3085 1524 videlicet,
3130 1456 3245 1509 ve-

578 1550 709 1622 luti
745 1552 1270 1640 sapientissime
1307 1550 1836 1635 animadvertit,
1882 1572 1920 1613 (
1959 1568 2115 1621 cam
2153 1548 2371 1618 nimio
2407 1548 2822 1620 detrimento
2863 1548 3243 1639 parochia-

575 1681 854 1750 norum,
896 1663 1126 1734 civilis
1180 1663 1366 1733 vitae
1400 1667 1466 1732 et
1516 1661 1914 1732 commercii
1954 1685 1990 1729 »
2033 1658 2222 1750 apud
2261 1660 2575 1751 privatos
2609 1660 2932 1731 homines
2987 1661 3238 1750 deper-

577 1773 866 1845 dantur.
926 1770 1121 1845 Haec
1189 1780 1426 1844 autem
1499 1772 1661 1845 licet
1715 1773 1803 1845 de
1864 1772 2045 1843 libro
2116 1773 2722 1844 matrimoniorum
2790 1772 3230 1846 solummodo

577 1883 766 1956 dicta
819 1886 988 1971 sint,
1033 1885 1497 1955 nihilominus
1550 1885 1640 1956 ad
1678 1891 1949 1956 ceteros
2000 1883 2442 1977 parochiales
2479 1885 2696 1957 libros
2746 1886 3041 1957 extendi
3079 1904 3233 1976 pos-

578 2012 681 2084 se,
724 1998 932 2067 nemo
984 2003 1173 2068 certe
1226 1996 1546 2087 negabit.

725 2108 895 2178 248.
937 2104 1028 2179 Ut
1081 2108 1258 2180 fides
1311 2128 1395 2180 ex
1438 2108 1965 2199 parochialibus
2018 2106 2218 2179 libris
2263 2112 2577 2179 extracta
2633 2110 2707 2180 in
2754 2109 3020 2180 iudicio
3070 2108 3233 2199 legi-

578 2219 822 2289 timam
879 2218 1094 2290 faciat
1145 2219 1661 2310 probationem,
1705 2236 1993 2291 necesse
2037 2224 2172 2306 est,
2215 2226 2291 2290 ut
2345 2219 2470 2290 ssat
2507 2238 2665 2290 cum
2720 2219 2997 2291 formali
3050 2227 3233 2291 tran-

579 2332 961 2420 scriptione
1015 2332 1405 2420 particulae
1444 2331 1532 2401 de
1587 2331 1803 2403 verbo
1841 2330 1933 2401 ad
1985 2330 2307 2418 verbum,
2348 2332 2555 2402 sicuti
2604 2332 2811 2403 iacet.
2858 2332 3081 2403 Aliter
3117 2350 3234 2401 au-

580 2447 721 2511 tem
775 2440 963 2513 facta
1001 2443 1178 2513 fides
1230 2462 1356 2515 seu
1413 2445 1775 2515 attestatio
1813 2442 2129 2531 parochi,
2173 2441 2743 2532 quibuscumque
2796 2443 3033 2513 verbis
3072 2459 3231 2513 con-

581 2560 787 2644 cepta
842 2555 959 2642 sit,
1002 2555 1279 2645 absque
1311 2555 1621 2644 turmali,
1664 2561 1740 2627 ut
1779 2574 2021 2646 supra,
2065 2556 2608 2646 transcriptione
2648 2554 3040 2647 particulae
3096 2569 3229 2624 non

580 2665 860 2756 probat,
905 2674 984 2737 ut
1040 2669 1269 2738 tenuit
1324 2666 1395 2739 S.
1460 2666 1642 2739 Rota
1696 2670 1771 2739 in
1834 2669 2169 2739 Toletano
2236 2666 2563 2757 Capellae
2623 2668 2737 2737 17.
2796 2664 2961 2735 Maii
3023 2663 3221 2734 1615.

580 2797 818 2850 coram
873 2780 1266 2861 Pirovano,
1303 2786 1373 2851 et
1426 2782 1685 2852 Aesina
1737 2777 2092 2850 Bonorum
2150 2780 2266 2849 17.
2308 2775 2473 2850 Maii
2534 2778 2744 2849 1617.
2804 2795 3046 2847 coram
3095 2776 3229 2845 An-

581 2890 776 2962 drea.
836 2885 1183 2983 (Barbosa
1240 2893 1368 2963 loc.
1413 2894 1532 2963 cit.
1579 2911 1773 2963 num.
1815 2889 1980 2986 21).

726 3003 894 3073 249.
939 2999 1142 3073 Nunc
1179 3002 1267 3074 de
1318 3003 1621 3092 singulis
1667 3003 1989 3092 quinque
2028 3001 2553 3096 parochialibus
2590 2999 2790 3071 libris
2841 3015 3067 3090 pauca
3109 2995 3223 3066 de-

578 3112 991 3184 libabimus.
1036 3112 1327 3186 Fontem
1381 3113 1880 3203 baptismalem
1921 3117 2273 3187 retinendi
2314 3122 2627 3205 potestas
2667 3113 3064 3183 necessario
3110 3125 3227 3197 pa-

578 3225 1012 3297 rochialibus
1064 3227 1379 3298 ecclesiis
1453 3229 1737 3298 minime
1811 3228 2181 3300 inhaeret:
2258 3226 2426 3298 hinc
2494 3228 2673 3297 sacri
2746 3242 3056 3296 canones
3121 3236 3233 3290 ec-

581 3338 833 3408 clesias
886 3338 1350 3428 baptismales
1406 3358 1443 3407 a
1488 3339 2013 3428 parochialibus
2051 3340 2528 3430 distinguunt,
2572 3356 2785 3428 quam
2842 3332 3228 3408 distinctio-

580 3468 742 3519 nem
797 3470 837 3518 a
890 3449 1098 3521 Cone.
1140 3448 1456 3520 Trident.
1507 3453 1683 3522 Sess.
1725 3449 1848 3520 24.
1893 3471 1955 3521 c.
2002 3450 2116 3523 13.
2162 3452 2244 3521 de
2284 3451 2588 3542 Reform.
2632 3455 2899 3520 sartam
2945 3455 3229 3519 tec-tam-

581 3578 720 3649 que
770 3568 1122 3630 servatam
1161 3560 1375 3633 fuisse
1415 3581 1500 3633 ex
1556 3559 1625 3631 S.
1668 3559 1851 3632 Rota
1893 3565 2057 3634 Dec.
2098 3561 2268 3635 263.
2314 3582 2387 3633 n.
2428 3561 2549 3633 24.
2593 3580 2831 3633 coram
2888 3560 3221 3632 crescent.

437 3749 442 3754 ,
580 3671 784 3743 docet
836 3672 908 3742 S.
965 3670 1037 3741 C.
1098 3671 1361 3743 Concil.
1422 3674 1497 3743 in
1571 3674 1949 3744 Ferentino
2019 3671 2291 3744 Matric.
2353 3680 2422 3744 et
2476 3672 2651 3745 font.
2711 3673 3050 3761 baptism.
3112 3667 3218 3736 18.

579 3778 787 3854 Mart.
835 3782 1048 3852 1797.
1091 3779 1164 3876 g.
1214 3786 1645 3874 Postquam;
1697 3793 1768 3856 et
1806 3782 1876 3855 S.
1918 3784 2134 3877 (long.
2179 3783 2324 3857 Rit.
2370 3787 2437 3856 iu
2480 3788 2683 3857 Decr.
2734 3786 2936 3857 Urbis
2991 3789 3053 3855 et
3105 3781 3226 3852 Or-

579 3893 679 3964 bis
740 3893 854 3964 10.
901 3890 1064 3964 Dec.
1116 3895 1325 3965 1703.
1373 3897 1573 3987 Resp.
1621 3895 1689 3968 6.
1734 3896 2158 3986 declaravit,
2216 3896 2787 3970 benedictionem
2844 3895 3058 3967 fontis
3103 3893 3223 3962 ba-

581 4005 931 4094 ptismalis
985 4024 1125 4076 non
1178 4024 1332 4077 esse
1386 4006 1468 4077 de
1521 4008 1786 4080 iuribus
1830 4027 2012 4080 mere
2054 4009 2605 4100 parochialibus,
2648 4008 2927 4080 etiamsi
2979 4006 3065 4076 ab
3113 4004 3227 4072 iis-

580 4116 740 4186 dem
804 4115 1206 4187 benedictio
1258 4117 1410 4188 fieri
1466 4118 1753 4191 debeat.
1811 4116 2067 4209 Itaque
2121 4121 2211 4192 ad
2264 4138 2408 4191 rem
2463 4123 2712 4192 eadem
2764 4119 2835 4191 S.
2907 4117 2980 4189 C.
3022 4115 3217 4188 Cone.

579 4228 651 4298 in
708 4227 1084 4299 Ferentina
1135 4229 1349 4301 citata
1420 4227 1492 4324 ἓ.
1558 4230 1712 4313 Qua
1764 4231 1846 4303 de
1917 4251 1991 4304 re
2060 4233 2594 4305 animadvertit:
2641 4257 2677 4297 <a
2735 4230 3221 4305 Retentionem

583 4363 620 4407 ι»
662 4338 873 4410 fontis
927 4339 1374 4429 baptismalis
1446 4360 1588 4412 non
1641 4361 1795 4415 esse
1849 4343 1937 4414 de
2009 4345 2319 4415 essentia
2377 4344 2711 4416 ecclesiae
2774 4339 3213 4434 parochialis,

585 4472 622 4516 ν
661 4451 1101 4540 singulisque
1156 4453 1510 4543 parochiis
1565 4455 1979 4544 permissam
2028 4473 2210 4543 esse,
2252 4455 2635 4527 dummodo
2687 4454 2908 4526 altera
2964 4471 3093 4523 non
3124 4448 3221 4518 sit

584 4563 983 4647 ›·ecclesia,
1027 4565 1403 4654 improprie
1457 4567 1669 4636 etiam
1728 4567 2027 4654 matrix,
2090 4584 2273 4655 quae
2324 4568 2750 4658 privativum
2804 4564 3060 4635 habeat
3106 4560 3221 4628 ius

585 4689 625 4732 ι»
665 4667 863 4738 illum
914 4674 1313 4745 retinendi:
1372 4695 1536 4746 nam
1591 4679 1665 4748 in
1732 4679 2247 4771 praeiudicium
2318 4679 2657 4751 ecclesiae
2722 4677 3025 4750 matricis
3088 4686 3227 4742 nec
