3497 5235
593 267 714 341 ⁰⁸1³·
744 269 812 325 11.
852 268 925 324 D·
965 267 1229 343 Bpinoopo,
1271 266 1678 339 Arelliopinoopo,
1717 262 1946 321 Primcto
1986 263 2041 320 ot
2081 260 2404 318 Patrium
2446 260 2500 334 §-
2526 257 2576 313 8.
2801 254 2920 314 215

418 399 565 470 139.
611 396 906 471 Materia
959 398 1539 472 Confirmationis
1571 404 1680 470 est
1732 397 2036 469 chrisma
2074 394 2227 466 0100
2280 412 2363 465 30
2400 391 2722 469 balsamo
2758 407 2927 461 con-

297 510 560 598 iectum3
618 512 743 582 sed
800 531 940 583 non
979 519 1086 583 est
1137 521 1437 600 certum,
1479 529 1573 582 an
1626 510 1995 581 balsamus
2029 509 2121 579 sit
2172 506 2261 577 de
2296 504 2634 589 essentia,
2676 504 2775 574 ita
2810 509 2918 592 ut,

295 625 340 693 si
383 623 879 695 confirmentur
929 624 1177 695 fideles
1231 624 1384 695 oleo
1437 623 1786 712 simplici,
1839 619 2281 691 confirmatio
2336 616 2533 688 nulla
2599 621 2669 686 et
2722 614 2924 685 irrita

294 735 569 825 reputari
623 734 911 807 debeat.
954 732 1204 807 Innoc.
1245 731 1384 805 111.
1428 736 1500 806 in
1541 734 1711 824 Cap.
1758 730 2157 803 Pastoralis
2194 729 2278 801 de
2317 730 2519 800 Sacr.
2561 745 2705 798 non
2758 726 2919 798 iter.

291 854 567 936 rogatus,
628 867 720 918 an
762 870 798 913 ‹
847 846 1418 920 Confirmationis
1481 846 2021 918 Sacramentum
2078 843 2151 913 in
2205 860 2286 913 00
2339 840 2597 911 debeat
2648 838 2920 927 iterari,

292 983 323 1021 ν
355 959 455 1047 qui
509 976 641 1049 per
688 978 995 1031 errorem
1066 959 1203 1032 tuit
1254 978 1399 1030 non
1453 959 1836 1030 chrismate
1889 954 2015 1026 sed
2067 954 2223 1025 oleo
2277 945 2575 1025 linitus?
2612 976 2649 1021 ›
2724 950 2929 1022 duxit

288 1071 860 1160 respondendum,
905 1094 944 1139 ‹
985 1074 1176 1161 quod
1213 1073 1287 1144 in
1323 1071 1591 1144 talibus
1642 1088 1789 1142 non
1843 1074 1950 1139 est
1997 1065 2270 1155 aliquid
2327 1064 2759 1150 iterandum,
2800 1062 2928 1135 sed

277 1203 317 1244 τ
348 1189 544 1253 caute
595 1182 1106 1273 supplendum,
1148 1184 1337 1272 quod
1377 1183 1662 1254 incaute
1714 1181 1950 1254 iuerat
1995 1178 2601 1270 praetermissum.
2649 1200 2687 1242 ›
2725 1171 2928 1244 Nihi-

286 1291 566 1364 lominus
615 1294 923 1385 theologi
992 1296 1065 1366 id
1134 1295 1311 1367 satis
1363 1312 1506 1365 non
1559 1293 2008 1378 habuerunt,
2066 1297 2139 1362 et
2190 1289 2426 1361 adhuc
2476 1287 2925 1358 validitatem

285 1402 367 1472 rel
422 1404 829 1477 nullitatem
888 1406 1089 1477 iuxta
1150 1407 1508 1498 propriam
1582 1407 2017 1477 sententiam
2096 1400 2678 1494 propugnabant.
2735 1394 2923 1469 Hinc

283 1509 340 1583 S.
373 1513 438 1586 C.
480 1513 696 1587 Conc.
738 1536 885 1589 rem
924 1516 1114 1588 hanc
1150 1518 1221 1589 in
1277 1518 1547 1591 incerto
1583 1516 1901 1605 reliquit,
1942 1521 2013 1586 et
2046 1514 2383 1587 tutiorem
2419 1518 2695 1603 partem
2734 1528 2926 1582 com-

279 1625 458 1714 plecti
519 1629 670 1699 visa
708 1635 843 1717 est,
884 1630 1242 1721 impertita
1281 1630 1371 1702 ad
1424 1629 1775 1701 cautelam
1815 1627 2379 1718 dispensatione.
2421 1622 2641 1695 Casus
2675 1620 2927 1692 huius·-

280 1737 437 1807 modi
465 1758 832 1832 expensus
861 1740 994 1814 fult
1024 1742 1114 1812 ab
1143 1743 1398 1814 eadem
1425 1739 1497 1812 S.
1523 1739 1777 1832 Congr.
1813 1741 1928 1811 die
1960 1740 2030 1808 4.
2064 1737 2288 1829 April.
2329 1737 2544 1807 1693.
2575 1729 2771 1829 (Lib.
2795 1732 2918 1804 45.

275 1847 506 1921 decret.
542 1871 622 1941 p.
650 1848 895 1948 125),
926 1853 1402 1943 eumdemque
1436 1850 1795 1924 Giraldius
1831 1870 1907 1923 se
1943 1849 2436 1940 recognovisse
2474 1852 2779 1919 testatur
2809 1843 2925 1914 Ius

276 1958 460 2032 Pont.
505 1969 708 2052 part.
753 1964 810 2033 I.
853 1971 1018 2036 sect.
1065 1963 1229 2037 113.
1273 1965 1350 2035 in
1399 1967 1528 2057 fin.
1570 1963 1792 2036 Casus
1834 1962 1949 2036 hic
2003 1970 2183 2035 erat.
2250 1960 2553 2032 Antonia
2609 1957 2927 2046 suscepit

273 2070 334 2140 in
378 2069 839 2146 Sacramenta
908 2074 1476 2149 Confirmationis
1545 2077 1768 2148 filiam
1838 2073 2372 2160 Emmanuelis;
2428 2077 2677 2164 postea
2731 2070 2929 2140 dete-

273 2189 441 2254 ctum
492 2193 635 2272 est,
675 2183 1295 2260 confirmationem
1368 2188 1519 2260 loco
1571 2188 1974 2259 chrismatis
2024 2206 2189 2259 cum
2259 2186 2413 2256 oleo
2482 2182 2924 2253 infirmorum

271 2292 467 2367 fuisse
507 2297 1116 2370 administratam.
1150 2296 1547 2391 Episcopus
1582 2297 2201 2371 Confirmationem
2234 2295 2631 2368 iterandam
2669 2293 2919 2364 duxit:

272 2406 344 2480 At
388 2408 696 2482 Antonia
732 2430 894 2484 cum
930 2408 1380 2484 Emmanueli
1420 2413 1691 2484 nubere
1727 2412 1969 2499 vellet,
2011 2415 2474 2481 commatrem
2508 2407 2699 2477 filiae
2738 2405 2926 2477 eius-

269 2518 411 2591 dem
464 2523 727 2595 iterato
781 2541 989 2613 agere
1045 2524 1317 2595 noluit:
1359 2523 1825 2595 nihilominus
1861 2522 2268 2594 dubitatum
2322 2527 2591 2607 est,·an
2637 2518 2726 2589 ab
2787 2515 2927 2587 An-

264 2635 438 2704 tonia
498 2635 576 2706 in
630 2635 860 2726 prima
912 2633 1461 2708 confirmatione
1531 2642 1897 2708 contracta
1966 2627 2154 2706 esset
2206 2633 2535 2724 cognatio
2588 2631 2927 2723 spiritua-

264 2740 366 2831 lis,
416 2746 746 2836 adeoque
799 2754 1242 2822 contractum
1303 2754 1491 2820 esset
1543 2749 1757 2820 etiam
1830 2746 2462 2837 impedimentum,
2522 2762 2611 2815 ne
2682 2746 2921 2831 posset

260 2855 427 2929 inire
485 2860 1022 2931 matrimonium
1074 2878 1234 2931 cum
1288 2856 1738 2931 Emmanule.
1784 2855 1853 2929 S.
1896 2857 1970 2930 C.
2032 2858 2442 2949 respondit:
2506 2877 2541 2919 ε
2589 2852 2687 2924 Ad
2727 2870 2927 2923 men-

264 2971 416 3056 tem,
462 2994 504 3037 »
549 2988 737 3058 quae
790 2969 951 3058 fuit,
1019 2978 1100 3041 nt
1153 2969 1695 3062 dispensaretur
1746 2972 1838 3043 ad
1894 2970 2272 3043 cautelam.
2314 2965 2476 3037 Vid.
2516 2963 2796 3035 Petram
2850 2963 2926 3034 in

265 3077 451 3149 Gom.
496 3080 595 3152 ad
651 3082 943 3154 Constit.
991 3081 1181 3155 XIV.
1226 3083 1470 3155 Innoc.
1517 3083 1640 3154 IV.
1683 3102 1879 3155 num.
1920 3082 2041 3153 42.

395 3193 567 3265 140.
613 3189 703 3264 Ut
755 3194 830 3264 in
882 3195 1127 3285 pueris
1179 3195 1454 3268 lustrali
1526 3216 1715 3287 aqua
1773 3195 2199 3280 abluendis,
2256 3193 2357 3263 ita
2410 3198 2480 3261 et
2544 3190 2617 3261 in
2672 3187 2923 3260 iisdem

257 3317 445 3374 sacro
483 3303 870 3375 chrismate
907 3305 1280 3397 signandis
1316 3307 1580 3398 patrini
1621 3308 1922 3379 adscisci
1960 3307 2266 3394 debent;
2321 3304 2456 3376 hoc
2503 3308 2744 3374 autem
2778 3300 2927 3372 dis-

253 3414 518 3486 crimen
572 3418 972 3488 notandum
1023 3424 1159 3505 est,
1200 3419 1391 3508 quod
1445 3421 1519 3491 in
1568 3418 2009 3510 Baptismate
2063 3437 2251 3489 unus
2303 3423 2374 3488 et
2429 3434 2570 3488 una
2621 3419 2925 3508 possunt

253 3524 579 3598 adhiberi
621 3547 707 3599 ex
744 3527 955 3601 Conc.
988 3527 1180 3600 Trid.
1218 3532 1550 3605 SessfM.
1594 3553 1750 3623 cap.
1775 3532 1849 3603 2.
1891 3531 1975 3602 de
2004 3532 2312 3624 Reform.
2345 3530 2602 3609 Matr„
2638 3529 2715 3598 in
2748 3523 2928 3597 Con·
2984 3621 2991 3628 .

249 3632 655 3711 firmatione
707 3645 948 3712 tamen
984 3660 1174 3713 unus
1226 3650 1354 3715 aut
1404 3663 1546 3714 una
1585 3645 1988 3730 dumtaxat,
2034 3662 2287 3734 nempe
2325 3661 2476 3713 mas
2513 3659 2639 3731 pro
2693 3656 2916 3727 mare,

247 3744 516 3820 semina
583 3768 714 3841 pro
767 3750 1080 3840 femina,
1145 3771 1276 3825 ceu
1345 3752 1483 3827 fert
1544 3756 1971 3828 universalis
2039 3755 2525 3842 consuetude,
2588 3757 2661 3823 et
2713 3752 2920 3824 docet

246 3863 647 3933 communis
673 3869 1044 3935 auctorum
1079 3866 1439 3938 sententia
1491 3862 1842 3962 (Ferraris
1880 3868 2094 3941 verbo
2126 3866 2581 3959 Confirmatio
2610 3872 2744 3937 art.
2778 3859 2918 3932 III.

245 3990 316 4042 n.
367 3974 495 4043 11.
535 3980 607 4046 et
659 3973 878 4065 seq.).
2332 4029 2339 4036 -

390 4085 562 4154 141.
608 4083 875 4158 Patrini
931 4088 1405 4162 ministerium
1477 4091 1675 4164 obire
1728 4092 1921 4163 valet
1991 4093 2428 4181 quicumque
2481 4090 2740 4178 tidelis,
2800 4092 2927 4179 qui

237 4196 328 4269 ad
387 4216 604 4268 usum
656 4199 955 4269 rationis
1010 4202 1453 4291 pervenerit3
1511 4211 1579 4276 et
1632 4206 1690 4276 si
1746 4205 1910 4293 quis
1961 4204 2198 4275 adhuc
2270 4202 2596 4295 impuber
2658 4202 2926 4293 patrini

231 4324 506 4379 munus
552 4308 900 4399 expleret,
941 4313 1439 4401 cognationem
1489 4316 1937 4408 spiritualem
1989 4334 2149 4388 cum
2189 4309 2605 4386 confirmato
2642 4322 2925 4387 contra-

229 4417 475 4509 heret,
513 4427 595 4492 ut
646 4423 936 4493 resolvit
989 4420 1062 4492 S.
1104 4421 1177 4494 C.
1219 4422 1430 4498 Cone.
1473 4444 1699 4517 penes
1735 4425 2153 4517 Fagnanum
2215 4429 2382 4517 Cap.
2432 4423 2524 4497 Et
2565 4425 2790 4498 literis
2841 4426 2926 4498 de

229 4551 450 4624 coqn-
491 4533 725 4622 spirit.
769 4553 843 4604 n.
888 4532 1046 4621 164
1081 4535 1247 4608 licet
1283 4538 1473 4609 enim
1513 4544 1842 4629 ageretur
1876 4539 1964 4611 de
2002 4539 2243 4631 puella
2298 4539 2638 4628 novenni,
2674 4540 2926 4612 rescri-

230 4645 389 4735 psit
433 4664 475 4709 (
513 4647 1010 4737 cognationem
1048 4665 1203 4720 esse
1255 4655 1722 4739 contractam,
1764 4668 1910 4723 non
1962 4651 2294 4726 obstante
2332 4659 2594 4726 aetate.
2639 4677 2676 4722 ›
2717 4649 2923 4724 Cum-
