3497 5235
1059 327 1178 404 ⁰⁸1²·
1203 329 1301 388 111.
1342 331 1416 390 Do
1455 330 1590 389 claro
1631 329 1904 388 saeculari.
1946 331 1998 405 ἓ.
2026 331 2071 386 1.
2782 321 2898 383 311

248 456 304 555 ἓ.
352 461 492 532 Nec
545 468 776 534 censet
841 462 916 532 in
967 461 1129 550 fin.‚
1189 461 1811 548 animadvertitur,
1867 460 2412 534 distributiones
2471 476 2607 530 nec
2672 456 2762 529 ab
2816 457 2902 528 iis

251 590 441 663 posse
493 572 833 644 lucrifieri
891 596 929 639 ‹
967 576 1087 665 qui
1133 575 1617 665 parochialem
1666 575 1980 647 obtinent
2030 593 2116 645 ex
2168 570 2689 664 dispensatione
2723 569 2906 660 Apo-

249 710 279 753 »
308 685 590 766 stolica,
641 690 718 757 ut
770 684 1076 758 decrevit
1131 688 1204 759 S.
1249 687 1422 758 Pius
1473 686 1548 759 V.
1593 688 1667 758 in
1708 686 2001 759 Constit.
2048 686 2410 777 Cupientes
2452 682 2569 754 65.
2611 679 2684 777 ξ.
2723 679 2791 752 1.
2828 705 2865 749 ›

372 797 490 867 81.
530 793 795 878 Quarto
873 795 1025 868 loco
1079 815 1165 868 ex
1224 798 1392 890 Cap.
1462 796 1532 870 7.
1603 796 1701 869 De
1760 804 1992 870 cetero
2045 797 2128 868 de
2180 796 2421 868 cleric.
2488 813 2629 866 non
2683 791 2898 864 resid.

247 919 464 1003 potest
511 910 911 1003 Episcopus
956 915 1346 986 canonicos
1398 932 1791 1000 assumere,
1832 914 1954 1003 qui
1992 912 2130 984 sibi
2176 930 2383 1003 opem
2420 915 2792 1002 praestent
2829 907 2903 978 in

249 1022 572 1095 ecclesiae
625 1024 956 1113 serviti03
1013 1025 1087 1096 hi
1141 1031 1385 1098 tamen
1450 1044 1591 1097 non
1647 1024 1893 1116 plures
1953 1044 2169 1114 quam
2224 1027 2366 1097 duo
2426 1043 2583 1096 esse
2635 1023 2903 1096 debent

243 1154 313 1205 ex
357 1154 520 1227 cap.
570 1134 672 1207 Ad
723 1135 1164 1210 audientiam
1223 1136 1338 1209 15.
1381 1137 1530 1209 eod.
1574 1139 1728 1219 tit„
1765 1144 1838 1210 e‘t
1890 1137 2175 1209 interim
2223 1155 2396 1209 suae
2440 1135 2901 1227 praebendae

244 1247 541 1339 integros
594 1247 866 1320 fructus
919 1249 1351 1339 percipiunt,
1397 1272 1436 1312 «ι
1477 1267 1635 1321 cum
1675 1249 2016 1320 absentes
2050 1247 2189 1321 dici
2241 1267 2386 1320 non
2423 1247 2736 1320 debeant
2774 1246 2901 1318 sed

244 1382 273 1426 ›
303 1366 748 1450 praesenteS,
792 1361 918 1451 qui
958 1367 1193 1432 tecum
1246 1355 1379 1452 (sic
1413 1358 1763 1452 Episcopo
1800 1357 2146 1434 Meldensi
2184 1359 2623 1433 rescribebat
2656 1355 2903 1431 Hono-

239 1493 269 1536 »
302 1473 445 1543 rius
483 1467 663 1568 III.)
715 1490 843 1562 pro
897 1480 1020 1544 tuo
1073 1480 1144 1544 et
1203 1472 1544 1544 ecclesiae
1595 1474 1883 1546 servitio
1921 1480 2473 1545 commorantur.
2519 1496 2557 1539 a>
2614 1468 2899 1543 Certum

242 1588 331 1654 est
381 1592 658 1670 autem,
701 1578 1050 1674 Episcopo
1105 1585 1465 1676 integrum
1512 1603 1668 1657 esse
1721 1586 2117 1657 adsciscere
2170 1584 2306 1655 sibi
2359 1584 2739 1657 canonicos
2788 1582 2900 1654 vel

240 1695 747 1767 mansionarios
799 1701 946 1766 tam
999 1713 1088 1766 ex
1141 1696 1561 1785 cathedrali,
1622 1715 1838 1785 quam
1891 1715 1977 1768 ex
2032 1695 2450 1787 collegiatis,
2509 1695 2716 1767 modo
2754 1713 2899 1765 non

238 1806 365 1878 sint
399 1805 594 1878 ultra
631 1805 836 1878 duos.
874 1802 1056 1876 Nam
1095 1803 1167 1876 S.
1201 1804 1275 1877 C.
1307 1804 1518 1879 Cone.
1561 1807 1633 1879 in
1666 1806 2011 1899 Cajetana
2050 1811 2245 1881 Serv.
2287 1803 2450 1902 (lib.
2478 1805 2602 1879 23.
2635 1807 2890 1878 decret.

230 1937 295 2008 p.
330 1913 551 2012 317.)
603 1916 797 2010 apud
833 1915 1107 1989 Bened.
1146 1914 1337 1988 XIV.
1380 1919 1509 1990 loc.
1545 1919 1664 1991 cit.
1709 1939 1905 1990 nunt.
1940 1918 2061 1992 57.
2108 1943 2144 1984 «ι
2184 1921 2487 2006 censuit,
2528 1915 2898 2009 Episcopis

239 2053 271 2093 ι
305 2028 516 2101 licere
553 2048 681 2120 pro
717 2048 845 2100 suo
881 2031 1167 2102 servitio
1205 2030 1547 2103 adhibere
1599 2032 1816 2102 etiam
1852 2030 2317 2103 beneficiatos
2368 2039 2515 2104 tam
2555 2030 2896 2103 ecclesiae

238 2164 272 2205 ›
307 2140 767 2229 cathedraliS,
827 2159 1044 2230 quam
1097 2143 1438 2214 ecciesiae
1491 2143 1907 2233 collegiatae
1961 2161 2135 2213 suae
2182 2142 2548 2229 dioecesiS,
2591 2142 2897 2231 ideoque

237 2275 271 2316 ›
309 2251 828 2325 declarationes
862 2252 1080 2325 huius
1116 2253 1187 2325 S.
1230 2251 1575 2345 Congreg.
1618 2255 1909 2325 extendi
1946 2255 2161 2325 etiam
2198 2254 2289 2326 ad
2326 2251 2733 2356 huiusmodi
2767 2252 2896 2324 be-

235 2386 273 2429 »
312 2363 678 2436 nefioiatos
713 2366 811 2436 ita
848 2369 1117 2451 tamen,
1161 2373 1239 2437 ut
1275 2367 1462 2439 ultra
1497 2366 1678 2436 duos
1713 2384 1859 2436 non
1896 2365 2379 2439 adhibeant.»
2421 2362 2620 2436 Idem
2657 2363 2895 2435 decla-

227 2475 409 2546 ravit
460 2473 534 2547 S.
576 2473 651 2547 C.
694 2473 984 2548 Concilii
1025 2477 1097 2547 in
1147 2477 1499 2548 Venusina
1553 2478 1672 2549 30.
1716 2472 1880 2548 Iulii
1935 2479 2150 2549 1763.
2193 2478 2288 2549 ad
2343 2478 2509 2551 1.2.
2535 2478 2607 2550 3.
2644 2485 2709 2549 et
2742 2478 2816 2550 A.

370 2590 490 2660 82.
538 2587 639 2662 Ad
678 2590 1037 2677 effectum,
1078 2588 1168 2661 de
1221 2607 1361 2679 quo
1399 2591 1660 2681 agitur,
1702 2609 1846 2663 non
1890 2595 2124 2682 potest
2158 2586 2554 2682 Episcopus
2607 2592 2711 2663 uti
2750 2608 2898 2664 ser-

226 2700 396 2772 vitio
447 2702 819 2792 dignitatis
862 2700 972 2773 vel
1028 2703 1381 2789 canonici,
1424 2704 1547 2792 qui
1586 2703 1985 2773 animarum
2039 2722 2286 2774 curam
2324 2709 2604 2794 gerunt,
2648 2721 2902 2792 quem-

226 2810 610 2884 admodum
664 2810 1016 2904 Episcopo
1073 2811 1562 2885 Montisfalisci
1617 2813 1733 2886 die
1787 2817 1907 2886 26.
1953 2815 2213 2905 Aprilis
2281 2816 2492 2886 1659.
2544 2810 2706 2909 (lib.
2764 2815 2886 2888 21.

226 2921 480 2995 decret.
515 2944 684 3015 paq.
730 2922 895 2996 618.
899 2917 943 3019 )
995 2923 1340 2997 indictum
1394 2924 1611 2996 fuisse
1664 2926 1878 2998 refert
1930 2928 2118 2999 idem
2188 2925 2460 2999 Bened.
2513 2923 2703 2998 XIV.
2759 2929 2888 3000 loc.

223 3032 346 3104 cit.
389 3029 654 3123 Nequit
705 3036 874 3107 item
929 3035 1272 3108 adhibere
1327 3038 1708 3109 canonicos
1760 3039 2240 3127 coadiutoreS‚
2290 3040 2508 3111 veluti
2563 3041 2899 3114 adamus—

221 3144 354 3215 sim
391 3142 462 3215 S.
496 3144 572 3216 C.
613 3148 983 3238 respondit
1018 3144 1370 3242 Episcopo
1407 3145 1909 3240 Calaguritano
1946 3151 2059 3223 die
2103 3152 2218 3222 15.
2252 3147 2411 3223 Ian.
2454 3152 2668 3223 1684.
2702 3153 2897 3243 apud

216 3251 494 3329 Bened.
533 3253 728 3328 XIV.
772 3260 903 3330 loc.
948 3260 1068 3331 cit.

365 3369 485 3437 83.
527 3368 1160 3441 Animadvertatur
1212 3378 1451 3443 autem
1485 3424 1505 3459 ,
1572 3372 1980 3445 huiusmodi
2033 3375 2396 3445 canonicis
2468 3376 2893 3466 permissum

208 3496 376 3550 esse
426 3478 883 3552 beneficiales
936 3480 1210 3553 fructus
1265 3482 1483 3555 libere
1536 3486 1921 3576 consequi,
1993 3486 2280 3557 minime
2334 3506 2496 3560 vero
2550 3485 2894 3558 distribu-

203 3591 451 3663 tiones
503 3594 961 3681 quotidianas
993 3647 1012 3681 ,
1070 3602 1142 3667 et
1197 3596 1255 3665 si
1311 3596 1856 3668 distributiones
1909 3603 2107 3669 stant
2170 3597 2320 3669 loco
2374 3597 2833 3688 praebendae
2865 3649 2885 3686 ,

204 3703 404 3774 duas
452 3710 733 3776 tantum
788 3713 1032 3795 partes
1086 3707 1435 3796 accipere,
1480 3708 1740 3778 amissa
1780 3709 2015 3779 tertia.
2059 3704 2168 3778 Ita
2223 3709 2462 3781 sanxit
2514 3710 2587 3779 S.
2630 3705 2884 3798 Congr.

197 3813 428 3888 Cone.
469 3817 542 3888 in
597 3817 923 3889 Brixien.
967 3818 1085 3889 die
1144 3818 1259 3889 18.
1303 3819 1500 3909 Sept.
1549 3820 1763 3891 1626.
1804 3814 1966 3916 (lib.
2013 3818 2130 3892 13.
2173 3820 2427 3892 decret.
2463 3839 2634 3911 paq.
2673 3816 2890 3914 346.)

197 3926 415 4019 apud
451 3929 780 4000 eumdem
817 3927 1232 4002 Pontificem
1288 3932 1337 4001 l.
1382 3950 1444 4002 c.
1488 3951 1561 4002 n.
1606 3930 1726 4003 58.
1775 3954 1813 3997 ι
1852 3933 1924 4002 S.
1958 3929 2030 4005 C.
2068 3933 2346 4004 censuit
2381 3932 2693 4002 dandam
2732 3949 2888 4001 esse

195 4065 239 4109 ›
287 4039 858 4112 declarationem
929 4042 1106 4112 alias
1160 4042 1426 4115 editam
1480 4046 1753 4115 tenoris
1814 4044 2235 4133 sequentis:
2319 4041 2391 4113 S.
2450 4040 2523 4114 C.
2582 4042 2886 4129 censuit,

189 4175 235 4218 ι
285 4167 552 4239 unum,
596 4150 704 4223 vel
760 4152 938 4222 dnos
991 4154 1373 4224 canonicos
1424 4151 1776 4245 Episcopo
1831 4155 2303 4226 inservientes
2356 4154 2555 4225 iuxta
2608 4153 2893 4242 privile-

188 4286 234 4328 »
286 4260 492 4352 gium
547 4260 641 4332 ad
693 4261 1004 4336 favorem
1057 4261 1573 4355 Episcoporum
1629 4267 1703 4337 in
1763 4267 1929 4357 Cap.
1976 4262 2075 4335 De
2122 4271 2355 4336 cetero
2409 4266 2492 4336 de
2542 4265 2709 4336 cler.
2750 4285 2891 4337 non

179 4399 224 4441 ›
273 4374 510 4446 resid.
551 4375 813 4445 lucrari
873 4375 1364 4468 praebendam
1419 4395 1707 4449 suorum
1774 4376 2325 4447 canonicatuum
2359 4426 2379 4462 ,
2447 4394 2589 4447 non
2646 4383 2887 4449 tamen

175 4510 224 4554 >
278 4483 845 4558 distributiones
897 4487 1400 4575 quotidianas:
1470 4489 1526 4559 si
1583 4506 1746 4559 vero
1799 4486 2072 4557 reditus
2125 4504 2371 4558 omnes
2426 4487 2598 4578 ipsis
2651 4489 2892 4562 distri-

167 4624 218 4668 ›
268 4596 717 4668 hutionibus
770 4604 1126 4684 constent,
1187 4599 1370 4671 duas
1423 4604 1708 4671 tantum
1777 4616 1864 4669 ex
1917 4597 2198 4668 illarum
2251 4597 2483 4670 tribus
2560 4601 2888 4689 partibus

166 4734 221 4780 ›
273 4709 585 4780 lucrari.
631 4734 670 4776 »
741 4705 1101 4782 Consonat
1153 4710 1343 4782 dicta
1410 4711 1764 4784 Venusina
1818 4708 2033 4784 1763.
2099 4710 2217 4783 ad.
2251 4710 2320 4784 1.
2392 4720 2457 4786 et
2504 4714 2577 4786 2.
2636 4710 2883 4804 Neque
