3497 5235
525 287 642 362 ⁰⁸1··
668 287 741 345 n.
779 288 852 345 D·
891 286 1158 362 Epincopo.
1194 284 1603 360 Διώἰιιιὶιοομ.
1641 282 1871 341 Prima
1912 282 1967 339 ot
2006 280 2333 340 Petrinum.
2375 282 2429 355 §-
2455 279 2506 338 t.
2732 276 2861 340 227

249 422 465 496 ferendi
498 422 689 514 leges
716 422 792 493 in
821 423 1107 512 propria
1137 419 1476 507 dioecesi,
1500 436 1718 508 quam
1746 418 2102 508 integram
2128 414 2400 488 eisdem
2430 414 2643 488 Sacer
2669 409 2865 486 Ordo

246 535 550 625 relinquit.
608 529 696 604 In
751 551 894 623 quo
944 532 1124 605 nibil
1176 531 1479 604 ulterius
1539 550 1581 601 a
1643 527 1827 602 Sede
1883 527 2286 620 Apostolica
2340 527 2864 621 praescriptum

245 653 350 733 est,
396 645 595 716 veluti
648 645 890 717 evenit
940 645 1030 717 de
1083 642 1388 734 Synodis
1439 640 2029 734 provincialibuS,
2086 643 2274 715 circa
2327 661 2509 733 quas
2544 649 2866 716 tantum-

246 757 407 829 modo
450 757 685 829 Sixtus
737 753 824 826 V.
879 757 958 829 in
1007 754 1309 829 Constit.
1373 777 1410 822 ‹
1446 756 1799 828 Immensa
1830 778 1867 821 ›
1925 756 2299 849 praecipit,
2341 762 2424 827 ut
2458 763 2616 828 acta
2651 773 2869 847 syno-

240 867 390 940 dalia
434 865 501 939 S.
542 865 1090 960 congregationi
1126 864 1699 959 recognoscenda
1737 870 1908 938 ante
1949 867 2593 958 promulgationem
2630 873 2867 942 trans-

243 981 589 1052 mittantur.
620 977 1047 1052 Huiusmodi
1084 998 1248 1052 vero
1275 977 1658 1068 disciplina
1686 979 2108 1052 confirmata
2137 977 2273 1050 fuit
2309 979 2384 1048 in
2415 978 2856 1071 Stronqolen.

243 1091 332 1161 17.
360 1087 506 1162 11111.
547 1090 762 1163 1645.
803 1090 977 1186 (lib.
1017 1091 1137 1164 47.
1169 1091 1426 1165 decret.
1459 1110 1631 1184 paq.
1659 1086 1876 1187 484.)
1911 1108 2134 1182 penes
2166 1088 2637 1163 Benedictum
2663 1086 2857 1160 XIV.

239 1200 305 1272 de
345 1202 495 1292 Syn.
539 1203 770 1275 dioec.
813 1204 935 1276 lib.
982 1203 1181 1275 XIII.
1224 1222 1384 1293 cap.
1425 1201 1496 1276 3.
1540 1222 1616 1273 η.
1659 1203 1730 1276 6.
1791 1198 1862 1274 Si
1915 1221 2108 1291 vem,
2164 1207 2247 1274 ut
2278 1202 2695 1292 saepissime
2749 1201 2858 1289 fit,

236 1308 512 1405 Episcopi
555 1321 876 1388 actorum
928 1315 1383 1407 synodalium
1419 1316 1785 1407 exemplar
1817 1334 1983 1388 cum
2016 1313 2363 1386 relatione
2399 1320 2634 1386 status
2668 1312 2865 1385 dioe-

233 1424 374 1495 cesis
405 1426 802 1516 remittunt,
846 1425 1343 1499 lubentissime
1398 1427 1656 1520 accipit
1707 1424 1781 1498 S.
1824 1422 1901 1498 C.
1942 1423 2162 1497 Casus
2199 1425 2391 1498 enim
2436 1424 2867 1497 intercidere

234 1544 486 1625 queunt,
547 1535 815 1628 quibus
866 1539 1120 1611 eadem
1154 1545 1316 1610 acta
1366 1540 1739 1612 consulere
1791 1540 1869 1609 in
1920 1536 2390 1628 expediendis
2439 1536 2634 1607 illius
2669 1535 2867 1607 dioe-

231 1647 373 1719 cesis
418 1649 724 1741 negotiis
773 1668 1224 1741 summopere
1276 1652 1548 1742 prosit;
1614 1655 2110 1722 verumtamen
2162 1666 2284 1721 eos
2347 1648 2724 1719 dumtaxat
2775 1646 2865 1719 de

230 1754 336 1827 hac
363 1759 731 1851 diligentia
769 1761 844 1831 in
881 1761 1166 1851 Synodo
1221 1769 1464 1834 coacta
1503 1762 1798 1834 laudare
1834 1761 2010 1833 satis
2043 1759 2289 1832 babet.
2331 1755 2419 1831 Id
2454 1759 2867 1849 nuperrime

228 1870 443 1941 accidit
490 1872 586 1943 de
641 1868 989 1963 Episcopo
1041 1870 1452 1965 Eugubin0‚
1510 1874 1635 1963 qui
1687 1892 1835 1945 una
1886 1891 2051 1945 cum
2087 1871 2433 1944 relatione
2468 1878 2701 1944 status
2737 1868 2868 1963 Sy·

226 1980 450 2054 nodum
520 1982 853 2054 habitam
914 1984 1281 2072 exhibuit,
1338 2003 1560 2076 reque
1613 1986 1706 2058 ad
1760 1982 2054 2057 SSri'ium
2107 1981 2194 2055 D.
2232 1980 2322 2054 N.
2382 1984 2498 2056 die
2553 1985 2671 2055 11.
2726 1980 2867 2055 No-

224 2092 491 2165 vembris
550 2096 771 2166 1854.
828 2115 871 2167 a
925 2093 1015 2166 R.
1058 2094 1138 2168 P.
1182 2094 1266 2167 D.
1310 2096 1704 2168 secretario
1756 2095 2026 2183 delata,
2085 2093 2443 2168 Sanctitas
2494 2113 2625 2167 sua
2664 2113 2867 2167 man-

222 2227 252 2270 »
281 2204 483 2294 davit,
544 2215 629 2279 ut
681 2209 754 2277 in
790 2209 1251 2298 responsione
1304 2208 1396 2279 ad
1432 2205 1767 2301 Episcopi
1801 2204 2165 2299 Eugubini
2201 2207 2619 2280 relationem
2652 2208 2864 2280 unice

222 2339 250 2381 ›
281 2316 601 2391 laudetur
654 2320 850 2391 zelus
901 2320 1127 2409 ipsius
1179 2320 1252 2391 in
1306 2317 1591 2409 Synodo
1643 2319 2070 2391 dioecesana
2124 2314 2584 2407 celebranda,
2642 2324 2713 2391 et
2764 2320 2866 2391 ita

218 2451 248 2494 ›
279 2441 455 2503 sarta
511 2438 852 2521 tectaque
905 2437 1226 2503 servetur
1293 2432 1474 2503 ratio
1527 2452 1569 2503 a
1621 2429 1695 2503 S.
1745 2427 1820 2502 C.
1878 2437 2208 2522 recepta,
2285 2449 2471 2521 quae
2542 2430 2865 2522 Synodos

220 2561 248 2603 ›
279 2539 734 2614 dioecesanas
787 2562 930 2615 non
985 2543 1424 2635 recognoscit
1478 2560 1612 2615 nec
1680 2542 2060 2636 approbat.
2124 2538 2445 2634 Idipsum
2501 2561 2668 2616 vero
2719 2561 2869 2616 ser-

212 2673 243 2717 »
275 2661 463 2726 vetur
518 2651 882 2752 (eiusdem
934 2658 1199 2729 oraculi
1238 2655 1590 2730 Pontificii
1643 2655 1859 2727 verba
1912 2651 2115 2748 sunt)
2168 2657 2242 2728 in
2280 2657 2865 2747 responsionibus

210 2784 242 2831 ›
273 2764 354 2836 ad
403 2785 524 2839 eos
573 2767 972 2856 AntistiteS,
1014 2770 1138 2859 qui
1192 2769 1298 2839 vel
1339 2769 1889 2855 transmiserint,
1930 2768 2041 2839 vel
2079 2769 2568 2840 transmissuri
2622 2775 2864 2841 essent

207 2896 238 2940 ›
269 2877 334 2947 in
384 2888 758 2970 posterum
809 2882 1129 2971 Synodos
1166 2881 1626 2951 dioecesanas
1661 2898 1808 2951 una
1846 2889 2007 2950 cum
2044 2880 2419 2972 petitione,
2460 2885 2542 2951 ut
2588 2877 2741 2951 a·S.
2782 2877 2858 2952 C.

204 3009 235 3054 ›
269 2992 882 3064 confirmationem
938 2994 1318 3083 accipiant.
1365 3014 1404 3058 ›

326 3104 491 3175 163.
559 3102 833 3175 Bened.
877 3100 1064 3174 xlv,
1115 3104 1247 3175 loc.
1291 3104 1415 3175 cit.
1475 3123 1549 3175 n.
1594 3103 1665 3175 7.
1712 3104 2145 3176 mentionem
2199 3102 2371 3174 facit
2422 3103 2511 3175 de
2564 3104 2866 3194 quibus-

198 3213 338 3285 dam
379 3217 878 3304 Antistitibu5‚
920 3219 1041 3306 qui
1095 3235 1225 3289 suo
1262 3226 1576 3308 tempore
1627 3217 2011 3307 synodales
2047 3217 2592 3288 constitutiones
2628 3224 2865 3289 trans-

195 3328 517 3401 miserant
577 3328 671 3399 ad
727 3330 1032 3418 aliquem
1101 3331 1328 3401 virum
1407 3331 1723 3417 doctum,
1781 3347 2164 3419 rerumque
2222 3329 2862 3403 ecclesiasticarum

192 3440 480 3526 peritum
545 3443 627 3512 in
683 3438 867 3513 Urbe
921 3448 1504 3526 commorantem,
1562 3447 1686 3511 aut
1741 3442 1957 3512 etiam
2012 3441 2103 3513 ad
2158 3441 2470 3531 aliquem
2521 3439 2866 3514 Cardine·-

187 3547 310 3624 lem
361 3555 438 3626 S.
501 3552 1049 3644 Congregationi
1104 3553 1584 3643 adscriptum,
1656 3560 1736 3625 ut
1789 3570 2000 3623 suum
2053 3551 2143 3625 de
2196 3551 2335 3623 illis
2397 3553 2743 3624 iudicium
2793 3560 2863 3625 et

188 3667 560 3738 consilium
605 3667 1087 3755 exquirerent.
1121 3662 1543 3736 Huiusmodi
1584 3664 2002 3734 mandatum
2038 3664 2444 3753 aliquotieS,
2477 3664 2646 3736 dum
2675 3670 2865 3736 esset

183 3773 249 3844 in
299 3777 770 3864 minoribu5‚
844 3779 1032 3847 idem
1084 3774 1408 3849 Pontifex
1478 3775 1779 3868 accepit.
1854 3771 2066 3847 Hisce
2135 3776 2351 3848 etiam
2420 3775 2866 3868 temporibus

182 3892 501 3963 eamdem
545 3889 957 3960 cautionem
1006 3888 1405 3959 adhibitam
1445 3887 1536 3957 ab
1574 3885 1943 3975 aliquibus
1992 3883 2362 3977 Episcopis
2415 3886 2635 3959 fuisse
2687 3888 2858 3977 sci0,

178 4015 347 4086 quos
401 4004 611 4075 inter
663 4000 951 4070 lionoris
1020 4017 1234 4069 causa
1289 4000 1578 4069 nomino
1650 3998 2272 4088 vigilantissimum
2325 3994 2867 4070 Mandelensem

170 4105 647 4206 Episcopum,
689 4107 1054 4182 Nicolaum
1091 4109 1469 4201 Crispigni,
1511 4110 1621 4181 cui
1677 4110 1752 4179 in
1806 4108 1943 4180 bac
1976 4127 2051 4180 re
2104 4127 2335 4182 meam
2380 4110 2868 4200 qualemcum-

173 4239 300 4310 que
353 4243 672 4318 operam
730 4230 1090 4314 praestare
1143 4220 1390 4294 debui.
1468 4217 1550 4290 ld
1604 4229 1847 4292 autem
1904 4221 2160 4311 privati
2214 4220 2459 4294 iudicii
2521 4223 2663 4293 vim
2719 4240 2866 4294 non

166 4343 568 4427 exsuperat
624 4332 747 4427 (ut
783 4335 1087 4424 quisque
1127 4331 1390 4427 videt),
1431 4333 1711 4405 etiamsi
1747 4349 1876 4422 per
1909 4331 2243 4405 accidens
2276 4332 2371 4405 ad
2414 4331 2483 4404 S.
2527 4331 2600 4404 C.
2643 4330 2857 4406 Conc.

167 4462 415 4522 censor
476 4446 614 4519 ille
667 4447 990 4537 privatus
1042 4446 1457 4539 pertineret.

306 4560 492 4631 164.
562 4554 763 4639 Quae
814 4558 1167 4629 hactenus
1228 4556 1416 4628 dicta
1466 4563 1680 4646 sunt,
1757 4574 1903 4627 non
1970 4556 2072 4628 ita
2126 4556 2352 4649 accipi
2405 4555 2715 4647 debent,
2788 4563 2874 4631 ut

164 4670 445 4754 nullam
505 4671 599 4741 in
631 4669 1100 4761 synodalibus
1152 4669 1789 4742 constitutionibus
1840 4669 2106 4762 negotii
2142 4677 2422 4764 partem
2458 4671 2600 4745 sibi
2632 4676 2873 4746 sumat
