<?xml version="1.0" encoding="UTF-8"?>
<!DOCTYPE html PUBLIC "-//W3C//DTD XHTML 1.0 Transitional//EN"
    "http://www.w3.org/TR/xhtml1/DTD/xhtml1-transitional.dtd">
<html xmlns="http://www.w3.org/1999/xhtml" xml:lang="en" lang="en">
 <head>
  <title>
</title>
<meta http-equiv="Content-Type" content="text/html;charset=utf-8" />
  <meta name='ocr-system' content='tesseract 3.04.00' />
  <meta name='ocr-capabilities' content='ocr_page ocr_carea ocr_par ocr_line ocrx_word'/>
</head>
<body>
  <div class='ocr_page' id='page_1' title='image "./devisitationesa00popegoog_0230.png"; bbox 0 0 3497 5235; ppageno 0'>
   <div class='ocr_carea' id='block_1_1' title="bbox 566 226 2482 307">
    <p class='ocr_par' dir='ltr' id='par_1_1' title="bbox 566 226 2482 307">
     <span class='ocr_line' id='line_1_1' title="bbox 566 226 2482 307; baseline 0 -18"><span class='ocrx_word' id='word_1_1' title='bbox 566 226 684 289; x_wconf 76' lang='lat'>200</span> <span class='ocrx_word' id='word_1_2' title='bbox 1314 227 1684 287; x_wconf 66' lang='lat' dir='ltr'>humationi·</span> <span class='ocrx_word' id='word_1_3' title='bbox 1725 229 1781 287; x_wconf 80' lang='grc' dir='ltr'>Β.</span> <span class='ocrx_word' id='word_1_4' title='bbox 1810 228 1993 303; x_wconf 73' lang='lat' dir='ltr'>Ocngr.</span> <span class='ocrx_word' id='word_1_5' title='bbox 2022 229 2171 289; x_wconf 74' lang='lat' dir='ltr'>Ocno.</span> <span class='ocrx_word' id='word_1_6' title='bbox 2211 232 2482 307; x_wconf 67' lang='lat' dir='ltr'>oxpodtic.</span> 
     </span>
    </p>
   </div>
   <div class='ocr_carea' id='block_1_2' title="bbox 560 362 3254 2468">
    <p class='ocr_par' dir='ltr' id='par_1_2' title="bbox 560 362 3242 1573">
     <span class='ocr_line' id='line_1_2' title="bbox 565 362 3231 459; baseline 0.002 -26"><span class='ocrx_word' id='word_1_7' title='bbox 565 362 957 434; x_wconf 84' lang='lat' dir='ltr'>vocationis</span> <span class='ocrx_word' id='word_1_8' title='bbox 1025 362 1230 453; x_wconf 84' lang='lat' dir='ltr'>signa</span> <span class='ocrx_word' id='word_1_9' title='bbox 1299 362 1373 432; x_wconf 93' lang='lat' dir='ltr'>in</span> <span class='ocrx_word' id='word_1_10' title='bbox 1435 363 1588 454; x_wconf 94' lang='lat' dir='ltr'>ipso</span> <span class='ocrx_word' id='word_1_11' title='bbox 1641 363 2264 453; x_wconf 83' lang='lat' dir='ltr'>desiderabantur,</span> <span class='ocrx_word' id='word_1_12' title='bbox 2320 384 2483 439; x_wconf 90' lang='lat' dir='ltr'>cum</span> <span class='ocrx_word' id='word_1_13' title='bbox 2536 372 2781 438; x_wconf 90' lang='lat' dir='ltr'>contra</span> <span class='ocrx_word' id='word_1_14' title='bbox 2833 364 3231 459; x_wconf 81' lang='lat' dir='ltr'><strong>Episcopus</strong></span> 
     </span>
     <span class='ocr_line' id='line_1_3' title="bbox 562 470 3234 564; baseline 0.003 -21"><span class='ocrx_word' id='word_1_15' title='bbox 562 470 966 545; x_wconf 80' lang='lat' dir='ltr'>verulanus</span> <span class='ocrx_word' id='word_1_16' title='bbox 1017 473 1363 564; x_wconf 91' lang='lat' dir='ltr'>optimum</span> <span class='ocrx_word' id='word_1_17' title='bbox 1401 474 1490 544; x_wconf 92' lang='lat' dir='ltr'>de</span> <span class='ocrx_word' id='word_1_18' title='bbox 1526 474 1845 547; x_wconf 90' lang='lat' dir='ltr'>eiusdem</span> <span class='ocrx_word' id='word_1_19' title='bbox 1897 476 2198 548; x_wconf 88' lang='lat' dir='ltr'>scientia</span> <span class='ocrx_word' id='word_1_20' title='bbox 2233 483 2304 549; x_wconf 87' lang='lat' dir='ltr'>et</span> <span class='ocrx_word' id='word_1_21' title='bbox 2340 477 2655 550; x_wconf 88' lang='lat' dir='ltr'>moribus</span> <span class='ocrx_word' id='word_1_22' title='bbox 2706 478 3049 550; x_wconf 90' lang='lat' dir='ltr'>iudicium</span> <span class='ocrx_word' id='word_1_23' title='bbox 3085 478 3234 550; x_wconf 89' lang='lat' dir='ltr'>edi-</span> 
     </span>
     <span class='ocr_line' id='line_1_4' title="bbox 561 581 3235 681; baseline 0.001 -24"><span class='ocrx_word' id='word_1_24' title='bbox 561 584 811 658; x_wconf 81' lang='lat' dir='ltr'><strong>disset.</strong></span> <span class='ocrx_word' id='word_1_25' title='bbox 868 582 976 656; x_wconf 87' lang='lat' dir='ltr'>Re</span> <span class='ocrx_word' id='word_1_26' title='bbox 1030 585 1123 657; x_wconf 91' lang='lat' dir='ltr'>ad</span> <span class='ocrx_word' id='word_1_27' title='bbox 1174 586 1245 657; x_wconf 90' lang='lat' dir='ltr'>S.</span> <span class='ocrx_word' id='word_1_28' title='bbox 1289 581 1363 656; x_wconf 93' lang='lat' dir='ltr'>C.</span> <span class='ocrx_word' id='word_1_29' title='bbox 1404 581 1642 676; x_wconf 91' lang='lat' dir='ltr'>Episc.</span> <span class='ocrx_word' id='word_1_30' title='bbox 1686 591 1757 658; x_wconf 93' lang='lat' dir='ltr'>et</span> <span class='ocrx_word' id='word_1_31' title='bbox 1792 583 2049 678; x_wconf 85' lang='lat' dir='ltr'>Regul.</span> <span class='ocrx_word' id='word_1_32' title='bbox 2093 588 2358 677; x_wconf 87' lang='lat' dir='ltr'>delata,</span> <span class='ocrx_word' id='word_1_33' title='bbox 2401 588 3012 681; x_wconf 79' lang='lat' dir='ltr'>perpendebatur,</span> <span class='ocrx_word' id='word_1_34' title='bbox 3064 587 3235 681; x_wconf 87' lang='lat' dir='ltr'>Epi-</span> 
     </span>
     <span class='ocr_line' id='line_1_5' title="bbox 560 697 3231 791; baseline 0.001 -21"><span class='ocrx_word' id='word_1_35' title='bbox 560 716 853 789; x_wconf 83' lang='lat' dir='ltr'><strong>scopum</strong></span> <span class='ocrx_word' id='word_1_36' title='bbox 889 697 1183 788; x_wconf 82' lang='lat' dir='ltr'>originis</span> <span class='ocrx_word' id='word_1_37' title='bbox 1225 697 1741 770; x_wconf 80' lang='lat' dir='ltr'>testimoniales</span> <span class='ocrx_word' id='word_1_38' title='bbox 1778 698 2135 790; x_wconf 87' lang='lat' dir='ltr'>denegare</span> <span class='ocrx_word' id='word_1_39' title='bbox 2172 718 2317 771; x_wconf 94' lang='lat' dir='ltr'>non</span> <span class='ocrx_word' id='word_1_40' title='bbox 2354 718 2561 791; x_wconf 89' lang='lat' dir='ltr'>posse</span> <span class='ocrx_word' id='word_1_41' title='bbox 2596 701 2750 773; x_wconf 92' lang='lat' dir='ltr'>sine</span> <span class='ocrx_word' id='word_1_42' title='bbox 2789 702 2974 773; x_wconf 89' lang='lat' dir='ltr'>iusta</span> <span class='ocrx_word' id='word_1_43' title='bbox 3012 719 3231 774; x_wconf 87' lang='lat' dir='ltr'>causa</span> 
     </span>
     <span class='ocr_line' id='line_1_6' title="bbox 562 806 3231 905; baseline 0.001 -24"><span class='ocrx_word' id='word_1_44' title='bbox 562 827 649 882; x_wconf 80' lang='lat' dir='ltr'>ex</span> <span class='ocrx_word' id='word_1_45' title='bbox 704 826 813 896; x_wconf 93' lang='lat' dir='ltr'>eo,</span> <span class='ocrx_word' id='word_1_46' title='bbox 870 806 1062 897; x_wconf 89' lang='lat' dir='ltr'>quod</span> <span class='ocrx_word' id='word_1_47' title='bbox 1115 808 1321 878; x_wconf 90' lang='lat' dir='ltr'>aliter</span> <span class='ocrx_word' id='word_1_48' title='bbox 1370 807 1898 881; x_wconf 85' lang='lat' dir='ltr'>ordinationem</span> <span class='ocrx_word' id='word_1_49' title='bbox 1952 810 2040 882; x_wconf 92' lang='lat' dir='ltr'>de</span> <span class='ocrx_word' id='word_1_50' title='bbox 2094 811 2247 883; x_wconf 89' lang='lat' dir='ltr'>iure</span> <span class='ocrx_word' id='word_1_51' title='bbox 2299 819 2822 902; x_wconf 78' lang='lat' dir='ltr'>competentem</span> <span class='ocrx_word' id='word_1_52' title='bbox 2885 814 3231 905; x_wconf 90' lang='lat' dir='ltr'>impedire</span> 
     </span>
     <span class='ocr_line' id='line_1_7' title="bbox 563 918 3238 1013; baseline 0.001 -20"><span class='ocrx_word' id='word_1_53' title='bbox 563 927 807 1012; x_wconf 91' lang='lat' dir='ltr'>posset</span> <span class='ocrx_word' id='word_1_54' title='bbox 857 925 1099 992; x_wconf 92' lang='lat' dir='ltr'>contra</span> <span class='ocrx_word' id='word_1_55' title='bbox 1169 920 1511 1010; x_wconf 90' lang='lat' dir='ltr'>repetitas</span> <span class='ocrx_word' id='word_1_56' title='bbox 1581 918 1958 993; x_wconf 89' lang='lat' dir='ltr'>Sacrarum</span> <span class='ocrx_word' id='word_1_57' title='bbox 2010 919 2653 1013; x_wconf 83' lang='lat' dir='ltr'>Congregationum</span> <span class='ocrx_word' id='word_1_58' title='bbox 2724 926 2954 1001; x_wconf 90' lang='lat' dir='ltr'>almae</span> <span class='ocrx_word' id='word_1_59' title='bbox 3024 922 3238 997; x_wconf 88' lang='lat' dir='ltr'>Urbis</span> 
     </span>
     <span class='ocr_line' id='line_1_8' title="bbox 567 1028 3239 1109; baseline 0.001 -4"><span class='ocrx_word' id='word_1_60' title='bbox 567 1032 1110 1105; x_wconf 79' lang='lat' dir='ltr'>declarationes,</span> <span class='ocrx_word' id='word_1_61' title='bbox 1165 1028 1352 1104; x_wconf 87' lang='lat' dir='ltr'>Hinc</span> <span class='ocrx_word' id='word_1_62' title='bbox 1403 1051 1605 1105; x_wconf 89' lang='lat' dir='ltr'>sacer</span> <span class='ocrx_word' id='word_1_63' title='bbox 1655 1028 1844 1104; x_wconf 92' lang='lat' dir='ltr'>Ordo</span> <span class='ocrx_word' id='word_1_64' title='bbox 1905 1032 2022 1104; x_wconf 91' lang='lat' dir='ltr'>die</span> <span class='ocrx_word' id='word_1_65' title='bbox 2098 1035 2212 1105; x_wconf 88' lang='grc'>16.</span> <span class='ocrx_word' id='word_1_66' title='bbox 2273 1030 2412 1107; x_wconf 92' lang='lat' dir='ltr'>Iul.</span> <span class='ocrx_word' id='word_1_67' title='bbox 2462 1035 2674 1107; x_wconf 93' lang='grc'><strong>1841.</strong></span> <span class='ocrx_word' id='word_1_68' title='bbox 2732 1038 2805 1106; x_wconf 92' lang='lat' dir='ltr'>in</span> <span class='ocrx_word' id='word_1_69' title='bbox 2870 1036 3101 1109; x_wconf 81' lang='lat' dir='ltr'>Verul.</span> <span class='ocrx_word' id='word_1_70' title='bbox 3169 1043 3239 1108; x_wconf 89' lang='lat' dir='ltr'>et</span> 
     </span>
     <span class='ocr_line' id='line_1_9' title="bbox 567 1142 3233 1236; baseline 0.001 -19"><span class='ocrx_word' id='word_1_71' title='bbox 567 1144 826 1236; x_wconf 81' lang='lat' dir='ltr'>Aquin.</span> <span class='ocrx_word' id='word_1_72' title='bbox 875 1142 1127 1216; x_wconf 83' lang='lat' dir='ltr'>ordin.</span> <span class='ocrx_word' id='word_1_73' title='bbox 1169 1143 1261 1214; x_wconf 91' lang='lat' dir='ltr'>ad</span> <span class='ocrx_word' id='word_1_74' title='bbox 1303 1144 1369 1213; x_wconf 95' lang='lat'>1.</span> <span class='ocrx_word' id='word_1_75' title='bbox 1413 1143 1826 1233; x_wconf 87' lang='lat' dir='ltr'>respondit:</span> <span class='ocrx_word' id='word_1_76' title='bbox 1887 1168 1926 1209; x_wconf 65' lang='grc' dir='ltr'><strong><em>ι</em></strong></span> <span class='ocrx_word' id='word_1_77' title='bbox 1965 1144 2423 1217; x_wconf 89' lang='lat' dir='ltr'>scribendum</span> <span class='ocrx_word' id='word_1_78' title='bbox 2460 1166 2615 1219; x_wconf 91' lang='lat' dir='ltr'>esse</span> <span class='ocrx_word' id='word_1_79' title='bbox 2655 1149 2853 1221; x_wconf 84' lang='lat' dir='ltr'>iuxta</span> <span class='ocrx_word' id='word_1_80' title='bbox 2891 1154 3233 1235; x_wconf 83' lang='lat' dir='ltr'>mentem,</span> 
     </span>
     <span class='ocr_line' id='line_1_10' title="bbox 569 1254 3238 1348; baseline 0.001 -22"><span class='ocrx_word' id='word_1_81' title='bbox 569 1281 609 1326; x_wconf 78' lang='lat'><strong>»</strong></span> <span class='ocrx_word' id='word_1_82' title='bbox 646 1257 977 1329; x_wconf 85' lang='lat' dir='ltr'>videlicet</span> <span class='ocrx_word' id='word_1_83' title='bbox 1028 1264 1109 1329; x_wconf 91' lang='lat' dir='ltr'>ut</span> <span class='ocrx_word' id='word_1_84' title='bbox 1145 1256 1236 1328; x_wconf 93' lang='lat' dir='ltr'>ab</span> <span class='ocrx_word' id='word_1_85' title='bbox 1273 1254 1624 1348; x_wconf 79' lang='lat' dir='ltr'>Episcopo</span> <span class='ocrx_word' id='word_1_86' title='bbox 1677 1257 2151 1348; x_wconf 80' lang='lat' dir='ltr'>Aquinatensi</span> <span class='ocrx_word' id='word_1_87' title='bbox 2188 1259 2451 1332; x_wconf 88' lang='lat' dir='ltr'>dentur</span> <span class='ocrx_word' id='word_1_88' title='bbox 2484 1262 3001 1333; x_wconf 85' lang='lat' dir='ltr'>testimoniales</span> <span class='ocrx_word' id='word_1_89' title='bbox 3047 1263 3238 1333; x_wconf 90' lang='lat' dir='ltr'>intra</span> 
     </span>
     <span class='ocr_line' id='line_1_11' title="bbox 568 1368 3242 1463; baseline 0.001 -24"><span class='ocrx_word' id='word_1_90' title='bbox 568 1393 608 1438; x_wconf 78' lang='lat'><strong>»</strong></span> <span class='ocrx_word' id='word_1_91' title='bbox 649 1386 963 1440; x_wconf 90' lang='lat' dir='ltr'>mensem</span> <span class='ocrx_word' id='word_1_92' title='bbox 1015 1387 1128 1457; x_wconf 90' lang='lat' dir='ltr'>ea,</span> <span class='ocrx_word' id='word_1_93' title='bbox 1185 1386 1373 1459; x_wconf 90' lang='lat' dir='ltr'>quae</span> <span class='ocrx_word' id='word_1_94' title='bbox 1425 1368 1563 1440; x_wconf 91' lang='lat' dir='ltr'>sibi</span> <span class='ocrx_word' id='word_1_95' title='bbox 1616 1370 2002 1457; x_wconf 86' lang='lat' dir='ltr'>videbitur,</span> <span class='ocrx_word' id='word_1_96' title='bbox 2045 1372 2319 1443; x_wconf 88' lang='lat' dir='ltr'>ratione</span> <span class='ocrx_word' id='word_1_97' title='bbox 2366 1372 2745 1463; x_wconf 84' lang='lat' dir='ltr'>modoque,</span> <span class='ocrx_word' id='word_1_98' title='bbox 2788 1373 3032 1446; x_wconf 89' lang='lat' dir='ltr'>relicta</span> <span class='ocrx_word' id='word_1_99' title='bbox 3066 1370 3242 1463; x_wconf 88' lang='lat' dir='ltr'>Epi-</span> 
     </span>
     <span class='ocr_line' id='line_1_12' title="bbox 570 1475 2965 1573; baseline 0.003 -26"><span class='ocrx_word' id='word_1_100' title='bbox 570 1505 608 1547; x_wconf 78' lang='lat'><strong>»</strong></span> <span class='ocrx_word' id='word_1_101' title='bbox 647 1499 859 1570; x_wconf 92' lang='lat' dir='ltr'>scopo</span> <span class='ocrx_word' id='word_1_102' title='bbox 909 1475 1269 1552; x_wconf 88' lang='lat' dir='ltr'>Verulano</span> <span class='ocrx_word' id='word_1_103' title='bbox 1321 1480 1688 1552; x_wconf 85' lang='lat' dir='ltr'>iudicandi</span> <span class='ocrx_word' id='word_1_104' title='bbox 1738 1488 2095 1572; x_wconf 84' lang='lat' dir='ltr'>potestate</span> <span class='ocrx_word' id='word_1_105' title='bbox 2147 1501 2362 1573; x_wconf 89' lang='lat' dir='ltr'>super</span> <span class='ocrx_word' id='word_1_106' title='bbox 2412 1484 2965 1557; x_wconf 77' lang='lat' dir='ltr'>ordinatione.»</span> 
     </span>
    </p>

    <p class='ocr_par' dir='ltr' id='par_1_3' title="bbox 566 1589 3254 2468">
     <span class='ocr_line' id='line_1_13' title="bbox 721 1589 3242 1685; baseline 0.001 -22"><span class='ocrx_word' id='word_1_107' title='bbox 721 1594 883 1666; x_wconf 91' lang='grc'><strong>104.</strong></span> <span class='ocrx_word' id='word_1_108' title='bbox 941 1589 1348 1665; x_wconf 86' lang='lat' dir='ltr'>Transitum</span> <span class='ocrx_word' id='word_1_109' title='bbox 1401 1593 1582 1665; x_wconf 80' lang='lat' dir='ltr'>facio</span> <span class='ocrx_word' id='word_1_110' title='bbox 1635 1595 1728 1666; x_wconf 93' lang='lat' dir='ltr'>ad</span> <span class='ocrx_word' id='word_1_111' title='bbox 1782 1595 2079 1666; x_wconf 91' lang='lat' dir='ltr'>alteram</span> <span class='ocrx_word' id='word_1_112' title='bbox 2134 1612 2452 1685; x_wconf 90' lang='lat' dir='ltr'>causam,</span> <span class='ocrx_word' id='word_1_113' title='bbox 2510 1613 2696 1685; x_wconf 87' lang='lat' dir='ltr'>quae</span> <span class='ocrx_word' id='word_1_114' title='bbox 2751 1596 3042 1685; x_wconf 89' lang='lat' dir='ltr'>quidem</span> <span class='ocrx_word' id='word_1_115' title='bbox 3104 1595 3242 1666; x_wconf 90' lang='lat' dir='ltr'>hu-</span> 
     </span>
     <span class='ocr_line' id='line_1_14' title="bbox 566 1702 3242 1798; baseline 0.001 -22"><span class='ocrx_word' id='word_1_116' title='bbox 566 1704 872 1776; x_wconf 90' lang='lat' dir='ltr'>iusmodi</span> <span class='ocrx_word' id='word_1_117' title='bbox 918 1712 1114 1777; x_wconf 86' lang='lat' dir='ltr'>erat:</span> <span class='ocrx_word' id='word_1_118' title='bbox 1172 1702 1525 1778; x_wconf 91' lang='lat' dir='ltr'>Diaconus</span> <span class='ocrx_word' id='word_1_119' title='bbox 1561 1723 1599 1777; x_wconf 90' lang='lat' dir='ltr'>e</span> <span class='ocrx_word' id='word_1_120' title='bbox 1636 1702 1909 1777; x_wconf 86' lang='lat' dir='ltr'>Sorana</span> <span class='ocrx_word' id='word_1_121' title='bbox 1947 1705 2282 1794; x_wconf 91' lang='lat' dir='ltr'>dioecesi,</span> <span class='ocrx_word' id='word_1_122' title='bbox 2324 1707 2399 1777; x_wconf 95' lang='lat' dir='ltr'>in</span> <span class='ocrx_word' id='word_1_123' title='bbox 2435 1707 2730 1798; x_wconf 85' lang='lat' dir='ltr'>collegio</span> <span class='ocrx_word' id='word_1_124' title='bbox 2766 1705 3242 1798; x_wconf 89' lang='lat' dir='ltr'>Neapolitano</span> 
     </span>
     <span class='ocr_line' id='line_1_15' title="bbox 566 1815 3247 1910; baseline 0.001 -21"><span class='ocrx_word' id='word_1_125' title='bbox 566 1816 1014 1889; x_wconf 89' lang='lat' dir='ltr'>alumnorum</span> <span class='ocrx_word' id='word_1_126' title='bbox 1051 1815 1454 1906; x_wconf 79' lang='lat' dir='ltr'>praefectus</span> <span class='ocrx_word' id='word_1_127' title='bbox 1491 1824 1561 1889; x_wconf 89' lang='lat' dir='ltr'>et</span> <span class='ocrx_word' id='word_1_128' title='bbox 1599 1818 2000 1908; x_wconf 88' lang='lat' dir='ltr'>capellania</span> <span class='ocrx_word' id='word_1_129' title='bbox 2038 1818 2436 1908; x_wconf 79' lang='lat' dir='ltr'>praedituS,</span> <span class='ocrx_word' id='word_1_130' title='bbox 2469 1820 2905 1891; x_wconf 89' lang='lat' dir='ltr'>dimissorias</span> <span class='ocrx_word' id='word_1_131' title='bbox 2943 1819 3035 1890; x_wconf 91' lang='lat' dir='ltr'>ab</span> <span class='ocrx_word' id='word_1_132' title='bbox 3070 1817 3247 1910; x_wconf 90' lang='lat' dir='ltr'>Epi·</span> 
     </span>
     <span class='ocr_line' id='line_1_16' title="bbox 566 1923 3244 2025; baseline 0.001 -25"><span class='ocrx_word' id='word_1_133' title='bbox 566 1946 779 2019; x_wconf 90' lang='lat' dir='ltr'>scopo</span> <span class='ocrx_word' id='word_1_134' title='bbox 833 1926 1045 2000; x_wconf 90' lang='lat' dir='ltr'>Sorae</span> <span class='ocrx_word' id='word_1_135' title='bbox 1097 1923 1317 2020; x_wconf 90' lang='lat' dir='ltr'>(quae</span> <span class='ocrx_word' id='word_1_136' title='bbox 1369 1929 1619 2000; x_wconf 88' lang='lat' dir='ltr'>civitas</span> <span class='ocrx_word' id='word_1_137' title='bbox 1660 1929 1936 2019; x_wconf 83' lang='lat' dir='ltr'>Aquino</span> <span class='ocrx_word' id='word_1_138' title='bbox 1973 1931 2356 2001; x_wconf 89' lang='lat' dir='ltr'>coniuncta</span> <span class='ocrx_word' id='word_1_139' title='bbox 2392 1927 2535 2025; x_wconf 89' lang='lat' dir='ltr'>est)</span> <span class='ocrx_word' id='word_1_140' title='bbox 2584 1930 3106 2022; x_wconf 84' lang='lat' dir='ltr'>postulaverat,</span> <span class='ocrx_word' id='word_1_141' title='bbox 3167 1937 3244 2003; x_wconf 93' lang='lat' dir='ltr'>ut</span> 
     </span>
     <span class='ocr_line' id='line_1_17' title="bbox 569 2036 3247 2132; baseline 0 -20"><span class='ocrx_word' id='word_1_142' title='bbox 569 2040 662 2112; x_wconf 90' lang='lat' dir='ltr'>ad</span> <span class='ocrx_word' id='word_1_143' title='bbox 716 2039 1192 2113; x_wconf 85' lang='lat' dir='ltr'>sacerdotium</span> <span class='ocrx_word' id='word_1_144' title='bbox 1246 2039 1338 2110; x_wconf 90' lang='lat' dir='ltr'>ab</span> <span class='ocrx_word' id='word_1_145' title='bbox 1392 2038 1940 2131; x_wconf 82' lang='lat' dir='ltr'>Archiepiscopo</span> <span class='ocrx_word' id='word_1_146' title='bbox 1991 2036 2463 2132; x_wconf 88' lang='lat' dir='ltr'>Neapolitano</span> <span class='ocrx_word' id='word_1_147' title='bbox 2514 2048 3105 2132; x_wconf 72' lang='lat' dir='ltr'>promoveretur-3</span> <span class='ocrx_word' id='word_1_148' title='bbox 3175 2047 3247 2113; x_wconf 89' lang='lat' dir='ltr'>at</span> 
     </span>
     <span class='ocr_line' id='line_1_18' title="bbox 569 2150 3249 2244; baseline 0 -21"><span class='ocrx_word' id='word_1_149' title='bbox 569 2153 896 2242; x_wconf 89' lang='lat' dir='ltr'>quamvis</span> <span class='ocrx_word' id='word_1_150' title='bbox 941 2150 1031 2223; x_wconf 97' lang='lat' dir='ltr'>ob</span> <span class='ocrx_word' id='word_1_151' title='bbox 1068 2153 1434 2224; x_wconf 92' lang='lat' dir='ltr'>inimicum</span> <span class='ocrx_word' id='word_1_152' title='bbox 1489 2155 1722 2223; x_wconf 77' lang='lat' dir='ltr'>aerem</span> <span class='ocrx_word' id='word_1_153' title='bbox 1777 2155 2022 2224; x_wconf 87' lang='lat' dir='ltr'>Soram</span> <span class='ocrx_word' id='word_1_154' title='bbox 2075 2171 2150 2224; x_wconf 92' lang='lat' dir='ltr'>se</span> <span class='ocrx_word' id='word_1_155' title='bbox 2205 2152 2620 2225; x_wconf 89' lang='lat' dir='ltr'>valetudine</span> <span class='ocrx_word' id='word_1_156' title='bbox 2673 2154 3006 2226; x_wconf 76' lang='lat' dir='ltr'>affectum</span> <span class='ocrx_word' id='word_1_157' title='bbox 3043 2170 3249 2244; x_wconf 90' lang='lat' dir='ltr'>repe-</span> 
     </span>
     <span class='ocr_line' id='line_1_19' title="bbox 567 2260 3249 2355; baseline -0.001 -19"><span class='ocrx_word' id='word_1_158' title='bbox 567 2271 716 2337; x_wconf 88' lang='lat' dir='ltr'>tere</span> <span class='ocrx_word' id='word_1_159' title='bbox 770 2284 912 2336; x_wconf 91' lang='lat' dir='ltr'>non</span> <span class='ocrx_word' id='word_1_160' title='bbox 963 2282 1171 2355; x_wconf 93' lang='lat' dir='ltr'>posse</span> <span class='ocrx_word' id='word_1_161' title='bbox 1224 2263 1744 2354; x_wconf 88' lang='lat' dir='ltr'>comprobaret,</span> <span class='ocrx_word' id='word_1_162' title='bbox 1801 2260 2115 2337; x_wconf 89' lang='lat' dir='ltr'>Soranus</span> <span class='ocrx_word' id='word_1_163' title='bbox 2150 2262 2547 2354; x_wconf 90' lang='lat' dir='ltr'>Episcopus</span> <span class='ocrx_word' id='word_1_164' title='bbox 2583 2266 2870 2336; x_wconf 94' lang='lat' dir='ltr'>omnino</span> <span class='ocrx_word' id='word_1_165' title='bbox 2910 2272 3249 2355; x_wconf 87' lang='lat' dir='ltr'>praeten-</span> 
     </span>
     <span class='ocr_line' id='line_1_20' title="bbox 569 2376 3254 2468; baseline -0.001 -19"><span class='ocrx_word' id='word_1_166' title='bbox 569 2376 816 2465; x_wconf 91' lang='lat' dir='ltr'>debat,</span> <span class='ocrx_word' id='word_1_167' title='bbox 874 2385 956 2448; x_wconf 90' lang='lat' dir='ltr'>ut</span> <span class='ocrx_word' id='word_1_168' title='bbox 1005 2378 1079 2447; x_wconf 92' lang='lat' dir='ltr'>in</span> <span class='ocrx_word' id='word_1_169' title='bbox 1131 2377 1588 2449; x_wconf 90' lang='lat' dir='ltr'>seminarium</span> <span class='ocrx_word' id='word_1_170' title='bbox 1634 2378 1984 2449; x_wconf 91' lang='lat' dir='ltr'>Soranum</span> <span class='ocrx_word' id='word_1_171' title='bbox 2022 2376 2309 2465; x_wconf 82' lang='lat' dir='ltr'>rediret,</span> <span class='ocrx_word' id='word_1_172' title='bbox 2351 2395 2581 2468; x_wconf 91' lang='lat' dir='ltr'>eaque</span> <span class='ocrx_word' id='word_1_173' title='bbox 2616 2377 2705 2450; x_wconf 93' lang='lat' dir='ltr'>de</span> <span class='ocrx_word' id='word_1_174' title='bbox 2742 2396 2958 2449; x_wconf 90' lang='lat' dir='ltr'>causa</span> <span class='ocrx_word' id='word_1_175' title='bbox 2994 2377 3254 2447; x_wconf 88' lang='lat' dir='ltr'>dimis-</span> 
     </span>
    </p>
   </div>
   <div class='ocr_carea' id='block_1_3' title="bbox 569 2486 3251 2692">
    <p class='ocr_par' dir='ltr' id='par_1_4' title="bbox 569 2486 3251 2692">
     <span class='ocr_line' id='line_1_21' title="bbox 569 2486 3251 2587; baseline -0.001 -27"><span class='ocrx_word' id='word_1_176' title='bbox 569 2487 793 2560; x_wconf 90' lang='lat' dir='ltr'>sorias</span> <span class='ocrx_word' id='word_1_177' title='bbox 845 2489 1075 2561; x_wconf 91' lang='lat' dir='ltr'>eidem</span> <span class='ocrx_word' id='word_1_178' title='bbox 1131 2488 1561 2576; x_wconf 77' lang='lat' dir='ltr'>denegabat.</span> <span class='ocrx_word' id='word_1_179' title='bbox 1620 2488 1726 2559; x_wconf 82' lang='lat' dir='ltr'>Ad</span> <span class='ocrx_word' id='word_1_180' title='bbox 1777 2488 1968 2560; x_wconf 90' lang='lat' dir='ltr'>banc</span> <span class='ocrx_word' id='word_1_181' title='bbox 2020 2505 2192 2587; x_wconf 49' lang='lat' dir='ltr'>re‚m,</span> <span class='ocrx_word' id='word_1_182' title='bbox 2251 2489 2340 2561; x_wconf 92' lang='lat' dir='ltr'>de</span> <span class='ocrx_word' id='word_1_183' title='bbox 2385 2507 2529 2578; x_wconf 91' lang='lat' dir='ltr'>qua</span> <span class='ocrx_word' id='word_1_184' title='bbox 2564 2488 2681 2559; x_wconf 90' lang='lat' dir='ltr'>hic</span> <span class='ocrx_word' id='word_1_185' title='bbox 2716 2488 2978 2579; x_wconf 81' lang='lat' dir='ltr'>agitur,</span> <span class='ocrx_word' id='word_1_186' title='bbox 3020 2486 3251 2577; x_wconf 84' lang='lat' dir='ltr'>probe</span> 
     </span>
     <span class='ocr_line' id='line_1_22' title="bbox 570 2594 3242 2692; baseline -0.001 -23"><span class='ocrx_word' id='word_1_187' title='bbox 570 2597 882 2671; x_wconf 84' lang='lat' dir='ltr'>faciebat</span> <span class='ocrx_word' id='word_1_188' title='bbox 934 2599 1035 2687; x_wconf 91' lang='lat' dir='ltr'>id,</span> <span class='ocrx_word' id='word_1_189' title='bbox 1075 2598 1269 2690; x_wconf 94' lang='lat' dir='ltr'>quod</span> <span class='ocrx_word' id='word_1_190' title='bbox 1319 2597 1589 2672; x_wconf 89' lang='lat' dir='ltr'>Bened.</span> <span class='ocrx_word' id='word_1_191' title='bbox 1631 2596 1824 2671; x_wconf 87' lang='lat' dir='ltr'>XIV.</span> <span class='ocrx_word' id='word_1_192' title='bbox 1867 2600 1950 2673; x_wconf 83' lang='lat' dir='ltr'>de</span> <span class='ocrx_word' id='word_1_193' title='bbox 1990 2603 2162 2692; x_wconf 78' lang='lat' dir='ltr'>Syn.</span> <span class='ocrx_word' id='word_1_194' title='bbox 2203 2600 2421 2674; x_wconf 83' lang='lat' dir='ltr'>dioec.</span> <span class='ocrx_word' id='word_1_195' title='bbox 2463 2598 2589 2670; x_wconf 91' lang='lat' dir='ltr'>lib.</span> <span class='ocrx_word' id='word_1_196' title='bbox 2627 2594 2751 2669; x_wconf 85' lang='lat' dir='ltr'>XI.</span> <span class='ocrx_word' id='word_1_197' title='bbox 2794 2617 2858 2670; x_wconf 91' lang='lat' dir='ltr'>c.</span> <span class='ocrx_word' id='word_1_198' title='bbox 2897 2598 2964 2668; x_wconf 92' lang='lat'>1.</span> <span class='ocrx_word' id='word_1_199' title='bbox 3004 2594 3083 2692; x_wconf 62' lang='grc' dir='ltr'>ξ.</span> <span class='ocrx_word' id='word_1_200' title='bbox 3124 2598 3242 2668; x_wconf 76' lang='lat'>12.</span> 
     </span>
    </p>
   </div>
   <div class='ocr_carea' id='block_1_4' title="bbox 423 2711 3249 2802">
    <p class='ocr_par' dir='ltr' id='par_1_5' title="bbox 423 2711 3249 2802">
     <span class='ocr_line' id='line_1_23' title="bbox 423 2711 3249 2802; baseline -0.002 -15"><span class='ocrx_word' id='word_1_201' title='bbox 423 2781 428 2787; x_wconf 84' lang='lat'>.</span> <span class='ocrx_word' id='word_1_202' title='bbox 569 2712 910 2800; x_wconf 87' lang='lat' dir='ltr'>inculcat,</span> <span class='ocrx_word' id='word_1_203' title='bbox 967 2718 1075 2800; x_wconf 89' lang='lat' dir='ltr'>ut,</span> <span class='ocrx_word' id='word_1_204' title='bbox 1132 2711 1423 2801; x_wconf 91' lang='lat' dir='ltr'>quando</span> <span class='ocrx_word' id='word_1_205' title='bbox 1476 2731 1619 2785; x_wconf 91' lang='lat' dir='ltr'>non</span> <span class='ocrx_word' id='word_1_206' title='bbox 1673 2711 1862 2784; x_wconf 84' lang='lat' dir='ltr'>adsit</span> <span class='ocrx_word' id='word_1_207' title='bbox 1915 2714 2026 2784; x_wconf 83' lang='lat' dir='ltr'>lex</span> <span class='ocrx_word' id='word_1_208' title='bbox 2078 2712 2474 2802; x_wconf 83' lang='lat' dir='ltr'>synodaliS,</span> <span class='ocrx_word' id='word_1_209' title='bbox 2527 2712 2821 2801; x_wconf 91' lang='lat' dir='ltr'>quaein</span> <span class='ocrx_word' id='word_1_210' title='bbox 2860 2711 3249 2782; x_wconf 90' lang='lat' dir='ltr'>seminario</span> 
     </span>
    </p>
   </div>
   <div class='ocr_carea' id='block_1_5' title="bbox 529 2820 3265 4370">
    <p class='ocr_par' dir='ltr' id='par_1_6' title="bbox 529 2820 3265 4370">
     <span class='ocr_line' id='line_1_24' title="bbox 568 2820 3256 2916; baseline -0.001 -23"><span class='ocrx_word' id='word_1_211' title='bbox 568 2820 990 2894; x_wconf 85' lang='lat' dir='ltr'>dioecesano</span> <span class='ocrx_word' id='word_1_212' title='bbox 1041 2823 1282 2895; x_wconf 86' lang='lat' dir='ltr'>studia</span> <span class='ocrx_word' id='word_1_213' title='bbox 1335 2824 1671 2916; x_wconf 90' lang='lat' dir='ltr'>compleri</span> <span class='ocrx_word' id='word_1_214' title='bbox 1727 2824 1997 2913; x_wconf 91' lang='lat' dir='ltr'>iubeat,</span> <span class='ocrx_word' id='word_1_215' title='bbox 2036 2821 2434 2915; x_wconf 82' lang='lat' dir='ltr'>Episcopus</span> <span class='ocrx_word' id='word_1_216' title='bbox 2487 2823 2577 2896; x_wconf 90' lang='lat' dir='ltr'>ad</span> <span class='ocrx_word' id='word_1_217' title='bbox 2629 2823 2869 2896; x_wconf 91' lang='lat' dir='ltr'>studia</span> <span class='ocrx_word' id='word_1_218' title='bbox 2922 2823 2999 2892; x_wconf 92' lang='lat' dir='ltr'>in</span> <span class='ocrx_word' id='word_1_219' title='bbox 3037 2821 3256 2895; x_wconf 91' lang='lat' dir='ltr'>semi-</span> 
     </span>
     <span class='ocr_line' id='line_1_25' title="bbox 570 2935 3256 3026; baseline -0.001 -20"><span class='ocrx_word' id='word_1_220' title='bbox 570 2936 773 3007; x_wconf 91' lang='lat' dir='ltr'>nario</span> <span class='ocrx_word' id='word_1_221' title='bbox 827 2935 1212 3026; x_wconf 89' lang='lat' dir='ltr'>episcopali</span> <span class='ocrx_word' id='word_1_222' title='bbox 1263 2936 1598 3009; x_wconf 91' lang='lat' dir='ltr'>obeunda</span> <span class='ocrx_word' id='word_1_223' title='bbox 1647 2937 1941 3009; x_wconf 89' lang='lat' dir='ltr'>clericos</span> <span class='ocrx_word' id='word_1_224' title='bbox 1991 2938 2304 3009; x_wconf 88' lang='lat' dir='ltr'>suaviter</span> <span class='ocrx_word' id='word_1_225' title='bbox 2341 2936 2662 3022; x_wconf 87' lang='lat' dir='ltr'>inducat,</span> <span class='ocrx_word' id='word_1_226' title='bbox 2707 2953 2851 3006; x_wconf 94' lang='lat' dir='ltr'>non</span> <span class='ocrx_word' id='word_1_227' title='bbox 2888 2952 3051 3006; x_wconf 80' lang='lat' dir='ltr'>vero</span> <span class='ocrx_word' id='word_1_228' title='bbox 3093 2952 3256 3024; x_wconf 85' lang='lat' dir='ltr'>gra-</span> 
     </span>
     <span class='ocr_line' id='line_1_26' title="bbox 568 3045 3249 3140; baseline -0.002 -23"><span class='ocrx_word' id='word_1_229' title='bbox 568 3047 857 3119; x_wconf 85' lang='lat' dir='ltr'>vissime</span> <span class='ocrx_word' id='word_1_230' title='bbox 912 3065 997 3118; x_wconf 81' lang='lat' dir='ltr'>ex</span> <span class='ocrx_word' id='word_1_231' title='bbox 1032 3049 1400 3140; x_wconf 85' lang='lat' dir='ltr'>praecepti</span> <span class='ocrx_word' id='word_1_232' title='bbox 1452 3065 1573 3121; x_wconf 87' lang='lat' dir='ltr'>eos</span> <span class='ocrx_word' id='word_1_233' title='bbox 1629 3049 1695 3119; x_wconf 90' lang='lat' dir='ltr'>vi</span> <span class='ocrx_word' id='word_1_234' title='bbox 1746 3055 1982 3140; x_wconf 82' lang='lat' dir='ltr'>cogat.</span> <span class='ocrx_word' id='word_1_235' title='bbox 2024 3045 2285 3137; x_wconf 92' lang='lat' dir='ltr'>Itaque</span> <span class='ocrx_word' id='word_1_236' title='bbox 2337 3048 2410 3118; x_wconf 90' lang='lat' dir='ltr'>S.</span> <span class='ocrx_word' id='word_1_237' title='bbox 2451 3045 2525 3118; x_wconf 90' lang='lat' dir='ltr'>C.</span> <span class='ocrx_word' id='word_1_238' title='bbox 2568 3047 2642 3118; x_wconf 94' lang='lat' dir='ltr'>in</span> <span class='ocrx_word' id='word_1_239' title='bbox 2678 3047 2937 3137; x_wconf 78' lang='lat' dir='ltr'>Aquin.</span> <span class='ocrx_word' id='word_1_240' title='bbox 2986 3045 3249 3117; x_wconf 81' lang='lat' dir='ltr'>ordin.</span> 
     </span>
     <span class='ocr_line' id='line_1_27' title="bbox 569 3157 3257 3251; baseline -0.002 -19"><span class='ocrx_word' id='word_1_241' title='bbox 569 3159 713 3232; x_wconf 90' lang='lat' dir='ltr'>diei</span> <span class='ocrx_word' id='word_1_242' title='bbox 773 3161 886 3232; x_wconf 82' lang='lat'>16.</span> <span class='ocrx_word' id='word_1_243' title='bbox 929 3158 1068 3233; x_wconf 93' lang='lat' dir='ltr'>Iul.</span> <span class='ocrx_word' id='word_1_244' title='bbox 1116 3163 1327 3234; x_wconf 92' lang='grc'><strong>1841.</strong></span> <span class='ocrx_word' id='word_1_245' title='bbox 1370 3163 1462 3234; x_wconf 93' lang='lat' dir='ltr'>ad</span> <span class='ocrx_word' id='word_1_246' title='bbox 1498 3164 1569 3234; x_wconf 76' lang='lat'>2.</span> <span class='ocrx_word' id='word_1_247' title='bbox 1632 3185 1670 3226; x_wconf 63' lang='grc' dir='ltr'>ι</span> <span class='ocrx_word' id='word_1_248' title='bbox 1710 3159 1987 3234; x_wconf 90' lang='lat' dir='ltr'>Literas</span> <span class='ocrx_word' id='word_1_249' title='bbox 2039 3160 2194 3233; x_wconf 89' lang='lat' dir='ltr'>dari</span> <span class='ocrx_word' id='word_1_250' title='bbox 2249 3159 2599 3251; x_wconf 91' lang='lat' dir='ltr'>Episcopo</span> <span class='ocrx_word' id='word_1_251' title='bbox 2653 3158 3049 3245; x_wconf 89' lang='lat' dir='ltr'>mandavit,</span> <span class='ocrx_word' id='word_1_252' title='bbox 3094 3157 3257 3246; x_wconf 89' lang='lat' dir='ltr'>qui-</span> 
     </span>
     <span class='ocr_line' id='line_1_28' title="bbox 575 3268 3257 3360; baseline 0 -21"><span class='ocrx_word' id='word_1_253' title='bbox 575 3296 612 3339; x_wconf 85' lang='lat'><strong>»</strong></span> <span class='ocrx_word' id='word_1_254' title='bbox 653 3271 793 3343; x_wconf 90' lang='lat' dir='ltr'>bus</span> <span class='ocrx_word' id='word_1_255' title='bbox 846 3273 1076 3345; x_wconf 89' lang='lat' dir='ltr'>eidem</span> <span class='ocrx_word' id='word_1_256' title='bbox 1130 3273 1724 3346; x_wconf 82' lang='lat' dir='ltr'>convenientibus</span> <span class='ocrx_word' id='word_1_257' title='bbox 1794 3272 2023 3344; x_wconf 92' lang='lat' dir='ltr'>modis</span> <span class='ocrx_word' id='word_1_258' title='bbox 2086 3273 2601 3360; x_wconf 90' lang='lat' dir='ltr'>insinuaretur,</span> <span class='ocrx_word' id='word_1_259' title='bbox 2659 3278 2738 3342; x_wconf 91' lang='lat' dir='ltr'>ut</span> <span class='ocrx_word' id='word_1_260' title='bbox 2790 3270 3095 3342; x_wconf 90' lang='lat' dir='ltr'>diacono</span> <span class='ocrx_word' id='word_1_261' title='bbox 3151 3268 3257 3340; x_wconf 91' lang='lat' dir='ltr'>illi</span> 
     </span>
     <span class='ocr_line' id='line_1_29' title="bbox 576 3376 3250 3458; baseline -0.001 -7"><span class='ocrx_word' id='word_1_262' title='bbox 576 3408 614 3451; x_wconf 60' lang='lat' dir='ltr'>a&gt;</span> <span class='ocrx_word' id='word_1_263' title='bbox 655 3385 765 3455; x_wconf 91' lang='lat' dir='ltr'>vel</span> <span class='ocrx_word' id='word_1_264' title='bbox 802 3384 1046 3457; x_wconf 90' lang='lat' dir='ltr'>literas</span> <span class='ocrx_word' id='word_1_265' title='bbox 1081 3386 1686 3458; x_wconf 81' lang='lat' dir='ltr'>excardinationis</span> <span class='ocrx_word' id='word_1_266' title='bbox 1739 3386 1852 3457; x_wconf 90' lang='lat' dir='ltr'>vel</span> <span class='ocrx_word' id='word_1_267' title='bbox 1903 3385 2340 3457; x_wconf 90' lang='lat' dir='ltr'>dimissorias</span> <span class='ocrx_word' id='word_1_268' title='bbox 2378 3382 2891 3454; x_wconf 84' lang='lat' dir='ltr'>concederet.»</span> <span class='ocrx_word' id='word_1_269' title='bbox 2951 3379 3024 3450; x_wconf 91' lang='lat' dir='ltr'>S.</span> <span class='ocrx_word' id='word_1_270' title='bbox 3060 3378 3138 3453; x_wconf 91' lang='lat' dir='ltr'>C.</span> <span class='ocrx_word' id='word_1_271' title='bbox 3172 3376 3250 3450; x_wconf 88' lang='lat' dir='ltr'>C.</span> 
     </span>
     <span class='ocr_line' id='line_1_30' title="bbox 529 3489 3259 3592; baseline -0.002 -25"><span class='ocrx_word' id='word_1_272' title='bbox 529 3497 647 3592; x_wconf 45' lang='lat' dir='ltr'>‚in</span> <span class='ocrx_word' id='word_1_273' title='bbox 684 3497 1166 3586; x_wconf 81' lang='lat' dir='ltr'>Neapolitana</span> <span class='ocrx_word' id='word_1_274' title='bbox 1204 3498 1602 3570; x_wconf 74' lang='lat' dir='ltr'>Excardin.</span> <span class='ocrx_word' id='word_1_275' title='bbox 1663 3515 1790 3588; x_wconf 90' lang='lat' dir='ltr'>per</span> <span class='ocrx_word' id='word_1_276' title='bbox 1834 3498 2109 3568; x_wconf 89' lang='lat' dir='ltr'>Summ.</span> <span class='ocrx_word' id='word_1_277' title='bbox 2151 3512 2439 3586; x_wconf 90' lang='lat' dir='ltr'>precum</span> <span class='ocrx_word' id='word_1_278' title='bbox 2484 3495 2600 3565; x_wconf 85' lang='lat'>15.</span> <span class='ocrx_word' id='word_1_279' title='bbox 2636 3490 2800 3564; x_wconf 93' lang='lat' dir='ltr'>Iulii</span> <span class='ocrx_word' id='word_1_280' title='bbox 2844 3491 3059 3563; x_wconf 94' lang='grc'><strong>1848.</strong></span> <span class='ocrx_word' id='word_1_281' title='bbox 3101 3489 3259 3562; x_wconf 89' lang='lat' dir='ltr'>Cle-</span> 
     </span>
     <span class='ocr_line' id='line_1_31' title="bbox 571 3604 3257 3699; baseline -0.001 -22"><span class='ocrx_word' id='word_1_282' title='bbox 571 3607 715 3679; x_wconf 90' lang='lat' dir='ltr'>rico</span> <span class='ocrx_word' id='word_1_283' title='bbox 767 3605 1101 3696; x_wconf 88' lang='lat' dir='ltr'>Caldosa,</span> <span class='ocrx_word' id='word_1_284' title='bbox 1163 3604 1659 3699; x_wconf 90' lang='lat' dir='ltr'>Neapolitano,</span> <span class='ocrx_word' id='word_1_285' title='bbox 1718 3609 1842 3699; x_wconf 92' lang='lat' dir='ltr'>qui</span> <span class='ocrx_word' id='word_1_286' title='bbox 1910 3607 2001 3679; x_wconf 95' lang='lat' dir='ltr'>ob</span> <span class='ocrx_word' id='word_1_287' title='bbox 2074 3627 2290 3698; x_wconf 83' lang='lat' dir='ltr'>vagas</span> <span class='ocrx_word' id='word_1_288' title='bbox 2352 3606 2926 3677; x_wconf 89' lang='lat' dir='ltr'>criminationum</span> <span class='ocrx_word' id='word_1_289' title='bbox 2990 3621 3257 3674; x_wconf 91' lang='lat' dir='ltr'>causas</span> 
     </span>
     <span class='ocr_line' id='line_1_32' title="bbox 574 3715 3257 3810; baseline -0.001 -21"><span class='ocrx_word' id='word_1_290' title='bbox 574 3717 665 3790; x_wconf 90' lang='lat' dir='ltr'>ab</span> <span class='ocrx_word' id='word_1_291' title='bbox 704 3719 1248 3810; x_wconf 81' lang='lat' dir='ltr'>Archiepiscopo</span> <span class='ocrx_word' id='word_1_292' title='bbox 1300 3738 1537 3810; x_wconf 91' lang='lat' dir='ltr'>neque</span> <span class='ocrx_word' id='word_1_293' title='bbox 1587 3720 2024 3792; x_wconf 87' lang='lat' dir='ltr'>dimissorias</span> <span class='ocrx_word' id='word_1_294' title='bbox 2077 3736 2313 3808; x_wconf 91' lang='lat' dir='ltr'>neque</span> <span class='ocrx_word' id='word_1_295' title='bbox 2351 3715 2960 3790; x_wconf 80' lang='lat' dir='ltr'>excardinatorias</span> <span class='ocrx_word' id='word_1_296' title='bbox 3004 3715 3257 3786; x_wconf 89' lang='lat' dir='ltr'>literas</span> 
     </span>
     <span class='ocr_line' id='line_1_33' title="bbox 571 3825 3258 3921; baseline -0.003 -18"><span class='ocrx_word' id='word_1_297' title='bbox 571 3832 914 3921; x_wconf 88' lang='lat' dir='ltr'>consequi</span> <span class='ocrx_word' id='word_1_298' title='bbox 967 3837 1323 3921; x_wconf 90' lang='lat' dir='ltr'>potuerat,</span> <span class='ocrx_word' id='word_1_299' title='bbox 1381 3832 1597 3904; x_wconf 90' lang='lat' dir='ltr'>hasce</span> <span class='ocrx_word' id='word_1_300' title='bbox 1649 3832 1940 3904; x_wconf 90' lang='lat' dir='ltr'>ultimas</span> <span class='ocrx_word' id='word_1_301' title='bbox 1987 3831 2140 3903; x_wconf 90' lang='lat' dir='ltr'>dari</span> <span class='ocrx_word' id='word_1_302' title='bbox 2197 3829 2431 3917; x_wconf 88' lang='lat' dir='ltr'>iussit,</span> <span class='ocrx_word' id='word_1_303' title='bbox 2471 3835 2944 3921; x_wconf 88' lang='lat' dir='ltr'>posteaquam</span> <span class='ocrx_word' id='word_1_304' title='bbox 2982 3825 3258 3916; x_wconf 88' lang='lat' dir='ltr'>pluries</span> 
     </span>
     <span class='ocr_line' id='line_1_34' title="bbox 573 3938 3263 4033; baseline -0.001 -21"><span class='ocrx_word' id='word_1_305' title='bbox 573 3941 819 4014; x_wconf 89' lang='lat' dir='ltr'>audito</span> <span class='ocrx_word' id='word_1_306' title='bbox 873 3941 1418 4033; x_wconf 85' lang='lat' dir='ltr'>Archiepiscopo</span> <span class='ocrx_word' id='word_1_307' title='bbox 1471 3950 1541 4017; x_wconf 90' lang='lat' dir='ltr'>et</span> <span class='ocrx_word' id='word_1_308' title='bbox 1595 3940 1969 4014; x_wconf 81' lang='lat' dir='ltr'>Ordinatio</span> <span class='ocrx_word' id='word_1_309' title='bbox 2022 3940 2318 4029; x_wconf 81' lang='lat' dir='ltr'>Caven.‚</span> <span class='ocrx_word' id='word_1_310' title='bbox 2379 3942 2502 4030; x_wconf 90' lang='lat' dir='ltr'>qui</span> <span class='ocrx_word' id='word_1_311' title='bbox 2556 3958 2716 4012; x_wconf 92' lang='lat' dir='ltr'>eum</span> <span class='ocrx_word' id='word_1_312' title='bbox 2771 3938 3087 4028; x_wconf 90' lang='lat' dir='ltr'>recipere</span> <span class='ocrx_word' id='word_1_313' title='bbox 3134 3955 3263 4009; x_wconf 90' lang='lat' dir='ltr'>cu-</span> 
     </span>
     <span class='ocr_line' id='line_1_35' title="bbox 572 4050 3264 4145; baseline -0.002 -21"><span class='ocrx_word' id='word_1_314' title='bbox 572 4053 865 4144; x_wconf 92' lang='lat' dir='ltr'>piebat,</span> <span class='ocrx_word' id='word_1_315' title='bbox 940 4053 1152 4144; x_wconf 91' lang='lat' dir='ltr'>plene</span> <span class='ocrx_word' id='word_1_316' title='bbox 1219 4055 1546 4145; x_wconf 82' lang='lat' dir='ltr'>cognovit</span> <span class='ocrx_word' id='word_1_317' title='bbox 1618 4074 1704 4127; x_wconf 81' lang='lat' dir='ltr'>ex</span> <span class='ocrx_word' id='word_1_318' title='bbox 1776 4055 2102 4145; x_wconf 91' lang='lat' dir='ltr'>plurimis</span> <span class='ocrx_word' id='word_1_319' title='bbox 2179 4051 2611 4125; x_wconf 90' lang='lat' dir='ltr'>testimoniis</span> <span class='ocrx_word' id='word_1_320' title='bbox 2680 4069 2764 4121; x_wconf 92' lang='lat' dir='ltr'>ac</span> <span class='ocrx_word' id='word_1_321' title='bbox 2830 4050 3264 4140; x_wconf 89' lang='lat' dir='ltr'>praesertim</span> 
     </span>
     <span class='ocr_line' id='line_1_36' title="bbox 573 4158 3265 4254; baseline -0.001 -20"><span class='ocrx_word' id='word_1_322' title='bbox 573 4161 733 4236; x_wconf 77' lang='lat' dir='ltr'>Emi</span> <span class='ocrx_word' id='word_1_323' title='bbox 769 4163 978 4237; x_wconf 89' lang='lat' dir='ltr'>Urbis</span> <span class='ocrx_word' id='word_1_324' title='bbox 1014 4161 1272 4237; x_wconf 89' lang='lat' dir='ltr'>Vicarii</span> <span class='ocrx_word' id='word_1_325' title='bbox 1308 4173 1380 4237; x_wconf 85' lang='lat' dir='ltr'>et</span> <span class='ocrx_word' id='word_1_326' title='bbox 1415 4162 1772 4238; x_wconf 89' lang='lat' dir='ltr'>Ordinarii</span> <span class='ocrx_word' id='word_1_327' title='bbox 1810 4164 2102 4254; x_wconf 89' lang='lat' dir='ltr'>Caven.‚</span> <span class='ocrx_word' id='word_1_328' title='bbox 2147 4164 2683 4236; x_wconf 88' lang='lat' dir='ltr'>criminationes</span> <span class='ocrx_word' id='word_1_329' title='bbox 2718 4162 2953 4234; x_wconf 89' lang='lat' dir='ltr'>eidem</span> <span class='ocrx_word' id='word_1_330' title='bbox 2989 4158 3265 4234; x_wconf 88' lang='lat' dir='ltr'>Clerico</span> 
     </span>
     <span class='ocr_line' id='line_1_37' title="bbox 571 4269 2780 4370; baseline -0.002 -21"><span class='ocrx_word' id='word_1_331' title='bbox 571 4274 869 4349; x_wconf 87' lang='lat' dir='ltr'>Caldosa</span> <span class='ocrx_word' id='word_1_332' title='bbox 923 4278 1271 4368; x_wconf 88' lang='lat' dir='ltr'>impactas</span> <span class='ocrx_word' id='word_1_333' title='bbox 1321 4278 1519 4349; x_wconf 94' lang='lat' dir='ltr'>nullo</span> <span class='ocrx_word' id='word_1_334' title='bbox 1573 4276 2045 4351; x_wconf 83' lang='lat' dir='ltr'>fundamento</span> <span class='ocrx_word' id='word_1_335' title='bbox 2102 4278 2308 4349; x_wconf 80' lang='lat' dir='ltr'>nixas</span> <span class='ocrx_word' id='word_1_336' title='bbox 2361 4275 2582 4347; x_wconf 82' lang='lat' dir='ltr'>fuisse</span> <span class='ocrx_word' id='word_1_337' title='bbox 2634 4269 2780 4370; x_wconf 91' lang='lat'><strong>(1).</strong></span> 
     </span>
    </p>
   </div>
   <div class='ocr_carea' id='block_1_6' title="bbox 574 4538 3265 4708">
    <p class='ocr_par' dir='ltr' id='par_1_7' title="bbox 574 4538 3265 4708">
     <span class='ocr_line' id='line_1_38' title="bbox 718 4538 3265 4614; baseline -0 -20"><span class='ocrx_word' id='word_1_338' title='bbox 718 4538 797 4614; x_wconf 86' lang='lat' dir='ltr'>(l)</span> <span class='ocrx_word' id='word_1_339' title='bbox 834 4545 994 4596; x_wconf 75' lang='lat' dir='ltr'>Circa</span> <span class='ocrx_word' id='word_1_340' title='bbox 1031 4545 1262 4598; x_wconf 83' lang='lat' dir='ltr'>clericos</span> <span class='ocrx_word' id='word_1_341' title='bbox 1298 4546 1541 4596; x_wconf 81' lang='lat' dir='ltr'>aliarum</span> <span class='ocrx_word' id='word_1_342' title='bbox 1578 4545 1909 4598; x_wconf 83' lang='lat' dir='ltr'>dioecesium</span> <span class='ocrx_word' id='word_1_343' title='bbox 1950 4546 2009 4596; x_wconf 91' lang='lat' dir='ltr'>in</span> <span class='ocrx_word' id='word_1_344' title='bbox 2048 4545 2197 4597; x_wconf 78' lang='lat' dir='ltr'>Urbe</span> <span class='ocrx_word' id='word_1_345' title='bbox 2234 4547 2639 4596; x_wconf 76' lang='lat' dir='ltr'>commorantes</span> <span class='ocrx_word' id='word_1_346' title='bbox 2677 4546 2736 4595; x_wconf 80' lang='lat' dir='ltr'>et</span> <span class='ocrx_word' id='word_1_347' title='bbox 2763 4541 2833 4593; x_wconf 76' lang='lat' dir='ltr'>ad</span> <span class='ocrx_word' id='word_1_348' title='bbox 2858 4541 3098 4596; x_wconf 79' lang='lat' dir='ltr'>Ordines</span> <span class='ocrx_word' id='word_1_349' title='bbox 3127 4556 3265 4607; x_wconf 83' lang='lat' dir='ltr'>pro·</span> 
     </span>
     <span class='ocr_line' id='line_1_39' title="bbox 574 4628 2129 4708; baseline 0 -27"><span class='ocrx_word' id='word_1_350' title='bbox 574 4628 865 4681; x_wconf 79' lang='lat' dir='ltr'>movendos</span> <span class='ocrx_word' id='word_1_351' title='bbox 903 4630 1029 4681; x_wconf 82' lang='lat' dir='ltr'>vide</span> <span class='ocrx_word' id='word_1_352' title='bbox 1070 4631 1226 4708; x_wconf 63' lang='lat' dir='ltr'>Acta</span> <span class='ocrx_word' id='word_1_353' title='bbox 1269 4630 1327 4683; x_wconf 82' lang='lat' dir='ltr'>S.</span> <span class='ocrx_word' id='word_1_354' title='bbox 1362 4629 1534 4681; x_wconf 67' lang='lat' dir='ltr'>Sedis</span> <span class='ocrx_word' id='word_1_355' title='bbox 1577 4630 1690 4682; x_wconf 84' lang='lat' dir='ltr'>vol.</span> <span class='ocrx_word' id='word_1_356' title='bbox 1719 4631 1799 4682; x_wconf 91' lang='lat'>11.</span> <span class='ocrx_word' id='word_1_357' title='bbox 1842 4645 1965 4694; x_wconf 76' lang='lat' dir='ltr'>pag.</span> <span class='ocrx_word' id='word_1_358' title='bbox 2003 4630 2129 4681; x_wconf 81' lang='lat'><strong>585.</strong></span> 
     </span>
    </p>
   </div>
  </div>
 </body>
</html>
