3497 5235
580 265 700 328 266
1337 268 1706 328 humationi·
1748 269 1802 327 8.
1831 269 2012 345 (δοιῇ.
2040 271 2186 331 Oeno.
2227 273 2497 348 expositio.

582 405 763 476 cesis
796 399 1074 476 Vicario
1110 401 1499 496 capitulari
1551 409 1910 494 ageretur,
1966 404 2194 496 prima
2249 406 2398 478 vice
2452 424 2595 477 non
2631 401 3238 498 Anqelopolitanae

580 515 707 587 scd
743 515 1159 589 Meaeicanae
1201 511 1488 588 titulum
1544 514 2038 604 praeseferret.
2096 513 2291 590 Haec
2341 524 2583 590 autem
2618 518 2942 608 quaestio
2980 516 3240 588 nullam

581 627 832 699 sortita
871 633 978 699 est
1029 626 1547 714 definitionem,
1588 626 2177 717 quandoquidem
2232 627 2306 699 S.
2346 626 2422 701 C.
2463 629 2580 701 die
2620 627 2737 699 14.
2779 624 2990 699 Febr.
3031 628 3236 699 1857.

579 739 991 829 rescripsit:
1068 759 1107 804 ‹
1147 736 1423 826 Dilata,
1481 745 1551 810 et
1604 740 2022 829 exquiratur
2073 746 2317 812 votum
2368 741 2688 812 omnium
2738 735 3242 833 Episcoporum

584 874 623 920 »
661 847 1072 924 Mexicanae
1110 851 1544 941 provinciae,
1587 852 1738 941 qui,
1781 851 2047 923 auditis
2083 852 2476 943 respective
2510 850 2881 945 Capitulis,
2925 852 3242 943 aperiant

583 985 622 1031 »
657 964 1090 1036 sententiam
1121 979 1360 1053 ‘super
1410 963 1789 1035 honorario
1827 961 2124 1036 Vicariis
2157 961 2688 1055 Capitularibus
2723 963 3235 1054 assignando.»

581 1073 668 1146 At
717 1092 882 1146 vero
935 1074 1100 1146 huic
1153 1073 1409 1147 Sacrae
1460 1073 2044 1168 Congregationis
2098 1073 2437 1147 mandato
2507 1075 2683 1146 satis
2748 1092 2895 1146 non
2949 1074 3088 1146 fuit
3149 1074 3244 1145 fa-

578 1190 798 1274 ctum,
842 1192 1028 1258 certe
1065 1185 1155 1257 ob
1191 1191 1402 1257 notas
1452 1187 1986 1259 vicissitudines
2036 1186 2390 1276 publicaS,
2432 1186 2697 1277 quibus
2733 1182 3107 1258 Mexicana
3142 1204 3242 1259 res

576 1302 732 1369 tum
784 1296 1010 1367 civilis
1063 1304 1214 1370 tum
1267 1315 1468 1368 sacra
1522 1299 1984 1389 pessumdata
2039 1316 2430 1388 eversaque
2483 1299 2659 1387 fuit,
2720 1299 2820 1370 ita
2872 1306 2952 1371 ut
3006 1317 3241 1372 omnes

576 1405 908 1497 Episcopi
964 1426 1052 1480 ex
1103 1410 1251 1480 suis
1303 1410 1752 1483 dioecesibus
1803 1411 2132 1482 exsulare
2184 1418 2636 1503 cogerentur,
2678 1411 2906 1484 donec
2946 1411 3240 1503 gloriosa

580 1515 830 1592 Gallici
882 1515 1343 1610 Imperatoris
1395 1539 1619 1610 arma,
1677 1526 1835 1593 acto
1873 1521 1961 1593 de
1997 1521 2499 1611 perditissimis
2548 1521 2960 1595 hominibus
3004 1524 3246 1595 trium-

581 1630 751 1723 pho,
807 1628 1198 1722 Episcopos
1250 1634 1324 1704 in
1377 1651 1544 1704 suas
1596 1632 1805 1705 sedes
1856 1641 2314 1724 reportarunt
2366 1630 2505 1730 (1).

724 1836 922 1912 VIII.
968 1863 1007 1908 ‹
1047 1840 1155 1913 An
1191 1843 1484 1934 aliquod
1534 1842 1828 1931 habeat,
1886 1844 2078 1934 quod
2130 1845 2266 1916 sibi
2319 1844 2555 1917 obstet
2607 1845 2793 1918 circa
2830 1844 3241 1917 exercitium

580 1976 619 2022 »
658 1953 1083 2046 episcopalis
1134 1953 1374 2042 officii,
1434 1955 1947 2028 iurisdictionis
1983 1956 2535 2044 ecclesiasticae,
2578 1974 2712 2028 nec
2745 1974 2890 2028 non
2928 1957 3233 2029 tuendae

582 2062 1014 2138 »libertatis
1068 2074 1138 2138 et
1190 2067 1665 2138 immunitatis
1718 2067 2208 2139 ecclesiarum.

710 2276 1135 2341 Sounion.
1166 2277 1318 2340 251.
1352 2275 1673 2340 Materiam
1720 2274 1908 2341 huius
1956 2273 2329 2364 paragraphi
2379 2276 2572 2363 plene
2620 2274 2942 2342 discutere
2976 2275 3240 2342 brevitas

576 2379 904 2464 proposita
937 2399 1066 2445 non
1096 2378 1318 2445 sinit.-
1338 2382 1488 2471 252.
1517 2381 2003 2446 Controversiae
2036 2379 2150 2446 hac
2186 2381 2248 2445 in
2283 2399 2352 2446 re
2385 2398 2585 2466 penes
2617 2380 2972 2467 Episcopus
2998 2389 3239 2446 exteros

579 2490 835 2546 exortae
872 2479 1189 2546 ordinarie
1225 2500 1255 2545 a
1291 2484 1354 2547 S.
1387 2484 1457 2547 C.
1498 2484 1656 2570 Neg.
1699 2483 1859 2547 eccl.
1896 2491 2029 2546 ext.
2073 2491 2440 2548 tractantur.
2464 2518 2506 2529 -
2534 2486 2685 2548 253.
2718 2486 2869 2548 254.
2904 2486 3056 2548 255.
3087 2485 3237 2547 Fuse

577 2593 915 2649 narrantur
947 2583 1126 2669 origo
1161 2591 1224 2648 et
1258 2601 1628 2670 progressus
1661 2583 1948 2651 eiusdem
1978 2588 2043 2653 S.
2077 2586 2146 2650 C.
2180 2587 2338 2675 Neg.
2370 2584 2529 2651 eccl.
2563 2595 2690 2651 ext.
2720 2588 3061 2652 etc-256.
3091 2586 3234 2653 S.C.

578 2688 781 2753 Cone.
831 2685 1291 2751 controversias
1337 2686 1524 2751 huius
1573 2688 1829 2771 generis
1876 2687 1955 2753 ad
2005 2686 2296 2753 eamdem
2343 2687 2656 2754 amandat.
2695 2724 2738 2737 -
2786 2692 2939 2754 257.
2991 2692 3080 2753 De
3131 2687 3235 2753 im·

575 2787 890 2854 munitate
938 2787 1353 2853 ecclesiastica
1404 2789 1560 2873 quid
1607 2799 1837 2856 statuat
1887 2789 1981 2856 ius
2029 2809 2393 2869 commune,
2434 2791 2781 2856 remissive.
2819 2827 2864 2839 -
2897 2794 3047 2856 258.
3082 2787 3236 2868 Quid

575 2887 673 2955 ius
720 2889 1135 2956 novissimum
1183 2890 1557 2977 praesertim
1606 2890 1672 2956 in
1721 2890 1968 2958 ditione
2018 2890 2361 2969 pontificia,
2414 2893 2767 2959 remissive.

722 3093 892 3164 251.
925 3087 1250 3181 Materia,
1284 3111 1468 3182 quae
1507 3095 1580 3164 in
1616 3093 1754 3166 hac
1788 3094 2235 3186 paragrapho
2264 3096 2694 3182 continetur,
2730 3094 3076 3168 eiusmodi
3103 3098 3229 3180 est,

575 3208 657 3276 ut
693 3204 924 3276 eidem
962 3221 1086 3294 per
1121 3222 1366 3276 omnes
1401 3213 1642 3295 partes
1676 3206 2164 3278 enucleandae
2199 3205 2438 3277 locum
2472 3206 2724 3278 cedere
2762 3223 3226 3297 nequeamus

575 3312 754 3387 Nam
824 3316 971 3388 sive
1032 3316 1344 3389 officium
1413 3325 1484 3390 et
1546 3319 1940 3391 iurisdictio
2010 3318 2436 3409 episcopalis
2505 3318 3020 3406 consideretur,
3091 3318 3234 3388 sive

573 3428 869 3501 libertas
923 3437 993 3502 et
1046 3429 1462 3503 immunitas
1515 3431 1976 3502 ecclesiarum
2031 3430 2477 3523 inspiciatur,
2551 3423 2889 3519 (quando
2940 3436 3237 3518 utraque

576 3558 690 3613 res
742 3547 945 3613 tanto
995 3541 1232 3614 studio
1284 3549 1473 3613 esset
1539 3542 2009 3632 exponenda,
2068 3547 2339 3633 quanto
2403 3540 2701 3614 tortasse
2774 3560 2904 3632 par
2957 3547 3104 3627 ost,
3158 3544 3232 3610 ut

575 3651 896 3744 dignosci
932 3654 1182 3743 possit,
1224 3652 1490 3742 quihus
1525 3654 1596 3724 in
1634 3651 1850 3725 rebus
1885 3650 2217 3743 Episcopi
2272 3652 2811 3742 impedimenta,
2854 3654 2945 3725 de
2981 3650 3232 3742 quihus

573 3763 693 3835 hic
727 3783 841 3837 res
874 3771 1010 3853 est,
1049 3764 1406 3837 offendere
1442 3764 1744 3854 possint,
1786 3782 1870 3835 ac
1904 3760 2217 3859 soleant)
2272 3781 2417 3835 non
2453 3763 2691 3836 brevis
2745 3764 3038 3854 quidem
3070 3760 3232 3832 arti-

574 3875 802 3964 culus,
857 3882 939 3947 ut
990 3875 1123 3949 fert
1171 3877 1480 3948 instituti
1519 3874 1727 3946 nobis
1762 3876 2103 3965 propositi
2142 3876 2349 3963 ratio,
2390 3875 2516 3948 sed
2556 3878 2813 3967 ingens
2850 3893 2933 3948 ac
2967 3872 3228 3966 prolixa

570 3988 1030 4076 pertractatio
1083 3995 1271 4059 esset
1324 3985 1810 4077 suscipienda.
1871 3982 2125 4076 Itaque
2177 3987 2351 4059 satis
2402 3988 2496 4060 sit
2546 4006 2775 4079 pauca
2813 3987 2902 4060 de
2940 3993 3228 4072 utroque

570 4099 802 4189 capite
857 4100 1116 4171 cursim
1176 4100 1519 4172 indicare.

719 4209 891 4282 252.
927 4208 1031 4280 Ad
1069 4211 1373 4302 primam
1401 4217 1677 4300 partem
1715 4210 1931 4281 huius
1966 4210 2394 4302 paragraphi
2433 4211 2626 4302 quod
2662 4212 2948 4301 attinet,
2980 4222 3223 4297 nempe

571 4322 664 4394 ad
715 4321 1227 4412 impedimenta
1281 4321 1489 4394 officii
1546 4331 1616 4396 et
1671 4320 2182 4394 iurisdictionis
2232 4323 2685 4414 episcopaliS,
2743 4324 3064 4395 noverint
3109 4334 3227 4389 ve-

715 4594 796 4670 (1)
836 4600 999 4651 Circa
1039 4600 1392 4651 honorarium
1422 4613 1519 4663 pro
1547 4599 1778 4652 Vicario
1804 4596 2069 4650 Gener-ali
2110 4596 2235 4650 vide
2276 4597 2334 4650 S.
2361 4599 2421 4651 Ο.
2452 4599 2641 4663 Episc.
2674 4601 2730 4650 et
2760 4599 2961 4663 Regni.
2996 4595 3229 4661 Sypont.

578 4684 814 4736 Honor.
859 4685 946 4736 11.
978 4686 1148 4738 Mart.
1181 4682 1338 4736 1845.
