3497 5235
867 320 987 397 (bp-
1013 322 1056 380 1.
1094 320 1169 378 Do
1209 320 1359 381 uhtu
1397 320 1658 379 Bodetia
1696 319 1973 379 nterim.
2013 321 2068 395 g.
2093 319 2178 377 10.
2204 319 2278 375 n.
2790 312 2903 377 135
3024 389 3035 400 δ

382 452 539 525 150.
601 475 640 519 ‹
678 448 937 544 Neque
983 453 1366 527 seminario
1419 453 1604 525 uniri
1659 460 1963 544 possunt
2015 452 2382 539 abbatiae,
2438 451 2801 541 prioratus
2836 453 2910 521 et

232 588 270 633 ›
309 564 741 637 monasteria
793 563 1339 653 consistorialia,
1396 583 1524 637 seu
1574 563 1930 637 beneficia
1982 562 2233 654 quovis
2288 561 2495 633 modo
2548 576 2910 634 commen-

230 698 268 743 »
305 674 476 749 data
528 680 601 748 et
651 675 952 749 obtenta
1003 694 1132 752 seu
1181 674 1576 748 obtinenda
1640 693 1769 766 per
1838 672 1911 746 S.
1968 671 2061 745 R.
2119 670 2205 745 E.
2263 670 2718 760 CardinaleS,
2775 688 2905 742 seu

229 810 264 854 v
301 805 503 859 veros
553 793 628 859 et
684 788 1012 880 proprios
1060 784 1298 877 Papae
1351 785 1765 873 familiares,
1819 782 2124 857 Nuntios
2161 783 2600 875 Apostolicos
2653 790 2725 856 et
2777 779 2904 855 Se-

228 923 264 964 »
300 899 645 971 cretarios
676 896 1350 990 congregationum,
1408 897 1674 987 quibus
1726 897 1939 969 iidem
1995 897 2070 968 S.
2110 892 2202 967 R.
2245 892 2612 969 Ecclesiae
2663 892 2907 965 Cardi-

229 1033 264 1077 »
301 1011 506 1082 hales
541 1010 928 1082 intersunt.
971 1007 1086 1083 Sic
1119 1007 1553 1084 Benedictus
1602 1005 1810 1081 XIII.
1851 1007 2276 1083 constitutio
2316 1008 2638 1083 creditae
2674 1007 2897 1096 nobis,

233 1144 267 1188 ι
299 1116 375 1215 ἓ.
420 1121 493 1192 5.
545 1120 892 1195 Ceterum.
930 1144 968 1189 >

373 1231 544 1304 151.
599 1252 637 1297 ‹
675 1228 926 1322 Neque
961 1232 1152 1304 valet
1186 1233 1358 1304 unio
1395 1230 1583 1304 facta
1618 1231 2000 1304 seminario
2036 1229 2355 1303 omnium
2388 1230 2900 1304 beneficiorum

233 1367 267 1409 ι
302 1342 763 1434 simplicium.
821 1343 937 1415 Sic
986 1343 1307 1416 decisum
1357 1342 1576 1416 fuisse
1629 1342 1949 1417 referunt
2019 1339 2291 1415 Molles.
2352 1341 2402 1412 Ι.
2444 1361 2509 1416 c.
2566 1361 2728 1434 cap.
2776 1342 2892 1413 14.

237 1475 269 1518 ι
308 1471 383 1525 n.
428 1453 588 1543 60„
646 1450 943 1525 BarboS.
1000 1453 1052 1524 l.
1092 1471 1156 1525 c.
1214 1471 1289 1525 n.
1334 1455 1454 1526 35.
1491 1479 1530 1521 »

369 1563 542 1634 152.
599 1559 805 1645 Quod
838 1565 1151 1656 pertinet
1203 1564 1295 1636 ad
1347 1563 1536 1639 hanc
1574 1567 1946 1638 materiam
1984 1566 2073 1638 de
2109 1566 2480 1640 beneficiis
2515 1567 2901 1640 seminario

228 1674 775 1765 coniungendiS,
814 1675 1298 1749 consulendus
1333 1681 1441 1748 est
1483 1673 1748 1750 Bened.
1775 1673 1968 1748 XIV.
2009 1678 2093 1750 de
2123 1681 2298 1768 Syn.
2343 1679 2561 1750 dioec.
2600 1677 2728 1750 lib.
2766 1674 2895 1749 IX.

229 1801 285 1858 c.
325 1786 398 1857 7.
447 1804 584 1877 per
635 1792 801 1867 tot„
851 1785 976 1858 ubi
1030 1806 1143 1876 ea,
1194 1805 1380 1877 quae
1419 1787 1625 1859 modo
1662 1789 2063 1877 attulimus,
2106 1807 2366 1880 magna
2403 1808 2489 1861 ex
2527 1796 2733 1879 parte
2770 1788 2899 1861 do-

231 1897 536 1969 ctissime
572 1897 912 1988 explicat,
945 1902 1015 1969 et
1051 1898 1287 1971 allatis
1322 1897 1394 1971 S.
1426 1895 1500 1970 C.
1535 1898 2142 1973 declarationibus
2176 1901 2453 1993 egregie
2492 1899 2889 1972 confirmat.

371 2007 543 2080 153.
601 2005 852 2081 Cetera
904 2008 994 2081 de
1044 2010 1445 2082 seminariis
1511 2005 1754 2102 (prout
1817 2012 1890 2082 in
1942 2012 2292 2104 principio
2344 2011 2561 2082 huius
2612 2010 2893 2082 articuli

234 2116 842 2213 praemonuimus)
893 2115 1270 2193 afferemus
1305 2123 1538 2212 capite
1574 2118 1728 2211 V1.;
1781 2140 1944 2194 cum
1978 2123 2170 2194 enim
2206 2127 2474 2194 statum
2528 2120 2895 2193 formalem

233 2223 638 2323 respiciant,
693 2231 841 2304 illic
888 2233 1169 2325 proprie
1221 2233 1421 2305 locus
1470 2239 1606 2321 est,
1663 2239 1744 2304 ut
1797 2238 2349 2323 pertractentur.

370 2366 411 2409 ι
448 2340 547 2414 X.
585 2339 941 2415 Numerus
989 2343 1478 2434 hospitalium,
1537 2343 2019 2435 collegiorum,
2076 2341 2773 2431 confraternitatum,
2826 2350 2899 2414 et

243 2478 274 2520 ν
305 2454 604 2526 aliorum
656 2453 968 2526 locorum
1021 2456 1325 2547 piorum,
1384 2473 1571 2547 quae
1607 2460 1779 2527 sunt
1833 2455 1905 2525 in
1941 2456 2382 2545 episcopatu,
2425 2455 2900 2546 archiepisco-

244 2589 276 2630 »
310 2568 507 2656 patu,
565 2570 694 2638 aut
746 2565 1260 2656 patriarchatu,
1318 2573 1386 2640 et
1439 2567 1739 2658 quinam
1792 2568 1937 2640 sint
1988 2585 2233 2639 eorum
2286 2566 2587 2640 redituS.
2624 2592 2661 2636 >›

377 2676 541 2747 154.
596 2672 794 2758 Quae
843 2677 936 2749 ad
987 2677 1177 2751 hunc
1230 2679 1613 2751 articulum
1647 2680 2040 2770 pertinent,
2080 2679 2156 2750 in
2190 2680 2425 2771 capite
2464 2675 2625 2750 VII.
2666 2677 2896 2753 fusius

240 2792 725 2877 exponentur3
779 2806 1017 2879 neque
1068 2791 1258 2862 enim
1311 2791 1505 2880 quod
1556 2790 1697 2865 huc
1748 2792 2133 2882 pertineat,
2191 2790 2388 2864 aliud
2438 2789 2627 2863 ultra
2664 2809 2894 2862 enun-

243 2896 595 2969 tiationem
649 2898 967 2971 eiusdem
1022 2899 1433 2973 addendum
1488 2903 1820 2974 occurrIt.

384 3031 419 3072 ‹
453 3005 587 3080 XI.
636 3008 740 3080 An
791 3009 1032 3083 adsint
1084 3018 1363 3084 montes
1412 3013 1731 3104 pietatis,
1790 3020 1860 3085 et
1913 3020 2087 3103 quot
2139 3014 2310 3101 sint,
2351 3031 2495 3083 una
2533 3029 2693 3083 cum
2731 3011 2892 3084 aliis

251 3143 287 3184 ν
323 3120 797 3193 consimilibus
831 3122 924 3194 ad
957 3129 1226 3195 statum
1265 3124 1702 3195 materialem
1740 3123 2081 3196 ecclesiae
2134 3121 2671 3215 spectantibus3
2731 3140 2895 3194 cum

252 3252 291 3294 ν
328 3231 760 3306 advertentia
814 3238 1082 3322 tamen,
1137 3240 1218 3306 ut
1270 3234 1485 3326 plena
1538 3239 1772 3307 status
1825 3233 2214 3306 materialis
2266 3233 2516 3305 relatio
2551 3233 2625 3304 in
2662 3233 2893 3323 prima

255 3364 294 3407 ν
329 3342 651 3416 relatione
704 3350 1014 3433 tantum,
1071 3363 1258 3435 quae
1293 3346 1373 3417 fit
1411 3345 1503 3417 ab
1540 3342 1918 3439 Episcopo,
1977 3343 2554 3435 Archiepiscopo,
2595 3348 2721 3414 aut
2762 3340 2898 3415 Pa-

253 3474 291 3516 »
328 3454 645 3543 triarcha,
701 3455 1185 3544 exhibeatur3
1262 3458 1337 3529 in
1406 3455 2020 3547 subsequentibus
2088 3455 2356 3527 etenim
2425 3452 2897 3526 relationibus

256 3586 295 3628 ν
332 3566 482 3637 satis
531 3569 693 3656 erit,
749 3566 941 3657 quod
994 3569 1128 3658 ipsi
1182 3587 1258 3641 se
1311 3565 1622 3640 referant
1676 3567 1770 3640 ad
1824 3566 2154 3657 primam,
2213 3566 2350 3637 nisi
2385 3564 2658 3656 aliquid
2695 3566 2889 3653 novi,

258 3698 296 3741 ι
330 3681 677 3767 pertinens
729 3679 821 3750 ad
874 3679 1144 3754 dictum
1196 3687 1467 3753 statum
1504 3680 1948 3752 materialem
1998 3677 2440 3768 contigisset,
2482 3676 2674 3766 quod
2711 3673 2894 3749 reie-

258 3807 296 3849 »
330 3805 473 3861 rens
522 3788 1038 3864 notificandum
1092 3788 1350 3863 Sacrae
1402 3789 1944 3883 congregationi
1996 3790 2460 3861 existimaret.
2510 3814 2547 3856 ν

386 3902 539 3974 155.
597 3899 685 3974 In
738 3901 870 3975 hoc
922 3904 1223 3976 articulo
1268 3904 1646 3977 undecimo
1682 3908 1965 3993 praeter
2001 3907 2502 3993 argumentum
2541 3899 2891 3971 montium

251 4009 512 4098 pietatis
560 4006 685 4108 (de
723 4013 986 4104 quibus
1038 4015 1199 4086 vide
1250 4032 1412 4105 cap.
1445 4010 1606 4084 VII.
1645 4011 1719 4108 g.
1757 4009 1868 4109 4.)
1905 4014 2317 4100 adnotatur,
2360 4029 2565 4103 posse
2619 4009 2890 4082 ibidem

251 4126 622 4197 renuntiari
674 4125 964 4214 quasvis
1015 4125 1194 4198 alias
1237 4143 1356 4198 res
1406 4124 1499 4197 ad
1550 4124 1955 4213 arbitrium,
1997 4143 2178 4214 quas
2212 4121 2609 4214 Episcopus
2643 4140 2893 4196 recen-

253 4232 490 4307 sendas
536 4235 922 4308 existimat.
992 4236 1105 4310 Sic
1172 4254 1284 4308 ex.
1344 4256 1447 4330 gr.
1508 4238 1568 4308 si
1621 4236 1921 4309 ecclesia
1976 4236 2216 4325 aliqua
2270 4234 2535 4326 insigni
2587 4233 2892 4323 reliquia

256 4339 461 4416 ditata
507 4347 646 4435 sit,
701 4347 762 4419 si
813 4346 1103 4436 aliquod
1165 4349 1259 4421 sit
1320 4349 1812 4421 sanctuarium
1874 4348 2174 4437 antiqua
2244 4344 2563 4417 fidelium
2626 4345 2897 4436 pietate

255 4457 764 4546 venerandum,
818 4457 877 4529 si
930 4458 1277 4551 templum
1345 4460 1905 4547 architecturae,
1961 4460 2372 4549 sculpturae
2436 4474 2520 4528 ac
2573 4457 2895 4549 picturae

256 4560 450 4639 laude
480 4567 912 4662 percelebre,
966 4570 1026 4642 si
1079 4569 1254 4659 quid
1293 4571 1672 4662 gloriosum
1710 4588 1795 4642 ac
1828 4568 2206 4661 pulchrum
2243 4569 2317 4640 in
2352 4568 2648 4640 hIstoria
2684 4586 2896 4661 prae-

260 4678 480 4750 sertim
526 4679 1002 4755 ecclesiastica
1051 4681 1319 4754 ibidem
1371 4683 1735 4774 acciderit,
1794 4682 2078 4773 aliaque
2131 4680 2205 4753 id
2258 4697 2510 4772 genuS.
