3497 5235
557 211 668 283 ⁰⁸1³·
694 212 761 268 11.
802 211 874 268 D·
913 210 1175 283 Episcopo,
1216 209 1622 282 Archiopinoopo,
1663 209 1894 266 Primtto
1934 209 1990 267 ot
2030 210 2356 267 Patria-ehu..
2399 213 2453 283 g.
2481 211 2530 267 3.
2751 206 2870 268 2¹3

397 347 524 417 133.
570 343 901 427 Quamvis
953 348 1148 416 iuxta
1209 352 1665 435 praesentem
1735 342 2098 415 Ecclesiae
2167 346 2614 434 disciplinam
2668 345 2867 417 nullo

283 478 384 529 non
428 468 704 547 ternpore
756 457 1381 528 Consti-mationem
1437 454 1753 526 conferre
1812 457 2018 527 liceat
2074 453 2484 546 EpiscopiS‚
2543 462 2863 529 attamen

282 578 334 639 ut
373 571 734 659 plurimum,
779 576 1091 658 tempore
1144 586 1390 639 sacrae
1436 565 1884 638 visitationis
1924 570 2175 639 eadem
2215 569 2698 639 administrari
2752 586 2867 638 so-

277 680 363 750 let.
395 677 658 768 (Bened.
705 678 892 750 xlv.
938 683 1112 752 Ins-t.
1157 680 1323 751 eccl.
1371 681 1439 753 6.
1485 700 1679 750 num.
1724 678 1829 769 Ξ).
1872 676 2286 768 Optandum
2342 686 2475 767 est,
2539 686 2615 750 ut
2668 699 2707 749 a
2764 681 2865 750 ie-

273 791 394 860 iuno
438 794 670 863 ieiunis
724 793 1159 863 conferretur
1230 789 1535 883 (Bened.
1579 788 1771 861 xlv.
1817 791 1945 862 loc.
2007 793 2128 862 cit.
2193 811 2264 861 n.
2323 790 2472 883 12).
2518 787 2858 880 Oportet,

269 908 325 972 ut
363 902 466 972 hoc
510 902 1041 975 Sacramentum
1099 910 1346 993 parato
1401 904 1638 973 animo
1691 904 2129 992 suscipiatur
2180 897 2367 995 (loc.
2430 902 2551 973 cit.
2614 923 2685 972 n.
2740 897 2851 998 8).

264 1008 397 1082 Hinc
424 1021 853 1105 summopere
891 1017 1206 1106 expedit,
1248 1016 1304 1086 si
1345 1012 1765 1105 Episcopus,
1800 1021 2190 1102 antequam
2233 1030 2487 1103 pueros
2524 1014 2853 1104 inungat,

260 1120 479 1194 brevem
513 1126 597 1196 de
634 1128 880 1196 eodem
920 1127 1380 1198 Sacramenta
1417 1145 1814 1196 sermonem
1855 1126 2119 1196 babeat
2173 1118 2266 1219 (l.
2295 1144 2356 1195 c.
2401 1125 2635 1217 n.2)‚·
2681 1129 2856 1215 quin

257 1233 355 1302 imo
397 1238 681 1308 maxime
736 1238 1074 1328 proderit,
1132 1240 1188 1309 si
1246 1237 1613 1327 publicum
1652 1238 1961 1307 edictum
2022 1237 2226 1322 ferat,
2271 1257 2411 1326 quo
2466 1238 2854 1325 qualitates

250 1343 304 1413 ia
334 1343 842 1421 Confirmatioue
899 1352 1336 1421 necessarias
1389 1351 1671 1438 aliaque
1711 1349 1800 1418 ad
1840 1368 1986 1420 rem
2029 1350 2457 1438 pertinentia
2497 1348 2852 1419 describat

248 1462 297 1523 et
321 1460 614 1546 explicet,
658 1462 860 1531 cuius
898 1463 1301 1551 exemplum
1342 1461 1586 1531 haberi
1631 1467 1864 1551 potest
1902 1461 2094 1550 apud
2130 1458 2432 1551 Crispin.
2471 1460 2608 1532 Vis.
2645 1462 2844 1532 Past.

237 1584 358 1654 par.
389 1570 470 1639 ΙΙ.
501 1569 572 1665 ξ.
616 1570 732 1642 17.
773 1593 843 1643 η.
883 1571 1037 1654 19...
1071 1571 1379 1643 Ferraris
1419 1572 1616 1643 verb.
1655 1572 2140 1660 Confirmatio,
2178 1579 2320 1642 art.
2354 1571 2426 1643 3.
2474 1572 2546 1642 in
2583 1574 2745 1662 fine.

352 1683 490 1752 134.
536 1683 1008 1775 Inquisitior2e
1044 1689 1340 1777 dignum
1379 1688 1682 1771 videtur,
1726 1706 1865 1775 qua
1907 1687 2354 1775 potissimum
2404 1691 2637 1756 aetate
2679 1701 2851 1775 pue-

237 1790 305 1859 ris
344 1791 776 1869 Confirmatio
831 1800 1258 1871 conserenda
1318 1801 1435 1870 sit.
1477 1796 1963 1870 Catecllismus
2018 1797 2386 1870 Romanus
2424 1818 2507 1869 ex
2562 1797 2846 1869 decreto

235 1897 392 1974 Coac.
428 1904 616 1978 Trid.
659 1912 921 1997 editus,
965 1920 1035 1981 et
1088 1932 1126 1981 a
1184 1912 1490 1982 Summis
1548 1909 2011 1982 Pontificibus
2062 1918 2436 2000 tantopere
2489 1928 2849 1980 commen-

231 2012 415 2104 datus,
466 2020 546 2090 de
606 2021 809 2112 Conf.
857 2026 1060 2095 Sucr.
1103 2023 1213 2094 tit.
1263 2024 1416 2106 Qua
1453 2028 1711 2102 aetate,
1750 2023 1850 2091 sic
1913 2023 2165 2092 docet:
2224 2045 2259 2087 ε
2301 2019 2845 2091 Observandum

228 2147 254 2187 ›
280 2137 388 2208 est,
426 2133 760 2203 omnibus
798 2136 1085 2223 quidem
1127 2140 1283 2224 post
1341 2132 1784 2223 Baptismum
1821 2132 2392 2203 Conlirmationis
2429 2131 2846 2204 Sacramen-

225 2260 252 2299 ν
287 2246 406 2310 lum
457 2262 668 2332 posse
722 2247 1246 2330 administrari,
1306 2246 1432 2315 sed
1489 2248 1724 2315 minus
1781 2252 2019 2316 tamen
2079 2247 2414 2334 expedire
2466 2243 2597 2315 boc
2652 2245 2835 2332 fieri,

216 2370 244 2412 ›
274 2358 642 2442 antequam
682 2358 879 2445 pueri
939 2359 1233 2429 rationis
1273 2376 1476 2427 usum
1519 2357 1932 2427 habuerint.
1977 2354 2233 2443 Quare,
2276 2357 2332 2427 si
2377 2357 2840 2427 duodecimus

216 2482 243 2521 ι
274 2480 476 2535 annus
511 2470 1047 2557 exspectandus
1088 2487 1228 2537 non
1267 2468 1619 2553 videatur,
1665 2486 1892 2556 usque
1934 2468 2022 2537 ad
2063 2469 2443 2557 septimum
2474 2474 2663 2541 certe
2707 2468 2839 2540 hoc

211 2593 236 2634 ›
269 2572 787 2652 Sacramentum
825 2581 1105 2652 differre
1145 2583 1449 2653 maxime
1487 2584 1846 2653 convenit.
1884 2607 1919 2649 »
1951 2578 2164 2652 Cuius
2205 2583 2298 2652 rei
2341 2581 2602 2654 multas
2642 2582 2841 2655 theo-

203 2680 309 2772 logi
358 2687 422 2760 in
479 2711 593 2763 me
627 2692 797 2762 lium
852 2693 1219 2783 proferunt
1271 2712 1567 2780 causas3
1610 2695 1734 2763 sed
1790 2696 1963 2764 satis
2016 2697 2106 2764 sit
2155 2694 2429 2781 audire,
2473 2713 2657 2783 quae
2711 2695 2839 2765 Ca·-

197 2797 543 2874 techismus
602 2805 755 2895 ipse
808 2806 1224 2895 subiungit:
1306 2829 1341 2871 ε
1375 2804 1827 2876 Confirmatio
1882 2824 2024 2876 non
2079 2805 2167 2875 ad
2222 2807 2475 2876 salutis
2531 2808 2838 2877 necessi-

197 2915 450 2985 »tatem
509 2918 842 2987 instituta
899 2925 1032 3004 est,
1075 2918 1199 2989 sed
1256 2935 1321 2987 ul
1383 2921 1534 2988 eius
1589 2920 1845 2988 virtute
1900 2919 2162 3006 optime
2207 2917 2528 2987 instructi
2585 2925 2655 2986 et
2708 2936 2836 3006 pa-

197 3040 225 3079 »
256 3024 370 3093 rati
408 3027 924 3114 inveniremur,
967 3048 1188 3118 quum
1230 3029 1434 3100 nobis
1471 3049 1595 3121 pro
1624 3027 1879 3100 Christi
1923 3028 2060 3098 fide
2100 3028 2560 3117 pugnandum
2601 3036 2827 3117 esset3

189 3134 325 3203 »ad
376 3139 573 3226 quod
629 3159 803 3211 sane
858 3159 1139 3231 pugnae
1197 3161 1421 3231 genus
1477 3159 1733 3230 pueros
1768 3194 1786 3229 ,
1856 3141 1979 3229 qui
2032 3139 2268 3209 adhuc
2337 3157 2472 3209 usu
2536 3139 2833 3212 rationis

188 3261 216 3306 ›
248 3256 504 3328 carent,
552 3270 761 3321 nemo
817 3261 1019 3342 aptos
1071 3270 1223 3323 esse
1278 3253 1633 3324 iudicarit.
1673 3278 1708 3320 »

301 3359 460 3430 135.
512 3358 1018 3434 Verumtamen
1057 3365 1250 3435 aliud
1289 3365 1718 3434 constituere
1776 3362 2054 3434 videtur
2100 3360 2513 3434 Pontificale
2566 3359 2831 3432 Roma-

175 3481 320 3538 num
370 3492 411 3543 a
466 3472 692 3544 Clem.
759 3471 950 3544 vlll.
1006 3475 1320 3562 editum,
1379 3481 1450 3545 et
1501 3475 1592 3544 ab
1671 3472 1953 3545 Urbano
2009 3470 2202 3543 Vlll.
2263 3477 2697 3566 recognitum
2753 3477 2825 3545 in

179 3578 292 3649 Tit.
329 3584 409 3654 de
470 3587 775 3674 Confir„
830 3587 952 3657 ubi
1018 3590 1329 3677 ponitur,
1382 3585 1925 3657 Sacramentum
1988 3584 2558 3658 Confirmationis
2609 3571 2855 3657 etiam‘

165 3696 381 3776 pueris
435 3698 535 3767 ab
576 3695 946 3790 Episcopis
984 3699 1513 3784 administrari3
1558 3698 1814 3787 legitur
1853 3699 2087 3768 enim:
2152 3719 2188 3763 ‹
2229 3695 2551 3769 Pontifex
2590 3697 2828 3767 infan-

165 3826 196 3864 ν
233 3812 354 3890 les,
401 3827 695 3898 puer03‚
755 3812 863 3881 vel
919 3810 1204 3882 adultos
1256 3813 1436 3881 sacri
1483 3807 1943 3900 Baptismatis
2001 3810 2192 3880 unda
2264 3809 2587 3899 perfusos
2661 3827 2830 3879 con-

161 3942 190 3978 ›
226 3917 518 3992 firmare
576 3923 846 4004 volens,
890 3933 1307 4013 paratus...
1351 3923 1719 3993 accedit.»
1782 3920 1867 3993 Et
1923 3924 2221 3993 iterum:
2284 3944 2319 3986 ε
2357 3920 2668 3991 infantes
2704 3939 2829 4011 per

156 4049 186 4091 >
221 4033 553 4117 patrinos
592 4040 760 4104 ante
802 4031 1208 4106 Pontificem
1264 4034 1684 4107 confirmare
1725 4035 2075 4105 volentem
2116 4039 2500 4104 teneantur
2554 4034 2627 4102 in
2666 4032 2830 4101 bra-

149 4164 180 4200 >
215 4143 391 4214 chiis
432 4145 783 4217 dexteris.
830 4169 867 4214 ›
925 4143 1146 4224 Quam
1188 4147 1602 4235 antilogiam
1657 4165 1783 4216 seu
1825 4147 2058 4234 potius
2098 4145 2479 4233 antilogiae
2516 4143 2828 4232 speciem

137 4254 466 4327 conciliat
511 4253 783 4326 Bened.
829 4253 1018 4326 XIV.
1060 4256 1142 4327 cle
1183 4258 1353 4343 Spln.
1395 4257 1611 4327 dioec.
1657 4257 1775 4326 lib.
1828 4255 1975 4327 VII.
2021 4274 2177 4344 cap.
2227 4254 2341 4327 10.
2380 4274 2453 4324 n.
2495 4253 2567 4326 8.
2616 4278 2651 4318 ‹
2693 4252 2822 4325 Ca-

137 4386 168 4424 »
209 4367 612 4439 techisrnus
665 4368 1020 4458 prohibet,
1067 4388 1155 4440 ne
1197 4370 1614 4460 regulariter
1654 4367 2193 4438 Sacramentum
2249 4365 2821 4438 Confirmationis

133 4498 163 4537 ›
199 4477 629 4550 conseratur
685 4483 926 4570 pueris
980 4485 1147 4551 ante
1200 4482 1701 4572 septennium3
1744 4477 2162 4549 P‹.ntificale
2216 4479 2582 4568 supponit,
2626 4479 2819 4568 quod

131 4608 163 4648 ›
200 4587 270 4659 in
325 4591 589 4679 aliquo
641 4594 1209 4664 extraordinario
1262 4612 1433 4664 casu
1488 4593 1823 4682 iustaque
1897 4600 2193 4682 urgente
2272 4609 2534 4680 causa,
2591 4591 2818 4682 possit
