<?xml version="1.0" encoding="UTF-8"?>
<!DOCTYPE html PUBLIC "-//W3C//DTD XHTML 1.0 Transitional//EN"
    "http://www.w3.org/TR/xhtml1/DTD/xhtml1-transitional.dtd">
<html xmlns="http://www.w3.org/1999/xhtml" xml:lang="en" lang="en">
 <head>
  <title>
</title>
<meta http-equiv="Content-Type" content="text/html;charset=utf-8" />
  <meta name='ocr-system' content='tesseract 3.04.00' />
  <meta name='ocr-capabilities' content='ocr_page ocr_carea ocr_par ocr_line ocrx_word'/>
</head>
<body>
  <div class='ocr_page' id='page_1' title='image "./devisitationesa00popegoog_0578.png"; bbox 0 0 3497 5235; ppageno 0'>
   <div class='ocr_carea' id='block_1_1' title="bbox 558 369 2082 454">
    <p class='ocr_par' dir='ltr' id='par_1_1' title="bbox 558 369 2082 454">
     <span class='ocr_line' id='line_1_1' title="bbox 558 369 2082 454; baseline 0.005 -22"><span class='ocrx_word' id='word_1_1' title='bbox 558 369 679 433; x_wconf 76' lang='lat'>538</span> <span class='ocrx_word' id='word_1_2' title='bbox 1702 380 1971 454; x_wconf 70' lang='lat' dir='ltr'>Appendix</span> <span class='ocrx_word' id='word_1_3' title='bbox 2011 382 2082 440; x_wconf 90' lang='lat' dir='ltr'>n.</span> 
     </span>
    </p>
   </div>
   <div class='ocr_carea' id='block_1_2' title="bbox 561 507 3250 4847">
    <p class='ocr_par' dir='ltr' id='par_1_2' title="bbox 563 507 3230 1164">
     <span class='ocr_line' id='line_1_2' title="bbox 563 507 3227 605; baseline -0.001 -28"><span class='ocrx_word' id='word_1_4' title='bbox 563 534 601 577; x_wconf 55' lang='grc' dir='ltr'><strong><em>ν</em></strong></span> <span class='ocrx_word' id='word_1_5' title='bbox 641 510 734 582; x_wconf 85' lang='lat' dir='ltr'>tis</span> <span class='ocrx_word' id='word_1_6' title='bbox 787 510 1436 602; x_wconf 79' lang='lat' dir='ltr'>adhortationibus,</span> <span class='ocrx_word' id='word_1_7' title='bbox 1478 516 1818 605; x_wconf 88' lang='lat' dir='ltr'>pastorali</span> <span class='ocrx_word' id='word_1_8' title='bbox 1856 515 2342 589; x_wconf 78' lang='lat' dir='ltr'>admonitione</span> <span class='ocrx_word' id='word_1_9' title='bbox 2375 512 2816 596; x_wconf 76' lang='lat' dir='ltr'>succendite,</span> <span class='ocrx_word' id='word_1_10' title='bbox 2859 514 2938 582; x_wconf 92' lang='lat' dir='ltr'>ut</span> <span class='ocrx_word' id='word_1_11' title='bbox 2987 507 3227 578; x_wconf 73' lang='lat' dir='ltr'>servor</span> 
     </span>
     <span class='ocr_line' id='line_1_3' title="bbox 564 621 3225 717; baseline -0 -29"><span class='ocrx_word' id='word_1_12' title='bbox 564 645 602 688; x_wconf 57' lang='grc' dir='ltr'><strong><em>ν</em></strong></span> <span class='ocrx_word' id='word_1_13' title='bbox 642 621 855 693; x_wconf 89' lang='lat' dir='ltr'>huius</span> <span class='ocrx_word' id='word_1_14' title='bbox 907 622 1240 694; x_wconf 90' lang='lat' dir='ltr'>desiderii</span> <span class='ocrx_word' id='word_1_15' title='bbox 1292 626 1365 696; x_wconf 92' lang='lat' dir='ltr'>in</span> <span class='ocrx_word' id='word_1_16' title='bbox 1422 643 1504 697; x_wconf 95' lang='lat' dir='ltr'>eo</span> <span class='ocrx_word' id='word_1_17' title='bbox 1542 645 1683 698; x_wconf 91' lang='lat' dir='ltr'>non</span> <span class='ocrx_word' id='word_1_18' title='bbox 1738 633 2100 717; x_wconf 83' lang='lat' dir='ltr'>tepescat3</span> <span class='ocrx_word' id='word_1_19' title='bbox 2158 634 2237 700; x_wconf 89' lang='lat' dir='ltr'>ut</span> <span class='ocrx_word' id='word_1_20' title='bbox 2288 627 2411 717; x_wconf 90' lang='lat' dir='ltr'>qui</span> <span class='ocrx_word' id='word_1_21' title='bbox 2466 646 2506 697; x_wconf 88' lang='lat' dir='ltr'>a</span> <span class='ocrx_word' id='word_1_22' title='bbox 2550 624 2962 697; x_wconf 87' lang='lat' dir='ltr'>turbulento</span> <span class='ocrx_word' id='word_1_23' title='bbox 3013 636 3225 690; x_wconf 89' lang='lat' dir='ltr'>cura-</span> 
     </span>
     <span class='ocr_line' id='line_1_4' title="bbox 563 735 3223 831; baseline -0.001 -30"><span class='ocrx_word' id='word_1_24' title='bbox 563 757 602 800; x_wconf 82' lang='lat'><strong>»</strong></span> <span class='ocrx_word' id='word_1_25' title='bbox 642 751 796 803; x_wconf 93' lang='lat' dir='ltr'>rum</span> <span class='ocrx_word' id='word_1_26' title='bbox 847 736 1317 806; x_wconf 88' lang='lat' dir='ltr'>saecularium</span> <span class='ocrx_word' id='word_1_27' title='bbox 1372 739 1683 810; x_wconf 87' lang='lat' dir='ltr'>tumultu</span> <span class='ocrx_word' id='word_1_28' title='bbox 1735 757 2147 831; x_wconf 84' lang='lat' dir='ltr'>segregans,</span> <span class='ocrx_word' id='word_1_29' title='bbox 2209 738 2471 829; x_wconf 87' lang='lat' dir='ltr'>quietis</span> <span class='ocrx_word' id='word_1_30' title='bbox 2522 735 2874 807; x_wconf 86' lang='lat' dir='ltr'>desiderio</span> <span class='ocrx_word' id='word_1_31' title='bbox 2939 736 3223 822; x_wconf 90' lang='lat' dir='ltr'>portum</span> 
     </span>
     <span class='ocr_line' id='line_1_5' title="bbox 565 846 3227 937; baseline -0.002 -25"><span class='ocrx_word' id='word_1_32' title='bbox 565 869 603 912; x_wconf 57' lang='grc' dir='ltr'><strong><em>ν</em></strong></span> <span class='ocrx_word' id='word_1_33' title='bbox 645 846 1053 918; x_wconf 88' lang='lat' dir='ltr'>monasterii</span> <span class='ocrx_word' id='word_1_34' title='bbox 1107 848 1451 937; x_wconf 85' lang='lat' dir='ltr'>appetiit,</span> <span class='ocrx_word' id='word_1_35' title='bbox 1510 869 1797 933; x_wconf 46' lang='lat' dir='ltr'>‚rursum</span> <span class='ocrx_word' id='word_1_36' title='bbox 1868 852 1943 922; x_wconf 88' lang='lat' dir='ltr'>in</span> <span class='ocrx_word' id='word_1_37' title='bbox 1995 851 2634 923; x_wconf 90' lang='lat' dir='ltr'>ecclesiasticarum</span> <span class='ocrx_word' id='word_1_38' title='bbox 2695 861 3025 917; x_wconf 90' lang='lat' dir='ltr'>curarum</span> <span class='ocrx_word' id='word_1_39' title='bbox 3083 857 3227 910; x_wconf 90' lang='lat' dir='ltr'>non</span> 
     </span>
     <span class='ocr_line' id='line_1_6' title="bbox 565 953 3230 1052; baseline -0 -27"><span class='ocrx_word' id='word_1_40' title='bbox 565 980 603 1023; x_wconf 60' lang='grc' dir='ltr'><strong><em>ν</em></strong></span> <span class='ocrx_word' id='word_1_41' title='bbox 644 956 901 1028; x_wconf 88' lang='lat' dir='ltr'>debeat</span> <span class='ocrx_word' id='word_1_42' title='bbox 969 958 1632 1049; x_wconf 80' lang='lat' dir='ltr'>perturbationibus</span> <span class='ocrx_word' id='word_1_43' title='bbox 1700 963 2092 1052; x_wconf 79' lang='lat' dir='ltr'>implicari3</span> <span class='ocrx_word' id='word_1_44' title='bbox 2147 962 2274 1034; x_wconf 89' lang='lat' dir='ltr'>sed</span> <span class='ocrx_word' id='word_1_45' title='bbox 2338 962 2413 1032; x_wconf 88' lang='lat' dir='ltr'>in</span> <span class='ocrx_word' id='word_1_46' title='bbox 2491 960 2616 1033; x_wconf 88' lang='lat' dir='ltr'>Dei</span> <span class='ocrx_word' id='word_1_47' title='bbox 2672 957 3011 1030; x_wconf 89' lang='lat' dir='ltr'>laudibus</span> <span class='ocrx_word' id='word_1_48' title='bbox 3063 953 3230 1044; x_wconf 80' lang='lat' dir='ltr'>pei·-</span> 
     </span>
     <span class='ocr_line' id='line_1_7' title="bbox 565 1069 3025 1164; baseline 0 -31"><span class='ocrx_word' id='word_1_49' title='bbox 565 1090 603 1133; x_wconf 55' lang='grc' dir='ltr'><strong><em>ν</em></strong></span> <span class='ocrx_word' id='word_1_50' title='bbox 646 1069 969 1140; x_wconf 85' lang='lat' dir='ltr'>mittatur</span> <span class='ocrx_word' id='word_1_51' title='bbox 1017 1087 1265 1143; x_wconf 89' lang='lat' dir='ltr'>secure</span> <span class='ocrx_word' id='word_1_52' title='bbox 1317 1070 1409 1142; x_wconf 91' lang='lat' dir='ltr'>ab</span> <span class='ocrx_word' id='word_1_53' title='bbox 1464 1071 1574 1144; x_wconf 85' lang='lat' dir='ltr'>bis</span> <span class='ocrx_word' id='word_1_54' title='bbox 1625 1074 1986 1160; x_wconf 78' lang='lat' dir='ltr'>omnibuS,</span> <span class='ocrx_word' id='word_1_55' title='bbox 2029 1082 2108 1147; x_wconf 88' lang='lat' dir='ltr'>ut</span> <span class='ocrx_word' id='word_1_56' title='bbox 2161 1074 2504 1164; x_wconf 90' lang='lat' dir='ltr'>postulat,</span> <span class='ocrx_word' id='word_1_57' title='bbox 2549 1087 2941 1143; x_wconf 85' lang='lat' dir='ltr'>remanere.</span> <span class='ocrx_word' id='word_1_58' title='bbox 2985 1093 3025 1133; x_wconf 63' lang='grc' dir='ltr'>ι</span> 
     </span>
    </p>

    <p class='ocr_par' dir='ltr' id='par_1_3' title="bbox 561 1176 3238 3504">
     <span class='ocr_line' id='line_1_8' title="bbox 708 1176 3228 1273; baseline -0.004 -13"><span class='ocrx_word' id='word_1_59' title='bbox 708 1176 908 1260; x_wconf 87' lang='lat' dir='ltr'>Quod</span> <span class='ocrx_word' id='word_1_60' title='bbox 961 1182 1248 1270; x_wconf 86' lang='lat' dir='ltr'>quidem</span> <span class='ocrx_word' id='word_1_61' title='bbox 1320 1178 1698 1273; x_wconf 85' lang='lat' dir='ltr'>Gregorius</span> <span class='ocrx_word' id='word_1_62' title='bbox 1767 1184 2154 1258; x_wconf 79' lang='lat' dir='ltr'>rescribere</span> <span class='ocrx_word' id='word_1_63' title='bbox 2224 1203 2369 1257; x_wconf 90' lang='lat' dir='ltr'>non</span> <span class='ocrx_word' id='word_1_64' title='bbox 2438 1183 2841 1269; x_wconf 76' lang='lat' dir='ltr'>dubitavit3</span> <span class='ocrx_word' id='word_1_65' title='bbox 2897 1179 3228 1270; x_wconf 85' lang='lat' dir='ltr'>quamvis</span> 
     </span>
     <span class='ocr_line' id='line_1_9' title="bbox 561 1286 3223 1389; baseline 0.001 -30"><span class='ocrx_word' id='word_1_66' title='bbox 561 1286 1006 1377; x_wconf 74' lang='lat' dir='ltr'>Pancratiis,</span> <span class='ocrx_word' id='word_1_67' title='bbox 1048 1294 1125 1363; x_wconf 81' lang='lat' dir='ltr'>in</span> <span class='ocrx_word' id='word_1_68' title='bbox 1178 1294 1553 1367; x_wconf 83' lang='lat' dir='ltr'>clericatus</span> <span class='ocrx_word' id='word_1_69' title='bbox 1604 1297 1821 1389; x_wconf 80' lang='lat' dir='ltr'>officio</span> <span class='ocrx_word' id='word_1_70' title='bbox 1864 1297 2215 1368; x_wconf 83' lang='lat' dir='ltr'>Ecclesiae</span> <span class='ocrx_word' id='word_1_71' title='bbox 2277 1296 2718 1377; x_wconf 81' lang='lat' dir='ltr'>Viennensis,</span> <span class='ocrx_word' id='word_1_72' title='bbox 2754 1299 2834 1365; x_wconf 90' lang='lat' dir='ltr'>ut</span> <span class='ocrx_word' id='word_1_73' title='bbox 2887 1295 3043 1383; x_wconf 87' lang='lat' dir='ltr'>ipse</span> <span class='ocrx_word' id='word_1_74' title='bbox 3094 1292 3223 1378; x_wconf 88' lang='lat' dir='ltr'>ait,</span> 
     </span>
     <span class='ocr_line' id='line_1_10' title="bbox 564 1404 3232 1499; baseline -0.001 -25"><span class='ocrx_word' id='word_1_75' title='bbox 564 1404 1008 1495; x_wconf 81' lang='lat' dir='ltr'>mancipatus</span> <span class='ocrx_word' id='word_1_76' title='bbox 1040 1407 1396 1493; x_wconf 78' lang='lat' dir='ltr'>existeret,</span> <span class='ocrx_word' id='word_1_77' title='bbox 1430 1409 1653 1499; x_wconf 89' lang='lat' dir='ltr'>ipsius</span> <span class='ocrx_word' id='word_1_78' title='bbox 1691 1426 1949 1497; x_wconf 82' lang='lat' dir='ltr'>nempe</span> <span class='ocrx_word' id='word_1_79' title='bbox 1974 1409 2280 1479; x_wconf 88' lang='lat' dir='ltr'>servitiis</span> <span class='ocrx_word' id='word_1_80' title='bbox 2308 1410 2537 1498; x_wconf 87' lang='lat' dir='ltr'>reipsa</span> <span class='ocrx_word' id='word_1_81' title='bbox 2569 1408 2941 1490; x_wconf 81' lang='lat' dir='ltr'>addictus3</span> <span class='ocrx_word' id='word_1_82' title='bbox 2975 1420 3232 1492; x_wconf 86' lang='lat' dir='ltr'>quam-</span> 
     </span>
     <span class='ocr_line' id='line_1_11' title="bbox 563 1513 3230 1610; baseline 0 -27"><span class='ocrx_word' id='word_1_83' title='bbox 563 1514 670 1584; x_wconf 89' lang='lat' dir='ltr'>vis</span> <span class='ocrx_word' id='word_1_84' title='bbox 720 1516 934 1586; x_wconf 84' lang='lat' dir='ltr'>etiam</span> <span class='ocrx_word' id='word_1_85' title='bbox 986 1533 1070 1586; x_wconf 95' lang='lat' dir='ltr'>eo</span> <span class='ocrx_word' id='word_1_86' title='bbox 1122 1523 1436 1606; x_wconf 86' lang='lat' dir='ltr'>tempore</span> <span class='ocrx_word' id='word_1_87' title='bbox 1490 1518 1895 1590; x_wconf 83' lang='lat' dir='ltr'>huiusmodi</span> <span class='ocrx_word' id='word_1_88' title='bbox 1948 1520 2322 1610; x_wconf 86' lang='lat' dir='ltr'>disciplina</span> <span class='ocrx_word' id='word_1_89' title='bbox 2374 1522 2682 1610; x_wconf 84' lang='lat' dir='ltr'>vigeret,</span> <span class='ocrx_word' id='word_1_90' title='bbox 2739 1518 2829 1588; x_wconf 88' lang='lat' dir='ltr'>de</span> <span class='ocrx_word' id='word_1_91' title='bbox 2880 1534 3026 1605; x_wconf 89' lang='lat' dir='ltr'>qua</span> <span class='ocrx_word' id='word_1_92' title='bbox 3082 1513 3230 1584; x_wconf 86' lang='lat' dir='ltr'>late</span> 
     </span>
     <span class='ocr_line' id='line_1_12' title="bbox 565 1619 3232 1722; baseline 0 -28"><span class='ocrx_word' id='word_1_93' title='bbox 565 1619 1069 1698; x_wconf 84' lang='lat' dir='ltr'>Thomassinus</span> <span class='ocrx_word' id='word_1_94' title='bbox 1122 1629 1296 1719; x_wconf 88' lang='lat' dir='ltr'>agit,</span> <span class='ocrx_word' id='word_1_95' title='bbox 1337 1629 1420 1700; x_wconf 88' lang='lat' dir='ltr'>de</span> <span class='ocrx_word' id='word_1_96' title='bbox 1469 1630 1811 1720; x_wconf 79' lang='lat' dir='ltr'>beneficiis</span> <span class='ocrx_word' id='word_1_97' title='bbox 1857 1651 2024 1722; x_wconf 83' lang='lat' dir='ltr'>par.</span> <span class='ocrx_word' id='word_1_98' title='bbox 2087 1633 2180 1703; x_wconf 86' lang='lat'>11.</span> <span class='ocrx_word' id='word_1_99' title='bbox 2241 1632 2361 1702; x_wconf 84' lang='lat' dir='ltr'>lib.</span> <span class='ocrx_word' id='word_1_100' title='bbox 2424 1630 2492 1702; x_wconf 75' lang='lat'>1.</span> <span class='ocrx_word' id='word_1_101' title='bbox 2534 1650 2692 1721; x_wconf 84' lang='lat' dir='ltr'>cap.</span> <span class='ocrx_word' id='word_1_102' title='bbox 2750 1628 2824 1701; x_wconf 81' lang='lat'>3.</span> <span class='ocrx_word' id='word_1_103' title='bbox 2880 1631 2950 1699; x_wconf 85' lang='lat' dir='ltr'>et</span> <span class='ocrx_word' id='word_1_104' title='bbox 3000 1625 3106 1709; x_wconf 73' lang='grc'>4.,</span> <span class='ocrx_word' id='word_1_105' title='bbox 3155 1630 3232 1695; x_wconf 90' lang='lat' dir='ltr'>ut</span> 
     </span>
     <span class='ocr_line' id='line_1_13' title="bbox 565 1734 3227 1833; baseline -0 -25"><span class='ocrx_word' id='word_1_106' title='bbox 565 1736 861 1810; x_wconf 85' lang='lat' dir='ltr'>clericus</span> <span class='ocrx_word' id='word_1_107' title='bbox 913 1734 1262 1830; x_wconf 85' lang='lat' dir='ltr'>Episcopo</span> <span class='ocrx_word' id='word_1_108' title='bbox 1297 1741 1653 1813; x_wconf 82' lang='lat' dir='ltr'>ordinanti</span> <span class='ocrx_word' id='word_1_109' title='bbox 1694 1761 1820 1833; x_wconf 91' lang='lat' dir='ltr'>per</span> <span class='ocrx_word' id='word_1_110' title='bbox 1854 1745 2093 1815; x_wconf 86' lang='lat' dir='ltr'>omnia</span> <span class='ocrx_word' id='word_1_111' title='bbox 2129 1743 2482 1828; x_wconf 86' lang='lat' dir='ltr'>subesset,</span> <span class='ocrx_word' id='word_1_112' title='bbox 2523 1745 2821 1830; x_wconf 84' lang='lat' dir='ltr'>eiusque</span> <span class='ocrx_word' id='word_1_113' title='bbox 2858 1737 3227 1810; x_wconf 76' lang='lat' dir='ltr'>Ecclesiae</span> 
     </span>
     <span class='ocr_line' id='line_1_14' title="bbox 565 1849 3229 1947; baseline 0 -30"><span class='ocrx_word' id='word_1_114' title='bbox 565 1849 985 1937; x_wconf 90' lang='lat' dir='ltr'>ministerio,</span> <span class='ocrx_word' id='word_1_115' title='bbox 1044 1852 1153 1922; x_wconf 90' lang='lat' dir='ltr'>cui</span> <span class='ocrx_word' id='word_1_116' title='bbox 1211 1852 1282 1921; x_wconf 91' lang='lat' dir='ltr'>in</span> <span class='ocrx_word' id='word_1_117' title='bbox 1350 1853 1797 1926; x_wconf 88' lang='lat' dir='ltr'>ordinatione</span> <span class='ocrx_word' id='word_1_118' title='bbox 1868 1855 2268 1947; x_wconf 84' lang='lat' dir='ltr'>adscriptus</span> <span class='ocrx_word' id='word_1_119' title='bbox 2329 1854 2621 1941; x_wconf 79' lang='lat' dir='ltr'>fuisset,</span> <span class='ocrx_word' id='word_1_120' title='bbox 2677 1855 3026 1942; x_wconf 84' lang='lat' dir='ltr'>perpetuo</span> <span class='ocrx_word' id='word_1_121' title='bbox 3079 1849 3229 1918; x_wconf 87' lang='lat' dir='ltr'>iure</span> 
     </span>
     <span class='ocr_line' id='line_1_15' title="bbox 565 1957 3230 2057; baseline -0 -28"><span class='ocrx_word' id='word_1_122' title='bbox 565 1957 939 2031; x_wconf 89' lang='lat' dir='ltr'>devinctus</span> <span class='ocrx_word' id='word_1_123' title='bbox 992 1960 1416 2036; x_wconf 85' lang='lat' dir='ltr'>baberetur.</span> <span class='ocrx_word' id='word_1_124' title='bbox 1473 1963 1810 2045; x_wconf 86' lang='lat' dir='ltr'>Quamvis</span> <span class='ocrx_word' id='word_1_125' title='bbox 1877 1966 2189 2057; x_wconf 88' lang='lat' dir='ltr'>denique</span> <span class='ocrx_word' id='word_1_126' title='bbox 2242 1966 2428 2039; x_wconf 88' lang='lat' dir='ltr'>idem</span> <span class='ocrx_word' id='word_1_127' title='bbox 2494 1968 2798 2037; x_wconf 90' lang='lat' dir='ltr'>Sanctus</span> <span class='ocrx_word' id='word_1_128' title='bbox 2848 1958 3230 2050; x_wconf 79' lang='lat' dir='ltr'>Gregorius</span> 
     </span>
     <span class='ocr_line' id='line_1_16' title="bbox 563 2071 3217 2162; baseline 0 -22"><span class='ocrx_word' id='word_1_129' title='bbox 563 2071 827 2160; x_wconf 89' lang='lat' dir='ltr'>optime</span> <span class='ocrx_word' id='word_1_130' title='bbox 880 2081 1146 2162; x_wconf 86' lang='lat' dir='ltr'>nosset,</span> <span class='ocrx_word' id='word_1_131' title='bbox 1189 2076 1456 2146; x_wconf 88' lang='lat' dir='ltr'>nemini</span> <span class='ocrx_word' id='word_1_132' title='bbox 1511 2077 1722 2149; x_wconf 91' lang='lat' dir='ltr'>licere</span> <span class='ocrx_word' id='word_1_133' title='bbox 1778 2077 1868 2149; x_wconf 89' lang='lat' dir='ltr'>ab</span> <span class='ocrx_word' id='word_1_134' title='bbox 1924 2079 2331 2150; x_wconf 83' lang='lat' dir='ltr'>huiusmodi</span> <span class='ocrx_word' id='word_1_135' title='bbox 2387 2077 2777 2148; x_wconf 91' lang='lat' dir='ltr'>ministerio</span> <span class='ocrx_word' id='word_1_136' title='bbox 2829 2072 3217 2155; x_wconf 88' lang='lat' dir='ltr'>ecclesiae,</span> 
     </span>
     <span class='ocr_line' id='line_1_17' title="bbox 566 2181 3229 2279; baseline 0 -27"><span class='ocrx_word' id='word_1_137' title='bbox 566 2183 679 2253; x_wconf 92' lang='lat' dir='ltr'>cui</span> <span class='ocrx_word' id='word_1_138' title='bbox 731 2186 948 2256; x_wconf 89' lang='lat' dir='ltr'>semel</span> <span class='ocrx_word' id='word_1_139' title='bbox 1002 2185 1329 2258; x_wconf 86' lang='lat' dir='ltr'>addictus</span> <span class='ocrx_word' id='word_1_140' title='bbox 1381 2186 1661 2273; x_wconf 82' lang='lat' dir='ltr'>fuisset,</span> <span class='ocrx_word' id='word_1_141' title='bbox 1703 2188 2094 2276; x_wconf 87' lang='lat' dir='ltr'>discedere,</span> <span class='ocrx_word' id='word_1_142' title='bbox 2143 2190 2297 2260; x_wconf 89' lang='lat' dir='ltr'>sine</span> <span class='ocrx_word' id='word_1_143' title='bbox 2347 2188 2696 2279; x_wconf 88' lang='lat' dir='ltr'>permissu</span> <span class='ocrx_word' id='word_1_144' title='bbox 2751 2181 3134 2274; x_wconf 89' lang='lat' dir='ltr'>Episcopi,</span> <span class='ocrx_word' id='word_1_145' title='bbox 3188 2200 3229 2249; x_wconf 87' lang='lat' dir='ltr'>a</span> 
     </span>
     <span class='ocr_line' id='line_1_18' title="bbox 568 2291 3234 2391; baseline -0.001 -28"><span class='ocrx_word' id='word_1_146' title='bbox 568 2311 712 2383; x_wconf 87' lang='lat' dir='ltr'>quo</span> <span class='ocrx_word' id='word_1_147' title='bbox 748 2297 908 2383; x_wconf 87' lang='lat' dir='ltr'>quis</span> <span class='ocrx_word' id='word_1_148' title='bbox 943 2298 1341 2385; x_wconf 84' lang='lat' dir='ltr'>ordinatus,</span> <span class='ocrx_word' id='word_1_149' title='bbox 1383 2301 1729 2391; x_wconf 88' lang='lat' dir='ltr'>cuiusque</span> <span class='ocrx_word' id='word_1_150' title='bbox 1764 2300 2106 2372; x_wconf 86' lang='lat' dir='ltr'>ecclesiae</span> <span class='ocrx_word' id='word_1_151' title='bbox 2141 2301 2444 2373; x_wconf 82' lang='lat' dir='ltr'>servitiis</span> <span class='ocrx_word' id='word_1_152' title='bbox 2483 2301 2556 2372; x_wconf 91' lang='lat' dir='ltr'>in</span> <span class='ocrx_word' id='word_1_153' title='bbox 2590 2295 3046 2370; x_wconf 85' lang='lat' dir='ltr'>ordinatione</span> <span class='ocrx_word' id='word_1_154' title='bbox 3084 2291 3234 2362; x_wconf 80' lang='lat' dir='ltr'>iue-</span> 
     </span>
     <span class='ocr_line' id='line_1_19' title="bbox 563 2403 3231 2502; baseline -0.001 -29"><span class='ocrx_word' id='word_1_155' title='bbox 563 2410 679 2474; x_wconf 85' lang='lat' dir='ltr'>rat</span> <span class='ocrx_word' id='word_1_156' title='bbox 749 2405 1191 2499; x_wconf 86' lang='lat' dir='ltr'>adscriptus:</span> <span class='ocrx_word' id='word_1_157' title='bbox 1248 2412 1442 2483; x_wconf 92' lang='lat' dir='ltr'>unde</span> <span class='ocrx_word' id='word_1_158' title='bbox 1521 2412 1594 2482; x_wconf 91' lang='lat' dir='ltr'>in</span> <span class='ocrx_word' id='word_1_159' title='bbox 1648 2413 1788 2483; x_wconf 89' lang='lat' dir='ltr'>alia</span> <span class='ocrx_word' id='word_1_160' title='bbox 1865 2414 2217 2502; x_wconf 88' lang='lat' dir='ltr'>epistola,</span> <span class='ocrx_word' id='word_1_161' title='bbox 2283 2429 2468 2501; x_wconf 88' lang='lat' dir='ltr'>quae</span> <span class='ocrx_word' id='word_1_162' title='bbox 2540 2415 2646 2482; x_wconf 88' lang='lat' dir='ltr'>cst</span> <span class='ocrx_word' id='word_1_163' title='bbox 2699 2404 2927 2478; x_wconf 83' lang='lat' dir='ltr'><strong>XVII.</strong></span> <span class='ocrx_word' id='word_1_164' title='bbox 2989 2405 3119 2475; x_wconf 88' lang='lat' dir='ltr'>lib.</span> <span class='ocrx_word' id='word_1_165' title='bbox 3159 2403 3231 2474; x_wconf 88' lang='lat'>5.</span> 
     </span>
     <span class='ocr_line' id='line_1_20' title="bbox 567 2511 3238 2613; baseline 0 -28"><span class='ocrx_word' id='word_1_166' title='bbox 567 2511 828 2586; x_wconf 89' lang='lat' dir='ltr'>Indict.</span> <span class='ocrx_word' id='word_1_167' title='bbox 874 2514 1111 2606; x_wconf 64' lang='lat' dir='ltr'>xm„</span> <span class='ocrx_word' id='word_1_168' title='bbox 1156 2537 1376 2610; x_wconf 88' lang='lat' dir='ltr'>quum</span> <span class='ocrx_word' id='word_1_169' title='bbox 1427 2530 1670 2613; x_wconf 90' lang='lat' dir='ltr'>ageret</span> <span class='ocrx_word' id='word_1_170' title='bbox 1707 2524 1796 2595; x_wconf 91' lang='lat' dir='ltr'>de</span> <span class='ocrx_word' id='word_1_171' title='bbox 1833 2525 2179 2595; x_wconf 84' lang='lat' dir='ltr'>electione</span> <span class='ocrx_word' id='word_1_172' title='bbox 2215 2519 2535 2609; x_wconf 88' lang='lat' dir='ltr'>Ioannis,</span> <span class='ocrx_word' id='word_1_173' title='bbox 2579 2517 3073 2591; x_wconf 80' lang='lat' dir='ltr'>Archidiaconi</span> <span class='ocrx_word' id='word_1_174' title='bbox 3109 2513 3238 2586; x_wconf 87' lang='lat' dir='ltr'>Ca-</span> 
     </span>
     <span class='ocr_line' id='line_1_21' title="bbox 568 2627 3237 2726; baseline -0.001 -27"><span class='ocrx_word' id='word_1_175' title='bbox 568 2629 890 2699; x_wconf 86' lang='lat' dir='ltr'>tanensis</span> <span class='ocrx_word' id='word_1_176' title='bbox 942 2630 1033 2700; x_wconf 89' lang='lat' dir='ltr'>ad</span> <span class='ocrx_word' id='word_1_177' title='bbox 1086 2627 1575 2723; x_wconf 87' lang='lat' dir='ltr'>Episcopalem</span> <span class='ocrx_word' id='word_1_178' title='bbox 1624 2635 2035 2707; x_wconf 79' lang='lat' dir='ltr'>cathedram</span> <span class='ocrx_word' id='word_1_179' title='bbox 2083 2637 2633 2726; x_wconf 84' lang='lat' dir='ltr'>Syracusanam,</span> <span class='ocrx_word' id='word_1_180' title='bbox 2691 2633 2878 2703; x_wconf 87' lang='lat' dir='ltr'>inter</span> <span class='ocrx_word' id='word_1_181' title='bbox 2928 2630 3072 2698; x_wconf 90' lang='lat' dir='ltr'>alia</span> <span class='ocrx_word' id='word_1_182' title='bbox 3125 2645 3237 2698; x_wconf 87' lang='lat' dir='ltr'>re-</span> 
     </span>
     <span class='ocr_line' id='line_1_22' title="bbox 570 2739 3227 2838; baseline 0 -29"><span class='ocrx_word' id='word_1_183' title='bbox 570 2739 944 2828; x_wconf 87' lang='lat' dir='ltr'>quirebat,</span> <span class='ocrx_word' id='word_1_184' title='bbox 1002 2748 1080 2813; x_wconf 91' lang='lat' dir='ltr'>ut</span> <span class='ocrx_word' id='word_1_185' title='bbox 1133 2741 1391 2816; x_wconf 90' lang='lat' dir='ltr'>Leonis</span> <span class='ocrx_word' id='word_1_186' title='bbox 1467 2743 1798 2838; x_wconf 88' lang='lat' dir='ltr'>Episcopi</span> <span class='ocrx_word' id='word_1_187' title='bbox 1874 2745 2294 2819; x_wconf 75' lang='lat' dir='ltr'>catanensis</span> <span class='ocrx_word' id='word_1_188' title='bbox 2371 2762 2760 2818; x_wconf 83' lang='lat' dir='ltr'>consensus</span> <span class='ocrx_word' id='word_1_189' title='bbox 2813 2740 3227 2825; x_wconf 83' lang='lat' dir='ltr'>accederet3</span> 
     </span>
     <span class='ocr_line' id='line_1_23' title="bbox 572 2847 3234 2948; baseline 0.002 -32"><span class='ocrx_word' id='word_1_190' title='bbox 572 2873 611 2916; x_wconf 65' lang='grc' dir='ltr'>ι</span> <span class='ocrx_word' id='word_1_191' title='bbox 648 2847 848 2932; x_wconf 90' lang='lat' dir='ltr'>Quod</span> <span class='ocrx_word' id='word_1_192' title='bbox 897 2853 957 2923; x_wconf 90' lang='lat' dir='ltr'>si</span> <span class='ocrx_word' id='word_1_193' title='bbox 1010 2853 1272 2927; x_wconf 81' lang='lat' dir='ltr'>factum</span> <span class='ocrx_word' id='word_1_194' title='bbox 1313 2856 1553 2945; x_wconf 81' lang='lat' dir='ltr'>fuerit,</span> <span class='ocrx_word' id='word_1_195' title='bbox 1596 2859 1814 2931; x_wconf 88' lang='lat' dir='ltr'>etiam</span> <span class='ocrx_word' id='word_1_196' title='bbox 1866 2857 2112 2931; x_wconf 86' lang='lat' dir='ltr'>Frater</span> <span class='ocrx_word' id='word_1_197' title='bbox 2147 2865 2218 2931; x_wconf 87' lang='lat' dir='ltr'>et</span> <span class='ocrx_word' id='word_1_198' title='bbox 2267 2856 2735 2948; x_wconf 77' lang='lat' dir='ltr'>coepiscopus</span> <span class='ocrx_word' id='word_1_199' title='bbox 2777 2852 3038 2926; x_wconf 87' lang='lat' dir='ltr'>Noster</span> <span class='ocrx_word' id='word_1_200' title='bbox 3090 2850 3234 2922; x_wconf 90' lang='lat' dir='ltr'>Leo</span> 
     </span>
     <span class='ocr_line' id='line_1_24' title="bbox 572 2964 3236 3056; baseline 0.002 -27"><span class='ocrx_word' id='word_1_201' title='bbox 572 2986 610 3029; x_wconf 57' lang='grc' dir='ltr'><strong><em>ν</em></strong></span> <span class='ocrx_word' id='word_1_202' title='bbox 651 2964 715 3034; x_wconf 90' lang='lat' dir='ltr'>ei</span> <span class='ocrx_word' id='word_1_203' title='bbox 765 2965 1153 3038; x_wconf 88' lang='lat' dir='ltr'>cessionem</span> <span class='ocrx_word' id='word_1_204' title='bbox 1208 2966 1437 3041; x_wconf 81' lang='lat' dir='ltr'>[acere</span> <span class='ocrx_word' id='word_1_205' title='bbox 1491 2970 1812 3056; x_wconf 88' lang='lat' dir='ltr'>debebit,</span> <span class='ocrx_word' id='word_1_206' title='bbox 1854 2980 1932 3044; x_wconf 91' lang='lat' dir='ltr'>ut</span> <span class='ocrx_word' id='word_1_207' title='bbox 1970 2971 2150 3043; x_wconf 90' lang='lat' dir='ltr'>liber</span> <span class='ocrx_word' id='word_1_208' title='bbox 2201 2971 2292 3042; x_wconf 88' lang='lat' dir='ltr'>ad</span> <span class='ocrx_word' id='word_1_209' title='bbox 2330 2969 2809 3041; x_wconf 89' lang='lat' dir='ltr'>ordinandum</span> <span class='ocrx_word' id='word_1_210' title='bbox 2862 2966 3086 3056; x_wconf 85' lang='lat' dir='ltr'>possit</span> <span class='ocrx_word' id='word_1_211' title='bbox 3127 2965 3236 3034; x_wconf 91' lang='lat' dir='ltr'>in-</span> 
     </span>
     <span class='ocr_line' id='line_1_25' title="bbox 571 3073 3230 3168; baseline 0.002 -27"><span class='ocrx_word' id='word_1_212' title='bbox 571 3098 610 3141; x_wconf 80' lang='lat'><strong>»</strong></span> <span class='ocrx_word' id='word_1_213' title='bbox 653 3077 921 3164; x_wconf 84' lang='lat' dir='ltr'>veniri3</span> <span class='ocrx_word' id='word_1_214' title='bbox 980 3079 1311 3168; x_wconf 82' lang='lat' dir='ltr'>adquae</span> <span class='ocrx_word' id='word_1_215' title='bbox 1380 3080 1594 3153; x_wconf 87' lang='lat' dir='ltr'>verba</span> <span class='ocrx_word' id='word_1_216' title='bbox 1669 3083 1975 3154; x_wconf 89' lang='lat' dir='ltr'>editores</span> <span class='ocrx_word' id='word_1_217' title='bbox 2026 3085 2119 3155; x_wconf 87' lang='lat' dir='ltr'>ita</span> <span class='ocrx_word' id='word_1_218' title='bbox 2194 3082 2576 3154; x_wconf 88' lang='lat' dir='ltr'>observant</span> <span class='ocrx_word' id='word_1_219' title='bbox 2629 3082 2701 3151; x_wconf 90' lang='lat' dir='ltr'>in</span> <span class='ocrx_word' id='word_1_220' title='bbox 2771 3079 3002 3149; x_wconf 89' lang='lat' dir='ltr'>notis:</span> <span class='ocrx_word' id='word_1_221' title='bbox 3062 3073 3230 3146; x_wconf 86' lang='lat' dir='ltr'>Tam</span> 
     </span>
     <span class='ocr_line' id='line_1_26' title="bbox 571 3184 3235 3282; baseline 0.001 -30"><span class='ocrx_word' id='word_1_222' title='bbox 571 3210 611 3252; x_wconf 82' lang='lat'><strong>»</strong></span> <span class='ocrx_word' id='word_1_223' title='bbox 651 3195 857 3260; x_wconf 85' lang='lat' dir='ltr'>erant</span> <span class='ocrx_word' id='word_1_224' title='bbox 909 3191 1143 3262; x_wconf 90' lang='lat' dir='ltr'>clerici</span> <span class='ocrx_word' id='word_1_225' title='bbox 1197 3209 1370 3263; x_wconf 90' lang='lat' dir='ltr'>suae</span> <span class='ocrx_word' id='word_1_226' title='bbox 1419 3190 1779 3266; x_wconf 82' lang='lat' dir='ltr'>Ecclesiae</span> <span class='ocrx_word' id='word_1_227' title='bbox 1816 3195 2110 3279; x_wconf 86' lang='lat' dir='ltr'>addicti,</span> <span class='ocrx_word' id='word_1_228' title='bbox 2153 3201 2230 3265; x_wconf 91' lang='lat' dir='ltr'>ut</span> <span class='ocrx_word' id='word_1_229' title='bbox 2284 3213 2375 3266; x_wconf 88' lang='lat' dir='ltr'>ne</span> <span class='ocrx_word' id='word_1_230' title='bbox 2428 3211 2548 3266; x_wconf 90' lang='lat' dir='ltr'>eos</span> <span class='ocrx_word' id='word_1_231' title='bbox 2594 3190 2884 3282; x_wconf 90' lang='lat' dir='ltr'>quidem</span> <span class='ocrx_word' id='word_1_232' title='bbox 2938 3190 3012 3259; x_wconf 92' lang='lat' dir='ltr'>in</span> <span class='ocrx_word' id='word_1_233' title='bbox 3064 3184 3235 3277; x_wconf 89' lang='lat' dir='ltr'>Epi-</span> 
     </span>
     <span class='ocr_line' id='line_1_27' title="bbox 573 3299 3228 3398; baseline -0 -30"><span class='ocrx_word' id='word_1_234' title='bbox 573 3324 613 3366; x_wconf 82' lang='lat'><strong>»</strong></span> <span class='ocrx_word' id='word_1_235' title='bbox 651 3318 903 3390; x_wconf 90' lang='lat' dir='ltr'>scopos</span> <span class='ocrx_word' id='word_1_236' title='bbox 938 3303 1232 3376; x_wconf 90' lang='lat' dir='ltr'>alterius</span> <span class='ocrx_word' id='word_1_237' title='bbox 1266 3305 1608 3378; x_wconf 88' lang='lat' dir='ltr'>ecclesiae</span> <span class='ocrx_word' id='word_1_238' title='bbox 1647 3305 1756 3378; x_wconf 81' lang='lat' dir='ltr'>ias</span> <span class='ocrx_word' id='word_1_239' title='bbox 1806 3314 1994 3378; x_wconf 89' lang='lat' dir='ltr'>esset</span> <span class='ocrx_word' id='word_1_240' title='bbox 2028 3307 2313 3398; x_wconf 86' lang='lat' dir='ltr'>eligere,</span> <span class='ocrx_word' id='word_1_241' title='bbox 2354 3306 2490 3377; x_wconf 91' lang='lat' dir='ltr'>nisi</span> <span class='ocrx_word' id='word_1_242' title='bbox 2529 3304 2860 3376; x_wconf 91' lang='lat' dir='ltr'>missione</span> <span class='ocrx_word' id='word_1_243' title='bbox 2904 3299 3228 3384; x_wconf 88' lang='lat' dir='ltr'>obtenta,</span> 
     </span>
     <span class='ocr_line' id='line_1_28' title="bbox 575 3413 1748 3504; baseline 0.008 -26"><span class='ocrx_word' id='word_1_244' title='bbox 575 3435 613 3478; x_wconf 55' lang='grc' dir='ltr'><strong><em>ν</em></strong></span> <span class='ocrx_word' id='word_1_245' title='bbox 653 3413 826 3498; x_wconf 85' lang='lat' dir='ltr'>sive,</span> <span class='ocrx_word' id='word_1_246' title='bbox 867 3420 945 3485; x_wconf 91' lang='lat' dir='ltr'>ut</span> <span class='ocrx_word' id='word_1_247' title='bbox 997 3425 1278 3504; x_wconf 83' lang='lat' dir='ltr'>vocant,</span> <span class='ocrx_word' id='word_1_248' title='bbox 1320 3419 1664 3490; x_wconf 83' lang='lat' dir='ltr'>cessione.</span> <span class='ocrx_word' id='word_1_249' title='bbox 1712 3444 1748 3487; x_wconf 81' lang='lat'>›</span> 
     </span>
    </p>

    <p class='ocr_par' dir='ltr' id='par_1_4' title="bbox 565 3520 3239 4522">
     <span class='ocr_line' id='line_1_29' title="bbox 715 3520 3235 3619; baseline -0.001 -25"><span class='ocrx_word' id='word_1_250' title='bbox 715 3520 872 3596; x_wconf 91' lang='lat' dir='ltr'>Non</span> <span class='ocrx_word' id='word_1_251' title='bbox 927 3526 1170 3616; x_wconf 87' lang='lat' dir='ltr'>itaque</span> <span class='ocrx_word' id='word_1_252' title='bbox 1215 3528 1656 3616; x_wconf 77' lang='lat' dir='ltr'>dubitamuS,</span> <span class='ocrx_word' id='word_1_253' title='bbox 1698 3530 1876 3619; x_wconf 86' lang='lat' dir='ltr'>quin</span> <span class='ocrx_word' id='word_1_254' title='bbox 1910 3537 1991 3602; x_wconf 94' lang='lat' dir='ltr'>tu</span> <span class='ocrx_word' id='word_1_255' title='bbox 2046 3548 2205 3601; x_wconf 92' lang='lat' dir='ltr'>cum</span> <span class='ocrx_word' id='word_1_256' title='bbox 2245 3527 2754 3599; x_wconf 81' lang='lat' dir='ltr'>Archidiacono</span> <span class='ocrx_word' id='word_1_257' title='bbox 2807 3529 2930 3595; x_wconf 89' lang='lat' dir='ltr'>tuo</span> <span class='ocrx_word' id='word_1_258' title='bbox 2981 3522 3235 3594; x_wconf 87' lang='lat' dir='ltr'>eadem</span> 
     </span>
     <span class='ocr_line' id='line_1_30' title="bbox 569 3631 3238 3730; baseline -0 -26"><span class='ocrx_word' id='word_1_259' title='bbox 569 3634 785 3725; x_wconf 88' lang='lat' dir='ltr'>plane</span> <span class='ocrx_word' id='word_1_260' title='bbox 836 3638 1110 3710; x_wconf 89' lang='lat' dir='ltr'>ratione</span> <span class='ocrx_word' id='word_1_261' title='bbox 1147 3639 1499 3730; x_wconf 90' lang='lat' dir='ltr'>agendum</span> <span class='ocrx_word' id='word_1_262' title='bbox 1557 3641 1684 3712; x_wconf 89' lang='lat' dir='ltr'>tibi</span> <span class='ocrx_word' id='word_1_263' title='bbox 1722 3659 1878 3713; x_wconf 91' lang='lat' dir='ltr'>esse</span> <span class='ocrx_word' id='word_1_264' title='bbox 1929 3643 2176 3726; x_wconf 88' lang='lat' dir='ltr'>ducas,</span> <span class='ocrx_word' id='word_1_265' title='bbox 2219 3659 2359 3729; x_wconf 84' lang='lat' dir='ltr'>qua</span> <span class='ocrx_word' id='word_1_266' title='bbox 2396 3636 2824 3730; x_wconf 89' lang='lat' dir='ltr'>Episcopum</span> <span class='ocrx_word' id='word_1_267' title='bbox 2878 3631 3238 3705; x_wconf 88' lang='lat' dir='ltr'>Viennen-</span> 
     </span>
     <span class='ocr_line' id='line_1_31' title="bbox 571 3749 3230 3844; baseline -0.001 -26"><span class='ocrx_word' id='word_1_268' title='bbox 571 3766 718 3818; x_wconf 88' lang='lat' dir='ltr'>sem</span> <span class='ocrx_word' id='word_1_269' title='bbox 759 3766 918 3819; x_wconf 91' lang='lat' dir='ltr'>cum</span> <span class='ocrx_word' id='word_1_270' title='bbox 957 3750 1257 3823; x_wconf 88' lang='lat' dir='ltr'>diacono</span> <span class='ocrx_word' id='word_1_271' title='bbox 1307 3771 1437 3824; x_wconf 88' lang='lat' dir='ltr'>suo</span> <span class='ocrx_word' id='word_1_272' title='bbox 1474 3749 1848 3825; x_wconf 86' lang='lat' dir='ltr'>Pancratio</span> <span class='ocrx_word' id='word_1_273' title='bbox 1885 3770 2117 3844; x_wconf 87' lang='lat' dir='ltr'>agere,</span> <span class='ocrx_word' id='word_1_274' title='bbox 2161 3754 2462 3824; x_wconf 87' lang='lat' dir='ltr'>Sanctus</span> <span class='ocrx_word' id='word_1_275' title='bbox 2498 3749 2876 3840; x_wconf 87' lang='lat' dir='ltr'>Gregorius</span> <span class='ocrx_word' id='word_1_276' title='bbox 2911 3750 3230 3838; x_wconf 88' lang='lat' dir='ltr'>optavit;</span> 
     </span>
     <span class='ocr_line' id='line_1_32' title="bbox 568 3858 3233 3956; baseline -0.001 -27"><span class='ocrx_word' id='word_1_277' title='bbox 568 3864 721 3930; x_wconf 87' lang='lat' dir='ltr'>tum</span> <span class='ocrx_word' id='word_1_278' title='bbox 776 3862 945 3949; x_wconf 88' lang='lat' dir='ltr'>quia</span> <span class='ocrx_word' id='word_1_279' title='bbox 1000 3864 1216 3935; x_wconf 88' lang='lat' dir='ltr'>animi</span> <span class='ocrx_word' id='word_1_280' title='bbox 1272 3865 1374 3936; x_wconf 87' lang='lat' dir='ltr'>tui</span> <span class='ocrx_word' id='word_1_281' title='bbox 1412 3872 1779 3955; x_wconf 86' lang='lat' dir='ltr'>perspecta</span> <span class='ocrx_word' id='word_1_282' title='bbox 1836 3864 2250 3956; x_wconf 83' lang='lat' dir='ltr'>magnitudo</span> <span class='ocrx_word' id='word_1_283' title='bbox 2305 3862 2435 3935; x_wconf 86' lang='lat' dir='ltr'>boc</span> <span class='ocrx_word' id='word_1_284' title='bbox 2472 3858 2690 3932; x_wconf 88' lang='lat' dir='ltr'>Nobis</span> <span class='ocrx_word' id='word_1_285' title='bbox 2738 3859 3042 3945; x_wconf 82' lang='lat' dir='ltr'>suadet;</span> <span class='ocrx_word' id='word_1_286' title='bbox 3086 3865 3233 3928; x_wconf 88' lang='lat' dir='ltr'>tum</span> 
     </span>
     <span class='ocr_line' id='line_1_33' title="bbox 570 3968 3234 4066; baseline -0.001 -26"><span class='ocrx_word' id='word_1_287' title='bbox 570 3971 740 4058; x_wconf 87' lang='lat' dir='ltr'>quia</span> <span class='ocrx_word' id='word_1_288' title='bbox 792 3972 865 4041; x_wconf 91' lang='lat' dir='ltr'>in</span> <span class='ocrx_word' id='word_1_289' title='bbox 921 3990 1003 4044; x_wconf 87' lang='lat' dir='ltr'>ea</span> <span class='ocrx_word' id='word_1_290' title='bbox 1050 3974 1377 4064; x_wconf 87' lang='lat' dir='ltr'>epistola,</span> <span class='ocrx_word' id='word_1_291' title='bbox 1419 3992 1637 4065; x_wconf 87' lang='lat' dir='ltr'>quam</span> <span class='ocrx_word' id='word_1_292' title='bbox 1695 3975 1961 4066; x_wconf 83' lang='lat' dir='ltr'>publici</span> <span class='ocrx_word' id='word_1_293' title='bbox 2001 3976 2170 4047; x_wconf 90' lang='lat' dir='ltr'>iuris</span> <span class='ocrx_word' id='word_1_294' title='bbox 2224 3973 2476 4059; x_wconf 81' lang='lat' dir='ltr'>fecisti,</span> <span class='ocrx_word' id='word_1_295' title='bbox 2520 3979 2898 4062; x_wconf 87' lang='lat' dir='ltr'>postquam</span> <span class='ocrx_word' id='word_1_296' title='bbox 2954 3968 3234 4059; x_wconf 86' lang='lat' dir='ltr'>praedi-</span> 
     </span>
     <span class='ocr_line' id='line_1_34' title="bbox 568 4081 3238 4178; baseline -0.001 -25"><span class='ocrx_word' id='word_1_297' title='bbox 568 4083 658 4153; x_wconf 87' lang='lat' dir='ltr'>cti</span> <span class='ocrx_word' id='word_1_298' title='bbox 713 4081 1206 4157; x_wconf 80' lang='lat' dir='ltr'>Archidiaconi</span> <span class='ocrx_word' id='word_1_299' title='bbox 1261 4086 1335 4157; x_wconf 91' lang='lat' dir='ltr'>in</span> <span class='ocrx_word' id='word_1_300' title='bbox 1387 4088 1776 4158; x_wconf 84' lang='lat' dir='ltr'>saecularis</span> <span class='ocrx_word' id='word_1_301' title='bbox 1836 4085 2233 4178; x_wconf 83' lang='lat' dir='ltr'>presbyteri</span> <span class='ocrx_word' id='word_1_302' title='bbox 2301 4092 2495 4156; x_wconf 86' lang='lat' dir='ltr'>statu</span> <span class='ocrx_word' id='word_1_303' title='bbox 2557 4084 2891 4155; x_wconf 86' lang='lat' dir='ltr'>eximiam</span> <span class='ocrx_word' id='word_1_304' title='bbox 2945 4098 3238 4171; x_wconf 87' lang='lat' dir='ltr'>operam</span> 
     </span>
     <span class='ocr_line' id='line_1_35' title="bbox 565 4191 3239 4285; baseline -0.002 -19"><span class='ocrx_word' id='word_1_305' title='bbox 565 4195 1054 4283; x_wconf 83' lang='lat' dir='ltr'>disertissime,</span> <span class='ocrx_word' id='word_1_306' title='bbox 1096 4204 1175 4269; x_wconf 93' lang='lat' dir='ltr'>ut</span> <span class='ocrx_word' id='word_1_307' title='bbox 1225 4199 1411 4270; x_wconf 87' lang='lat' dir='ltr'>soles</span> <span class='ocrx_word' id='word_1_308' title='bbox 1444 4200 1709 4285; x_wconf 91' lang='lat' dir='ltr'>omnia,</span> <span class='ocrx_word' id='word_1_309' title='bbox 1753 4199 2283 4282; x_wconf 88' lang='lat' dir='ltr'>demonstrasti,</span> <span class='ocrx_word' id='word_1_310' title='bbox 2324 4197 2507 4267; x_wconf 88' lang='lat' dir='ltr'>circa</span> <span class='ocrx_word' id='word_1_311' title='bbox 2544 4195 2759 4265; x_wconf 83' lang='lat' dir='ltr'>finem</span> <span class='ocrx_word' id='word_1_312' title='bbox 2813 4193 3077 4264; x_wconf 86' lang='lat' dir='ltr'>deinde</span> <span class='ocrx_word' id='word_1_313' title='bbox 3113 4191 3239 4261; x_wconf 87' lang='lat' dir='ltr'>ad-</span> 
     </span>
     <span class='ocr_line' id='line_1_36' title="bbox 565 4305 3238 4395; baseline -0.001 -16"><span class='ocrx_word' id='word_1_314' title='bbox 565 4307 720 4379; x_wconf 90' lang='lat' dir='ltr'>dis:</span> <span class='ocrx_word' id='word_1_315' title='bbox 788 4311 873 4380; x_wconf 88' lang='lat' dir='ltr'>Te</span> <span class='ocrx_word' id='word_1_316' title='bbox 907 4310 1155 4381; x_wconf 85' lang='lat' dir='ltr'>habere</span> <span class='ocrx_word' id='word_1_317' title='bbox 1191 4328 1476 4392; x_wconf 72' lang='lat' dir='ltr'>causas,</span> <span class='ocrx_word' id='word_1_318' title='bbox 1511 4329 1641 4382; x_wconf 83' lang='lat' dir='ltr'>cur</span> <span class='ocrx_word' id='word_1_319' title='bbox 1673 4311 1872 4383; x_wconf 82' lang='lat' dir='ltr'>ult-ra</span> <span class='ocrx_word' id='word_1_320' title='bbox 1906 4312 2102 4382; x_wconf 82' lang='lat' dir='ltr'>sinas</span> <span class='ocrx_word' id='word_1_321' title='bbox 2138 4307 2451 4380; x_wconf 83' lang='lat' dir='ltr'>eumdem</span> <span class='ocrx_word' id='word_1_322' title='bbox 2486 4308 2560 4377; x_wconf 85' lang='lat' dir='ltr'>in</span> <span class='ocrx_word' id='word_1_323' title='bbox 2599 4307 2894 4387; x_wconf 84' lang='lat' dir='ltr'>castris,</span> <span class='ocrx_word' id='word_1_324' title='bbox 2931 4305 3030 4377; x_wconf 83' lang='lat' dir='ltr'>ad</span> <span class='ocrx_word' id='word_1_325' title='bbox 3062 4322 3238 4395; x_wconf 81' lang='lat' dir='ltr'>quae</span> 
     </span>
     <span class='ocr_line' id='line_1_37' title="bbox 569 4420 3019 4522; baseline -0 -31"><span class='ocrx_word' id='word_1_326' title='bbox 569 4420 918 4502; x_wconf 82' lang='lat' dir='ltr'>discessit,</span> <span class='ocrx_word' id='word_1_327' title='bbox 954 4421 1294 4494; x_wconf 82' lang='lat' dir='ltr'>militare.</span> <span class='ocrx_word' id='word_1_328' title='bbox 3007 4511 3019 4522; x_wconf 95' lang='lat'>.</span> 
     </span>
    </p>

    <p class='ocr_par' dir='ltr' id='par_1_5' title="bbox 572 4525 3250 4847">
     <span class='ocr_line' id='line_1_38' title="bbox 718 4525 3244 4622; baseline -0.003 -20"><span class='ocrx_word' id='word_1_329' title='bbox 718 4527 952 4602; x_wconf 90' lang='lat' dir='ltr'>Unum</span> <span class='ocrx_word' id='word_1_330' title='bbox 1004 4539 1269 4618; x_wconf 90' lang='lat' dir='ltr'>tamen,</span> <span class='ocrx_word' id='word_1_331' title='bbox 1312 4532 1505 4621; x_wconf 91' lang='lat' dir='ltr'>quod</span> <span class='ocrx_word' id='word_1_332' title='bbox 1556 4529 1711 4603; x_wconf 88' lang='lat' dir='ltr'>Tibi</span> <span class='ocrx_word' id='word_1_333' title='bbox 1750 4532 2110 4622; x_wconf 89' lang='lat' dir='ltr'>praesenti</span> <span class='ocrx_word' id='word_1_334' title='bbox 2165 4537 2376 4602; x_wconf 89' lang='lat' dir='ltr'>antea</span> <span class='ocrx_word' id='word_1_335' title='bbox 2413 4529 2752 4615; x_wconf 83' lang='lat' dir='ltr'>diximus,</span> <span class='ocrx_word' id='word_1_336' title='bbox 2795 4545 2989 4597; x_wconf 91' lang='lat' dir='ltr'>nunc</span> <span class='ocrx_word' id='word_1_337' title='bbox 3021 4525 3244 4597; x_wconf 87' lang='lat' dir='ltr'>etiam</span> 
     </span>
     <span class='ocr_line' id='line_1_39' title="bbox 572 4637 3250 4731; baseline -0.002 -21"><span class='ocrx_word' id='word_1_338' title='bbox 572 4641 835 4728; x_wconf 90' lang='lat' dir='ltr'>scripto</span> <span class='ocrx_word' id='word_1_339' title='bbox 888 4643 1289 4714; x_wconf 84' lang='lat' dir='ltr'>iterandum</span> <span class='ocrx_word' id='word_1_340' title='bbox 1344 4662 1762 4731; x_wconf 85' lang='lat' dir='ltr'>censemus3</span> <span class='ocrx_word' id='word_1_341' title='bbox 1821 4661 1964 4714; x_wconf 91' lang='lat' dir='ltr'>non</span> <span class='ocrx_word' id='word_1_342' title='bbox 2016 4642 2281 4715; x_wconf 87' lang='lat' dir='ltr'>scilicet</span> <span class='ocrx_word' id='word_1_343' title='bbox 2335 4640 2622 4714; x_wconf 88' lang='lat' dir='ltr'>debitae</span> <span class='ocrx_word' id='word_1_344' title='bbox 2658 4659 2824 4730; x_wconf 85' lang='lat' dir='ltr'>erga</span> <span class='ocrx_word' id='word_1_345' title='bbox 2874 4645 2948 4709; x_wconf 90' lang='lat' dir='ltr'>te</span> <span class='ocrx_word' id='word_1_346' title='bbox 2999 4637 3250 4708; x_wconf 88' lang='lat' dir='ltr'>obser·</span> 
     </span>
     <span class='ocr_line' id='line_1_40' title="bbox 577 4750 3247 4847; baseline 0 -29"><span class='ocrx_word' id='word_1_347' title='bbox 577 4753 865 4821; x_wconf 84' lang='lat' dir='ltr'>vantiae</span> <span class='ocrx_word' id='word_1_348' title='bbox 916 4754 1223 4827; x_wconf 73' lang='lat' dir='ltr'>defectui</span> <span class='ocrx_word' id='word_1_349' title='bbox 1275 4754 1735 4828; x_wconf 87' lang='lat' dir='ltr'>tribuendum</span> <span class='ocrx_word' id='word_1_350' title='bbox 1789 4774 1972 4843; x_wconf 89' lang='lat' dir='ltr'>esse,</span> <span class='ocrx_word' id='word_1_351' title='bbox 2012 4755 2204 4845; x_wconf 89' lang='lat' dir='ltr'>quod</span> <span class='ocrx_word' id='word_1_352' title='bbox 2244 4753 2646 4847; x_wconf 78' lang='lat' dir='ltr'>praedictus</span> <span class='ocrx_word' id='word_1_353' title='bbox 2687 4750 3247 4823; x_wconf 77' lang='lat' dir='ltr'>Archidiaconus</span> 
     </span>
    </p>
   </div>
  </div>
 </body>
</html>
