3497 5235
586 291 702 354 394
1334 299 1699 358 hah-notionis
1741 301 1795 359 8.
1824 301 2006 376 Oongr.
2036 302 2182 363 oone.
2222 304 2491 377 expositio.

585 452 623 497 ›
663 435 857 517 runt,
900 428 1160 502 debere
1200 450 1483 505 servare
1521 435 1758 524 quoad
1795 436 2176 507 intervalla
2214 444 2285 510 et
2336 436 2574 525 quoad
2614 441 2865 525 quotas
2901 429 3245 522 praescri·
3343 487 3346 490 .

587 563 625 608 ›
666 546 863 629 ptum
904 538 974 612 S.
1019 540 1228 613 Conc.
1271 562 1429 634 cap.
1477 542 1542 615 1.
1592 548 1777 618 Sess.
1821 547 1891 618 6.
1950 543 2035 618 In
2089 549 2539 620 exsecutione
2613 553 2847 617 autem
2917 540 3244 613 facienda

586 674 624 719 ›
664 668 876 741 super
912 651 1048 722 illis
1085 652 1462 742 fructibuS,
1505 674 1683 746 quos
1721 657 2014 747 quidem
2055 660 2345 749 parochi
2383 678 2509 751 pro
2546 665 2701 730 rata
2740 655 3078 745 temporis
3123 652 3246 723 ab-

588 786 626 831 »
665 763 937 834 sentiae
973 781 1137 834 suos
1173 782 1315 834 non
1352 765 1697 855 fecerunt,
1741 786 1872 840 nec
1908 776 2063 841 tuta
2103 772 2543 842 conscientia
2580 770 2890 853 ‚retinere
2926 770 3238 856 possent,

590 898 629 941 »
669 890 756 945 ex
807 873 1060 945 decret.
1105 893 1261 966 cap.
1306 876 1375 949 4.
1423 880 1603 950 Sess.
1641 879 1765 952 23.
1825 878 1898 975 ἓ.
1945 882 2020 953 Si
2069 884 2261 972 quis,
2312 879 2743 974 Episcopum
2795 897 2938 951 non
2990 877 3247 949 debere

589 1013 629 1060 ›
668 989 869 1078 sequi
923 990 1323 1079 intervalla,
1365 992 1453 1064 de
1497 991 1761 1081 quibus
1819 1013 1975 1085 cap.
2022 992 2090 1065 4.
2140 995 2318 1067 Sess.
2364 995 2434 1067 6.
2480 1020 2517 1059 a>
2560 991 2759 1075 Quod
2814 990 3122 1081 pertinet
3157 986 3252 1058 ad

586 1099 883 1187 fructus,
925 1118 1102 1190 quos
1153 1102 1506 1192 parochus
1570 1104 1830 1177 absens
1881 1123 2025 1176 non
2078 1105 2245 1178 fecit
2293 1125 2503 1192 suos,
2567 1104 2781 1177 iidem
2837 1100 3249 1194 applicandi

584 1217 754 1283 sunt
804 1211 1239 1304 pauperibus
1291 1213 1452 1302 loci,
1493 1220 1617 1287 aut
1669 1215 1982 1288 fabricae
2033 1218 2401 1305 ecclesiae,
2444 1236 2631 1309 quae
2684 1215 3001 1306 quidem,
3055 1215 3113 1285 si
3166 1214 3245 1283 in

584 1340 923 1414 praesens
976 1343 1120 1395 non
1162 1332 1391 1416 egeat,
1434 1331 1666 1416 potest
1716 1333 1956 1399 tamen
1997 1328 2067 1398 in
2122 1328 2273 1399 dies
2326 1329 2646 1419 indigere
2698 1327 2951 1398 saltem
3005 1324 3247 1415 quoad

585 1441 1046 1506 ornamenta:
1107 1436 1274 1507 hinc
1326 1455 1469 1508 non
1508 1438 1667 1510 licet
1707 1435 2058 1529 Episcopo
2110 1441 2396 1512 eosdem
2443 1439 2716 1511 fructus
2769 1440 2843 1509 in
2881 1439 3055 1509 alios
3089 1439 3249 1528 pios

586 1564 759 1617 usus
809 1545 903 1617 ad
954 1565 1160 1617 suum
1225 1547 1506 1619 libitum
1571 1558 2005 1621 convertere.
2074 1546 2203 1643 (S.
2270 1550 2613 1643 Congreg.
2670 1550 2932 1623 Concil.
2998 1551 3114 1622 die
3168 1550 3243 1622 8.

587 1651 752 1727 lun.
800 1656 1014 1727 1624.
1056 1653 1323 1728 Girald.
1368 1659 1498 1731 loc.
1541 1657 1727 1756 cit.).

732 1770 900 1842 240.
945 1767 1245 1842 Causam
1288 1773 1735 1863 spoletanam
1773 1775 1976 1845 Priv.
2004 1793 2286 1865 paroec.
2322 1780 2569 1867 utpote
2605 1793 2745 1845 non
2783 1776 2922 1847 levi
2959 1773 3247 1846 utilitati

587 1877 956 1972 Episcopis
1008 1884 1081 1953 in
1135 1884 1614 1971 peculiaribus
1650 1888 1882 1957 causis
1935 1893 2123 1958 certo
2161 1886 2502 1973 futuram,
2558 1887 2841 1975 plenius
2890 1902 3244 1976 exponere

585 1993 721 2065 hoc
772 1995 921 2066 loco
975 2013 1229 2087 operae
1282 1997 1588 2086 pretium
1640 1993 2095 2068 arbitramur.
2163 1997 2748 2089 Archiepiscopus
2819 1996 3246 2088 Spoletanns

585 2107 866 2179 cuidam
907 2107 1212 2198 parocho
1264 2126 1436 2179 suae
1474 2109 1873 2181 dioeceseos
1909 2116 2068 2202 post
2104 2117 2538 2201 opportunas
2578 2110 3001 2201 praemissas
3058 2126 3241 2179 com-

587 2220 1040 2305 minationeS,
1091 2221 1382 2292 ineunte
1435 2240 1624 2292 anno
1682 2222 1896 2293 1840.
1952 2222 2185 2312 reipsa
2238 2220 2632 2292 abstulerat
2683 2219 3237 2290 administratio-

587 2349 752 2402 nem
804 2330 1150 2403 bonorum
1204 2338 1277 2403 et
1326 2351 1564 2404 curam
1619 2335 2018 2404 animarum
2071 2333 2160 2405 ob
2206 2332 2485 2422 aliquas
2537 2332 3069 2403 criminationes
3120 2349 3233 2401 cu-

587 2443 735 2531 riae
786 2450 1030 2515 contra
1085 2446 1316 2533 ipsum
1367 2445 1671 2517 delatas.
1734 2441 2115 2532 Parochus‚
2177 2443 2574 2515 inconsulto
2650 2442 3228 2534 Archiepiscop0‚

587 2550 889 2627 Romam
941 2557 1250 2647 perrexit
1300 2558 1454 2629 iura
1507 2576 1634 2628 sua
1687 2564 2216 2647 persecuturus.
2268 2552 2532 2628 Eodem
2588 2553 2913 2641 absente,
2959 2552 3237 2625 Archie·

587 2672 918 2763 piscopus
971 2689 1098 2760 per
1148 2671 1458 2742 edictum
1514 2670 1602 2742 ad
1656 2668 1995 2742 ecclesiae
2049 2670 2290 2740 valvas
2344 2667 2434 2739 ad
2498 2667 2954 2738 residendum
3009 2667 3234 2757 ipsum

590 2783 965 2856 revocavit.
1013 2779 1239 2853 Primo
1271 2781 1466 2853 siluit
1502 2781 1883 2871 parochuS,
1924 2788 2021 2867 at,
2067 2781 2464 2851 instaurato
2516 2778 2772 2865 edicto,
2814 2797 2940 2868 per
2990 2796 3236 2868 procu-

588 2902 895 2967 ratorem
931 2896 1349 2984 comparuit.
1395 2892 1565 2965 Cum
1601 2898 1842 2964 tamen
1893 2892 2361 2983 personaliter
2396 2890 2647 2962 abesse
2688 2895 3041 2980 pergeret,
3082 2895 3236 2960 tan-

590 3007 780 3096 dem,
821 3010 1126 3079 exeunte
1179 3004 1372 3097 Sept.
1416 3005 1733 3077 eiusdem
1789 3005 1960 3075 anni
2017 3004 2261 3090 1840„
2320 2999 2641 3073 Vicarius
2693 2997 3058 3072 Generalis
3104 3018 3235 3069 sua

591 3120 949 3191 sententia
985 3119 1309 3191 eumdem
1349 3118 1675 3205 paroecia
1712 3117 2040 3206 privavit.
2085 3114 2307 3186 Causa
2355 3113 2548 3204 apud
2601 3110 2673 3183 S.
2717 3111 2792 3184 C.
2836 3112 3043 3185 Conc.
3082 3128 3242 3202 pro-

587 3231 847 3321 posita,
887 3229 1270 3302 obiiciebat
1319 3230 1699 3320 parochus,
1740 3226 2096 3300 vicarium
2150 3225 2565 3301 Generalem
2618 3227 2910 3319 speciali
2956 3225 3244 3298 'Archie-

588 3342 859 3431 piscopi
914 3342 1249 3412 mandato
1303 3341 1613 3412 caruisse
1666 3334 1892 3434 (quod
1947 3342 2421 3412 necessarium
2474 3358 2628 3411 esse
2680 3340 2888 3411 docet
2949 3339 3242 3411 Thesau-

591 3471 746 3534 rus,
782 3453 863 3524 de
893 3471 1098 3541 poen.
1132 3472 1210 3543 p.
1255 3452 1348 3524 11.
1404 3451 1479 3522 V.
1527 3452 1931 3524 Residentia
1982 3473 2041 3524 c.
2081 3452 2156 3522 2.
2198 3470 2283 3523 ex
2321 3451 2779 3522 communiori
2822 3444 3236 3542 sententia),

590 3570 740 3636 tum
795 3564 1239 3654 personalem
1275 3564 1412 3634 sibi
1466 3564 1873 3635 citationem
1912 3582 2053 3634 non
2093 3564 2310 3635 fuisse
2363 3561 2652 3648 factam,
2692 3568 2763 3633 et
2817 3579 2958 3632 non
2997 3576 3246 3649 exspe-

591 3682 862 3747 ctatum
914 3694 1036 3748 sex
1092 3678 1439 3747 mensium
1475 3677 1785 3766 spatium
1840 3683 2000 3768 post
2034 3675 2493 3763 sententiam,
2535 3693 2619 3745 ac
2669 3674 2961 3745 tandem
3013 3671 3245 3744 crimi-

597 3787 922 3858 nationes
976 3789 1338 3878 appositas
1407 3789 1516 3859 vel
1570 3788 1787 3859 falsas
1840 3789 1946 3859 vel
2003 3788 2404 3862 inefficaces
2454 3789 2546 3860 ad
2600 3788 3045 3879 irrogandam
3096 3787 3245 3876 pri-

595 3898 950 3969 vationem
1006 3897 1251 3969 videri.
1312 3894 1566 3990 Itaque
1618 3900 1733 3970 die
1786 3901 1904 3971 23.
1970 3899 2222 3990 Aprilis
2280 3899 2508 3970 1842.
2569 3902 2926 3991 proposito
2978 3898 3237 3972 dubio:

599 4034 636 4077 <n
681 4011 783 4082 An
821 4016 890 4081 et
926 4012 1277 4101 quomodo
1315 4013 1668 4083 sententia
1706 4014 1945 4085 curiae
1975 4012 2595 4103 archiepiscopalis
2630 4014 2722 4084 sit
2759 4010 3249 4085 confirmanda

596 4146 635 4189 »
676 4122 786 4193 vel
845 4121 1321 4196 infirmanda?
1363 4150 1398 4193 s
1473 4121 1545 4193 S.
1586 4122 1801 4216 Cong.
1862 4123 2269 4214 respondit:
2333 4146 2369 4189 ‹
2409 4120 2747 4215 Negative
2801 4126 2892 4196 ad
2945 4125 3250 4214 primam

594 4258 632 4303 ›
672 4242 972 4324 partem,
1016 4235 1439 4308 affirmative
1492 4236 1584 4307 ad
1632 4236 2048 4307 secundam.
2078 4259 2115 4300 ι»
2158 4231 2542 4324 impetrato
2581 4253 2804 4307 novae
2841 4235 3253 4306 audientiae

589 4344 979 4433 beneficiO,
1047 4353 1116 4418 et
1169 4367 1381 4420 causa
1438 4350 1693 4419 iterum
1760 4347 2116 4437 proposita
2168 4345 2283 4416 die
2337 4346 2456 4415 29.
2518 4341 2657 4416 Iul.
2721 4347 2973 4435 1843.,·
3024 4343 3094 4415 S.
3160 4342 3241 4416 C.

592 4478 631 4521 ‹
670 4459 866 4530 stetit
918 4459 990 4528 in
1045 4459 1300 4530 decisis
1352 4466 1421 4530 et
1476 4459 1806 4549 amplius.
1855 4482 1890 4525 s
1930 4454 2277 4538 Quoniam
2328 4474 2494 4528 vero
2546 4458 2896 4548 parochus
2944 4461 3097 4549 post
3141 4456 3250 4525 vi-

588 4568 880 4635 ctoriam
932 4586 1077 4637 non
1131 4587 1241 4655 ea,
1286 4588 1429 4658 qua
1480 4570 1710 4658 decet,
1754 4569 2150 4641 reverentia
2204 4586 2367 4658 erga
2420 4568 3029 4663 Archiepiscopum
3074 4585 3259 4639 sese

590 4682 929 4764 gesserat,
972 4675 1190 4748 Sacra
1224 4678 1686 4770 Congregatio
1723 4678 2043 4751 addidit:
2091 4701 2127 4743 (ι
2169 4683 2957 4771 moneatur-parochuS,
2995 4686 3065 4750 ut
3114 4698 3261 4751 an-
