3497 5235
549 272 668 334 270
1295 257 1664 331 minutioni·
1704 272 1758 330 8.
1786 270 1970 346 (longe.
1998 270 2145 329 (lone.
2184 231 2456 347 expositio.

552 433 591 477 2>
621 407 920 500 pendice
969 407 1044 478 al
1095 408 1564 499 reqolamento
1597 408 1933 500 orqanico
1974 426 2106 498 per
2156 426 2407 480 norma
2442 406 2619 480 delle
2652 405 2842 479 curie
2891 404 3215 478 ecclesia-

551 543 590 589 »
628 519 844 592 stiche
895 519 1085 590 nella
1110 518 1507 610 procedura
1543 518 1920 591 criminale
1961 519 2278 591 eiusdem
2314 519 2456 591 diei
2497 543 2567 607 ι»,
2609 536 2691 591 ac
2743 516 3035 589 tandem
3071 512 3217 587 Ho-

548 636 666 702 tus
716 631 1045 721 proprius
1079 629 1220 702 diei
1261 630 1375 702 10.
1417 626 1836 702 Novembris
1877 630 2089 702 1834.
2132 649 2173 701 a
2210 648 2266 701 s.
2311 648 2408 701 m.
2449 627 2784 722 Gregorio
2819 624 3009 700 XVI.
3052 644 3216 718 pro-

549 742 937 834 mulgatuS.

696 987 734 1030 ι
774 961 904 1036 ΙΧ.
947 963 1055 1036 An
1106 964 1400 1056 aliquod
1449 964 1651 1056 pium
1702 982 1882 1055 opus
1933 964 2285 1057 peregerit
2337 982 2465 1056 pro
2517 963 2844 1053 ecclesia,
2903 980 3033 1055 pro
3084 980 3216 1055 po-

552 1098 591 1139 »
628 1076 826 1167 pulO,
866 1082 991 1150 aut
1042 1094 1169 1169 pro
1221 1076 1431 1149 cler0.
1475 1101 1514 1145 2>

677 1328 1097 1393 Summarum.
1121 1329 1276 1393 259.
1303 1323 1837 1392 coniecturaliter
1863 1324 2178 1402 innuitur,
2210 1343 2371 1410 quae
2396 1343 2551 1391 vere
2578 1322 2770 1390 suerit
2793 1320 3212 1389 Bened.X111.

541 1445 721 1494 mens
756 1429 820 1493 in
852 1427 968 1494 hac
1002 1429 1373 1514 quaestione
1399 1427 1733 1516 Episcopis
1764 1427 2207 1515 proponenda.
2228 1464 2273 1476 -
2297 1430 2447 1494 260.
2481 1426 2904 1516 Indigitantur
2931 1425 3218 1512 exempli

539 1529 739 1617 gratia
784 1530 1117 1616 speciatim
1164 1532 1469 1598 nonnulla
1517 1549 1736 1618 opera,
1795 1549 1959 1615 quae
2008 1530 2073 1595 in
2117 1529 2239 1595 hoc
2286 1530 2580 1607 articulo,
2618 1540 2690 1595 ut
2721 1529 3102 1615 plurimum,
3140 1527 3216 1595 ab

542 1632 871 1721 Episcopis
918 1632 1267 1699 renuntiari
1316 1633 1546 1700 solent.

690 1868 860 1940 259.
904 1864 977 1938 Si
1014 1865 1176 1956 quis
1208 1867 1284 1937 in
1319 1865 1727 1937 universam
1763 1862 2036 1937 Bened.
2071 1857 2277 1934 XIII.
2320 1859 2874 1935 Instructionem
2910 1880 3060 1934 uno
3093 1879 3216 1934 ve-

544 1978 677 2051 luti
730 1979 997 2050 intuitu
1031 1978 1272 2049 oculos
1325 1978 1772 2064 converterit,
1814 1975 2005 2047 facili
2038 1975 2325 2067 negotio
2362 1973 2675 2066 protecto
2719 1974 3009 2061 sentiet,
3052 1973 3217 2046 nul-

544 2090 688 2162 lam
743 2108 899 2162 esse
953 2097 1226 2182 partem
1278 2088 1801 2180 procurationis
1854 2087 2303 2177 episcopaliS,
2360 2087 2475 2158 cui
2526 2092 2719 2158 certa
2770 2085 2948 2157 inibi
3000 2085 3214 2157 sedes

545 2201 893 2275 attributa
946 2220 1093 2273 nou
1143 2201 1392 2289 fuerit3
1449 2202 1597 2272 sive
1651 2201 1844 2271 enim
1898 2205 2130 2273 status
2181 2199 2611 2278 materialis,
2655 2214 2868 2286 quem
2923 2202 3211 2283 vocant,

542 2312 690 2384 sive
741 2313 1071 2405 formalis
1124 2313 1637 2401 consideretur,
1677 2312 1963 2403 singula
2016 2330 2252 2383 rerum
2306 2328 2389 2381 ac
2457 2327 2920 2401 personarum
2972 2328 3217 2380 sacra-

543 2442 702 2495 rum
756 2425 989 2516 capita
1042 2425 1468 2496 articulatim
1522 2427 1621 2496 ita
1680 2423 2041 2495 cumulate
2076 2421 2594 2513 praelibantur,
2635 2426 2716 2492 ut
2767 2420 2974 2508 nihil,
3019 2418 3217 2511 quod

545 2533 638 2605 ad
674 2551 821 2606 rem
857 2535 1234 2629 pertineat,
1277 2535 1561 2628 fugerit,
1605 2543 1675 2609 et
1712 2534 2247 2606 inobservatum
2274 2534 2598 2605 abiverit.
2621 2528 2959 2614 Quocirca
2990 2549 3218 2623 quae-

543 2644 679 2716 stio
731 2645 1028 2753 isthaec,
1071 2667 1166 2719 an
1218 2643 1677 2744 (Episcopus)
1730 2647 2018 2739 aliquod
2060 2648 2263 2739 pium
2313 2667 2478 2739 opus
2524 2646 2867 2739 pereqerit
2915 2665 3054 2737 pro
3104 2665 3217 2718 ec-

542 2755 784 2846 clesia,
815 2778 952 2850 pro
978 2760 1268 2850 populo,
1304 2767 1429 2831 aut
1455 2779 1591 2851 pro
1642 2760 1859 2842 clero,
1897 2759 2421 2850 quodammodo
2457 2758 2821 2849 superflua
2871 2764 2943 2830 et
2980 2758 3214 2829 otiosa

540 2865 841 2940 fortasse
895 2870 1277 2943 videbitur.
1319 2866 1406 2944 Id
1458 2873 1648 2943 enim
1704 2871 1997 2944 cuilibet
2051 2869 2371 2943 Antistiti
2423 2871 2510 2942 iis
2579 2870 2749 2942 locis
2801 2868 3210 2942 describere

541 2978 838 3068 planum
890 2988 958 3053 et
1010 2981 1299 3054 obvium
1353 2988 1511 3072 est,
1577 2984 1650 3053 in
1704 2983 1969 3072 quibus
2020 2982 2108 3053 de
2165 2981 2461 3055 ecclesia
2494 3034 2513 3071 ,
2578 2982 2843 3073 populo
2895 2987 2966 3053 et
3019 2981 3211 3053 clero

543 3088 778 3180 deque
831 3092 916 3162 iis
966 3093 1210 3182 rebus,
1268 3111 1452 3182 quae
1507 3093 2045 3184 quomodolibet
2098 3112 2181 3166 eo
2229 3090 2688 3182 referuntur,
2753 3094 3213 3186 peculiariter

541 3202 802 3292 agitur.
866 3202 949 3275 At
1000 3223 1165 3277 vero
1233 3205 1625 3278 absurdum
1681 3206 1946 3278 etimo
1997 3207 2413 3278 iniuriosum
2477 3207 3068 3295 existimaverim,
3126 3212 3216 3278 ut

540 3311 696 3383 sine
746 3321 941 3386 certa
993 3322 1065 3388 et
1117 3318 1313 3408 gravi
1368 3336 1585 3389 causa
1637 3318 1710 3388 id
1764 3318 2204 3408 praestitisse
2258 3318 2589 3392 dicantur
2637 3319 2769 3390 viri
2820 3320 3214 3410 sapientia,

540 3421 862 3495 doctrina
899 3432 970 3497 et
1006 3428 1425 3501 auctoritate
1464 3429 2096 3520 praestantissimi,
2140 3429 2389 3520 quales
2426 3436 2630 3501 erant
2664 3426 3212 3517 LambertinuS,

541 3534 665 3622 qui
716 3530 1266 3610 Instructiouem
1320 3541 1770 3631 conscripsit,
1804 3526 2056 3612 'Patres
2107 3539 2398 3615 Concilii
2460 3537 2814 3631 Romani,
2875 3543 3000 3633 qui
3051 3559 3220 3638 eam

538 3662 667 3715 sua
705 3650 1061 3721 sententia
1097 3659 1546 3741 receperunt,
1587 3660 1657 3725 et
1695 3652 2008 3743 donique
2044 3671 2105 3723 s,
2140 3672 2235 3724 m.
2275 3650 2548 3726 Bened.
2581 3648 2823 3741 XIIL,
2866 3654 2992 3744 qui
3025 3649 3221 3724 Pon-

538 3756 757 3828 tificia
793 3762 1216 3835 auctoritate
1250 3764 1783 3855 comprobatam
1831 3765 2146 3856 evulgari
2197 3771 2268 3836 et
2318 3762 2777 3837 Praesulibus
2815 3763 3217 3856 praescribi

537 3867 786 3940 voluit.
827 3866 1023 3943 Haec
1075 3873 1244 3944 mihi
1298 3893 1813 3965 saepenumero
1868 3877 2204 3968 cogitanti
2259 3877 2438 3949 illud
2480 3878 2676 3949 venit
2729 3878 2806 3947 in
2858 3881 3212 3961 mentem,

539 3997 622 4051 eo
674 3983 965 4055 consilio
1018 3985 1234 4057 talem
1286 3987 1384 4059 ibi
1439 3990 1934 4077 quaestionem
1988 3988 2206 4060 fuisse
2259 3990 2694 4078 institutam,
2754 3995 2833 4062 ut
2886 3986 3219 4080 perbelle

538 4109 622 4164 ac
674 4111 801 4184 per
850 4094 1036 4166 viam
1094 4097 1308 4169 veluti
1370 4099 1738 4189 obliquam
1794 4099 2165 4173 Antistites
2218 4101 2762 4174 incitamentum
2838 4098 3219 4191 quoddam

535 4203 915 4294 haberent,
955 4214 1036 4279 ut
1088 4228 1302 4300 supra
1355 4210 1456 4299 id,
1501 4210 1694 4300 quod
1747 4211 2105 4283 ordinario
2149 4213 2323 4304 ipsis
2377 4212 2762 4305 gerendum
2819 4208 3216 4296 incumbit,

534 4318 1093 4392 extraordinario
1130 4321 1420 4413 aliquod
1456 4322 1746 4394 salubre
1800 4341 1979 4414 opus
2016 4324 2088 4394 in
2126 4324 2511 4396 utilitatem
2561 4324 2979 4395 dioeceseon
3013 4322 3231 4409 ipso-

531 4446 688 4499 rum
741 4449 954 4503 curae
990 4433 1419 4506 creditarum
1456 4442 1937 4525 capesserent.
1976 4432 2151 4506 Cum
2204 4435 2394 4507 enirn
2431 4452 2808 4527 progressu
2861 4430 3227 4521 temporis

532 4554 759 4612 novae
812 4543 888 4612 in
940 4532 1104 4616 dies'
1167 4546 1630 4617 necessitates
1709 4546 1930 4617 sacris
1982 4545 2197 4618 rebus
2249 4566 2331 4617 ac
2384 4546 2704 4638 personis
2759 4543 3164 4617 obveniant
3196 4594 3225 4632 ‚

533 4660 1146 4743 peropportunum
1196 4663 1383 4729 certe
1437 4658 1719 4745 accidit,
1762 4663 1842 4730 ut
1878 4659 1951 4729 in
2005 4665 2320 4749 tempore
2368 4677 2498 4753 per
2533 4657 2792 4731 idonea
2838 4652 3235 4749 praesidia
