3497 5235
659 281 779 343 212
1404 285 1772 343 Iusti-notionis
1815 285 1867 341 S.
1898 285 2081 359 (longr.
2111 285 2258 344 Ocno.
2299 288 2568 363 expositio.

656 422 793 494 lico
845 418 1104 493 Montis
1163 420 1386 507 videi,
1430 422 1703 492 adiecta
1761 422 2169 492 conditione
2219 416 2473 514 (quam
2525 424 2595 494 S.
2646 422 2850 493 Sedis
2902 422 3280 511 disciplinae

655 553 1040 607 consonam
1077 552 1230 605 esse
1268 535 1472 606 docet
1525 532 1795 606 Bened.
1841 530 2029 603 xlv,
2074 536 2203 607 loc.
2248 537 2370 607 cit.
2413 555 2569 625 cap.
2609 534 2682 607 8.
2727 556 2801 605 n.
2842 533 2980 625 2.),
3022 542 3100 605 ut
3133 535 3283 605 chri-

653 666 803 718 sma
835 647 1207 718 adhiberet
1237 665 1278 716 a
1315 646 1662 717 catholico
1695 646 2029 718 Antistite
2067 647 2494 719 coniectum.
2530 645 2899 718 Praedicta
2935 664 3021 717 ex
3056 647 3279 737 Reqesl.

651 759 970 830 eiusdem
1025 756 1096 828 S.
1138 754 1212 827 C.
1256 758 1428 828 anni
1487 760 1700 829 1838.
1747 776 1819 827 n.
1867 759 1980 829 10.
2024 766 2212 848 part.
2255 755 2315 828 1.

805 870 967 941 130.
1014 868 1347 939 Summus
1383 866 1734 955 Pontifex,
1779 869 2169 941 accedente
2204 870 2392 941 iusta
2439 887 2683 958 causa,
2726 868 3115 959 aliquando
3146 865 3283 959 Epi-

651 982 882 1071 scopis
934 978 1344 1051 facultatem
1398 979 1567 1053 lacit
1621 982 2048 1071 designandi
2104 981 2646 1071 deputandique
2700 982 3134 1053 sacerdotem
3184 981 3286 1051 ali-

650 1109 866 1180 quem
919 1092 1358 1163 saecularem
1410 1101 1548 1162 seu·
1588 1094 2026 1182 regularem,
2089 1092 2210 1181 qui
2265 1092 2416 1163 oleo
2470 1094 2559 1164 ab
2615 1095 2915 1185 ipsomet
2969 1090 3285 1184 Episcopo

645 1202 1021 1273 benedicto
1057 1203 1306 1273 fideles
1355 1204 1751 1291 confirmet,
1818 1223 1950 1274 ceu
2010 1221 2165 1275 sese
2218 1202 2470 1276 secisse
2539 1205 2744 1276 docet
2796 1203 3065 1276 Bened.
3121 1200 3282 1274 XIV.

648 1314 778 1385 loc.
821 1316 941 1385 cit.
985 1316 1103 1385 lib.
1152 1316 1354 1386 XIII.
1397 1335 1555 1405 cap.
1602 1315 1718 1387 15.
1764 1335 1839 1386 n.
1886 1315 1957 1387 1.

798 1428 961 1497 131.
1002 1423 1189 1497 Nulli
1228 1424 1580 1517 Episcopo
1610 1428 1769 1497 lieet
1799 1446 1886 1499 ex
1913 1424 2122 1498 Conc.
2160 1423 2351 1497 Trid.
2391 1430 2570 1501 8333.
2598 1427 2667 1499 6.
2702 1447 2764 1499 c.
2789 1430 2861 1499 5.
2896 1428 2979 1499 de
3004 1430 3282 1516 Reform.

644 1536 1083 1609 Pontificalia
1138 1556 1465 1609 exercere
1520 1539 1590 1607 in
1636 1538 1872 1609 aliena
1926 1540 2255 1626 dioecesi,
2302 1539 2437 1609 nisi
2492 1538 2580 1610 de
2618 1558 2950 1629 expressa
3005 1537 3283 1611 Ordina-

640 1651 724 1719 rii
779 1650 911 1720 loci
967 1649 1279 1720 licentia.
1321 1648 1491 1721 Cum
1531 1650 1776 1739 itaque
1831 1651 2269 1722 consecratio
2307 1650 2755 1723 charismatis
2807 1659 2877 1723 et
2928 1650 3288 1723 Confirma-

636 1763 854 1833 tionis
891 1762 1415 1832 administratio
1451 1762 1638 1833 inter
1668 1760 2110 1832 pontificalia
2148 1770 2652 1834 recenseantur
2681 1758 2819 1852 (1),
2850 1764 3198 1851 sequitur,
3228 1771 3285 1836 ut

636 1869 1032 1965 Episcopus
1087 1880 1417 1944 neutrum
1471 1892 1679 1964 agere
1731 1874 1990 1945 debeat
2045 1875 2117 1944 in
2172 1874 2475 1943 dioecesi
2534 1894 2673 1944 non
2727 1895 2883 1955 sua,
2947 1877 3081 1946 nisi
3134 1875 3289 1946 haec

639 1986 731 2055 ab
786 1980 1160 2056 Ordinatio
1215 1986 1346 2056 loci
1401 1985 1538 2056 sibi
1594 1986 1795 2076 copia
1854 1985 2039 2058 iacta
2105 1985 2362 2075 suerit3
2424 1984 2725 2071 (Bened.
2771 1982 2957 2055 xlv,
3010 1987 3138 2057 loc.
3180 1989 3284 2057 cit.

638 2098 759 2167 lib.
804 2097 1004 2168 XIII.
1048 2116 1205 2186 cap.
1252 2095 1367 2168 19.
1413 2117 1487 2167 η.
1530 2093 1642 2189 5.)
1699 2115 1933 2186 neque
1987 2098 2203 2168 etiam
2259 2099 2329 2167 in
2386 2098 2707 2183 abbatia,
2751 2099 2857 2167 vel
2903 2098 3285 2187 praelatura

638 2209 959 2290 Ναῑίἱαε,
997 2216 1074 2280 ut
1111 2209 1500 2280 declaravit
1538 2207 1608 2280 S.
1644 2208 1715 2282 C.
1752 2207 1961 2281 Conc.
1997 2211 2070 2280 iu
2099 2210 2385 2281 Nullms
2424 2212 2497 2281 2.
2538 2210 2713 2300 Aug.
2755 2210 2967 2279 1595.
3002 2207 3193 2303 (Lib.
3222 2211 3282 2282 8.

639 2322 892 2393 decret.
927 2342 1096 2413 paq.
1144 2317 1380 2418 183).

791 2433 953 2502 132.
1001 2432 1215 2503 Aliter
1260 2453 1421 2505 vero
1473 2453 1548 2506 se
1603 2434 1823 2507 babet
1862 2436 1951 2507 de
1988 2437 2327 2521 ecclesiis,
2373 2436 2639 2525 quibus
2676 2436 3015 2525 competit
3067 2456 3292 2508 exem-

634 2543 783 2633 ptio
837 2545 1105 2633 primae
1156 2551 1227 2615 et
1280 2546 1636 2617 secundae
1690 2548 1977 2637 speciei.
2023 2543 2181 2617 Vid.
2222 2566 2285 2620 c.
2330 2543 2388 2616 1.
2441 2546 2516 2641 g.
2560 2549 2631 2619 3.
2692 2568 2764 2619 n.
2809 2549 2929 2619 26.
2976 2567 3138 2640 pag.
3180 2549 3283 2621 60.

629 2656 845 2728 huius
889 2658 1294 2730 voluminis.
1353 2655 1438 2729 In
1494 2661 1578 2731 iis
1630 2661 1821 2730 enim
1875 2658 2294 2751 Episcopus,
2338 2663 2540 2763 cuius
2579 2663 2648 2731 in
2689 2661 2991 2732 dioecesi
3033 2663 3287 2751 positae

625 2776 796 2840 sunt
852 2769 1246 2840 istiusmodi
1284 2770 1652 2857 ecclesiae,
1710 2778 1944 2863 potest
1997 2768 2442 2844 Pontificalia
2496 2791 2822 2843 exercere
2875 2791 2962 2843 ex
3019 2775 3287 2844 decreto

626 2878 699 2951 S.
727 2878 798 2953 C.
830 2878 1068 2972 Episc.
1112 2887 1181 2952 et
1219 2878 1475 2972 Regul.
1518 2882 1657 2952 diei
1704 2884 1820 2954 10.
1856 2880 2013 2954 lan.
2054 2884 2298 2969 1603..
2335 2883 2526 2972 quod
2563 2884 2881 2955 referunt
2918 2881 3290 2974 Fagnanus

624 2999 695 3064 et
731 2991 1090 3064 Giraldius
1116 2994 1245 3064 loc.
1273 2995 1394 3065 cit.
1438 2989 1869 3067 Nominatim
1909 3014 2073 3066 vero
2103 2995 2192 3066 de
2222 2993 2769 3067 Confirmatione
2808 2989 3076 3066 Bened.
3106 2991 3283 3066 xlv,

623 3105 698 3174 in
734 3102 1030 3175 Constit.
1073 3106 1483 3177 Firmandis
1523 3108 1592 3177 6.
1627 3103 1804 3176 Nov.
1839 3107 2051 3177 1744.
2083 3104 2157 3200 §-
2186 3108 2254 3177 7.
2298 3107 2436 3178 ita:
2484 3129 2520 3173 ‹
2547 3107 2685 3178 Sed
2723 3113 2794 3177 et
2834 3107 2905 3175 in
2945 3107 3098 3197 ipso
3132 3106 3289 3175 visi-

628 3239 666 3284 »
710 3216 995 3286 tationis
1049 3235 1286 3305 cursu,
1330 3225 1547 3307 atque
1585 3220 1799 3289 etiam
1840 3224 2037 3289 extra
2077 3219 2271 3288 illam
2325 3218 2543 3307 aliqui
2585 3216 2979 3309 Regulares
3013 3218 3100 3289 de
3133 3236 3289 3288 suo-

629 3353 667 3395 »
707 3346 862 3398 rum
904 3328 1425 3418 privilegiorum
1478 3335 1547 3400 et
1598 3332 2134 3420 exemptionum
2190 3330 2659 3402 indemnitate
2704 3331 2865 3421 plus
2902 3331 3120 3400 nimio
3153 3329 3290 3400 sol-

626 3462 663 3507 ›
706 3439 875 3509 liciti
915 3437 1103 3510 banc
1139 3437 1509 3531 Episcopis
1562 3442 2110 3512 controversiam
2167 3449 2565 3526 moverunt,
2626 3447 2862 3512 utum
2923 3442 3006 3512 iis
3057 3442 3287 3512 liceret

623 3573 660 3615 »
702 3550 775 3619 in
817 3551 1128 3639 ipsorum
1166 3547 1628 3641 Regularium
1665 3553 1977 3624 ecclesiis
2019 3554 2165 3623 sive
2205 3553 2759 3644 parochialibus,
2802 3553 2949 3624 sive
2989 3573 3123 3623 non
3165 3571 3291 3641 pa-

621 3684 658 3726 »
699 3662 1172 3749 monialibus,
1241 3661 1778 3735 Sacramentum
1843 3661 2413 3735 Confirmationis
2475 3665 3021 3750 administrare3
3101 3679 3284 3750 quae

615 3796 653 3838 2>
695 3775 987 3861 quidem
1023 3777 1495 3845 controversia
1529 3776 1596 3846 in
1629 3774 2188 3866 Congrcgatione
2226 3773 2471 3862 Conc.‚
2512 3775 2840 3867 partibus
2877 3775 3285 3866 plenissime

611 3908 650 3952 ›
691 3887 983 3972 auditi3‚
1026 3904 1150 3976 pro
1204 3884 1572 3978 Episcopis
1627 3889 1864 3958 decisa
1920 3886 2079 3970 suit,
2124 3887 2727 3975 quemadmodum
2782 3896 2853 3958 et
2907 3906 3035 3958 nos
3077 3902 3290 3977 gene·

613 4021 651 4063 2>
693 3999 934 4070 raliter
986 4004 1056 4069 et
1107 3999 1260 4069 sine
1316 4001 1731 4090 exceptione
1787 3998 2115 4069 eamdem
2168 3999 2579 4069 delinimus.
2627 4023 2662 4065 »

749 4253 829 4327 (1)
871 4258 983 4309 Sub
1021 4257 1439 4307 Pontificalium
1481 4257 1695 4306 nomine
1738 4259 1959 4319 praeter
1984 4255 2249 4306 Ordinum
2288 4255 2641 4305 collationem
2683 4252 2876 4302 venire
2908 4254 3129 4316 primam
3160 4255 3297 4298 tun-

609 4357 814 4405 suram,
858 4344 1301 4393 consecrationes
1341 4358 1620 4404 vasorum,
1665 4343 2045 4404 ecclesiarum,
2090 4343 2408 4404 Virgiuum‚
2452 4341 2784 4390 chrismatis
2813 4352 2866 4388 et
2897 4337 3299 4394 Contiimatio-

608 4441 748 4489 nem,
795 4441 1000 4476 necnon
1041 4427 1477 4477 benedictionem
1518 4427 1762 4475 vestium
1788 4429 1842 4475 et
1869 4426 2271 4488 corporaliuin3
2317 4426 2451 4474 item
2492 4440 2679 4473 omnes
2718 4432 2877 4474 artus
2908 4421 3292 4474 sacerdotales

604 4511 928 4560 exercendos
967 4527 1086 4561 eum
1125 4519 1400 4577 apparatu
1441 4511 1783 4573 Pontificali‘,
1833 4512 1999 4560 mitra.
2040 4509 2305 4560 videlicet
2333 4513 2389 4559 et
2419 4511 2614 4559 baculo
2642 4512 2937 4574 pastorali,
2987 4521 3109 4573 puta
3140 4505 3290 4556 Mis-

604 4613 722 4648 sam
761 4598 984 4662 aliaque
1023 4600 1220 4649 divina
1261 4600 1453 4660 officia,
1501 4599 1763 4648 Doctores
1802 4598 2164 4648 communiter
2203 4596 2396 4647 docent
2449 4593 2759 4665 (Gir-aldi,
2805 4597 3094 4662 Expositio
3131 4591 3297 4642 iuris

600 4684 908 4747 Pontifleii,
953 4689 1101 4749 part.
1133 4684 1211 4736 11.
1256 4688 1394 4735 sect.
1423 4678 1561 4753 21.).
