3497 5235
609 266 730 332 3¹0
1368 258 1738 318 hutz-notioni·
1779 258 1834 317 fl.
1862 258 2045 334 Gom.
2072 258 2218 318 00110.
2258 259 2531 334 expo-itio:

768 403 889 474 79.
931 395 1090 472 Non
1125 415 1283 469 raro
1320 394 1692 486 contingit,
1734 400 1815 466 ut
1849 411 2068 486 penes
2100 391 2506 484 Capitulum
2543 394 2848 467 resideat
2883 394 3251 469 habitualis

612 506 1268 605 animarumss'cura,
1328 508 1425 580 ita
1477 513 1559 578 ut
1610 505 1913 577 actualis
1966 525 2093 597 per
2143 505 2461 595 aliquem
2496 507 2585 579 de
2620 526 2744 579 suo
2781 509 3073 599 gremio,
3130 510 3260 580 sive

610 625 1005 698 canonicus
1058 622 1175 693 ille
1224 620 1344 707 sit,
1399 618 1548 691 sive
1595 620 2143 705 mansionarius,
2186 619 2747 693 administretur.
2788 618 3113 695 Iamvero
3143 624 3261 697 hoc

613 737 689 810 in
726 731 1166 830 casufrector
1203 733 1334 805 iste
1371 731 1774 803 animarum
1803 730 2339 803 distributiones
2364 733 2666 824 percipit
2693 734 2944 806 eadem
2974 737 3258 825 ratione,

613 869 756 941 qua
796 849 1066 920 dictum
1120 841 1366 917 est‘de
1418 844 1759 916 canonico
1797 862 2036 914 curam
2078 843 2434 916 adnexam
2469 844 2883 934 obtinente3
2940 848 3041 918 ita
3090 848 3264 919 enim

611 962 883 1054 pluries
933 958 1222 1031 resolvit
1274 955 1345 1028 S.
1387 953 1461 1027 C.
1502 953 1746 1044 Conc.,
1803 960 1874 1026 et
1925 973 2175 1028 recens
2227 956 2301 1027 in
2355 957 2632 1028 Ρὶεαηα
2686 956 2947 1029 Iurisd.
3003 964 3074 1029 et
3132 959 3258 1030 [ur.

612 1074 755 1147 diei
808 1073 928 1144 27.
972 1065 1109 1140 lul.
1159 1069 1373 1140 1839.
1417 1067 1509 1138 ad
1549 1062 1706 1137 vll.
1750 1062 1929 1137 Nam
1983 1068 2342 1159 proposito
2394 1067 2651 1140 dubio:
2715 1091 2753 1134 ‹
2799 1070 2900 1141 An
2939 1087 3070 1160 pro
3105 1077 3265 1141 tem-

614 1209 655 1254 »
693 1202 890 1275 pore,
948 1189 1020 1256 et
1071 1181 1338 1272 quihus
1388 1178 2020 1252 distributionibus
2071 1178 2207 1251 frui
2264 1179 2575 1252 debeant
2628 1181 2870 1252 vicarii
2920 1181 3155 1254 curati
3199 1181 3265 1251 in

613 1321 654 1366 ›
695 1293 905 1368 casu?
940 1321 977 1365 ›
1032 1293 1453 1384 respondit:
1525 1311 1561 1357 α
1606 1289 2041 1364 Affirmative
2094 1310 2220 1384 pro
2272 1290 2529 1362 diebus
2582 1296 2652 1363 et
2702 1291 2922 1380 horiS‚
2983 1301 3266 1365 onerata

612 1433 652 1477 ›
692 1404 984 1503 (nempe
1036 1400 1548 1497 conscientia),
1627 1405 1909 1474 amissis
1969 1403 2596 1476 distributionibus
2663 1404 2851 1475 inter
2909 1410 3267 1494 presentes

613 1542 654 1587 ›
693 1524 973 1591 tantum
1028 1518 1225 1588 iuxta
1262 1523 1504 1586 votum
1542 1511 1700 1586 Emi
1733 1511 2168 1588 RelatoriS.›
2207 1512 2402 1597 Quae
2438 1515 2822 1588 declaratio
2861 1516 3265 1588 confirmata

610 1637 721 1703 est
772 1630 888 1701 die
940 1631 1060 1701 22.
1104 1624 1292 1698 Iunii
1344 1626 1559 1697 1844.
1617 1624 1867 1717 Neque
1922 1627 2127 1700 aliter
2177 1629 2636 1701 sentiendum
2673 1634 2805 1715 est,
2849 1627 3019 1698 licet
3057 1633 3267 1698 rector

609 1742 743 1813 iste
797 1739 889 1812 ad
941 1745 1194 1811 nutum
1250 1738 1590 1809 removeri
1648 1739 1900 1830 possit,
1950 1746 2160 1830 prout
2210 1741 2473 1812 diserte
2509 1739 2761 1812 eadem
2816 1739 2888 1809 S.
2932 1736 3008 1810 C.
3050 1738 3269 1810 tenuit

611 1854 684 1924 in
720 1855 1140 1944 Auqustana
1175 1850 1471 1921 Distrib.
1527 1850 1642 1922 14.
1684 1850 1856 1924 1)00.
1905 1853 2117 1925 1844.
2175 1849 2376 1935 Quod
2430 1854 2491 1923 si
2542 1871 2711 1923 cura
2762 1850 3156 1922 habitualis
3203 1857 3264 1922 et

612 1965 915 2037 actualis
967 1981 1188 2054 penes
1238 1960 1643 2051 Capitulum
1679 1964 2016 2053 resideat,
2058 1965 2385 2053 quamvis
2419 1983 2580 2037 eam
2615 1964 2734 2035 alii
2773 1962 3261 2047 exercendam,

609 2078 843 2150 soluta
897 2081 1088 2147 certa
1143 2075 1491 2164 mercede,
1548 2076 1816 2164 tradat,
1866 2081 2018 2147 turn
2056 2077 2535 2149 mercenarius
2573 2077 2731 2164 iste,
2774 2076 2834 2147 si
2871 2074 3057 2146 forte
3095 2074 3266 2145 idem

612 2188 1000 2264 canonicus
1052 2188 1172 2275 sit,
1230 2206 1375 2259 non
1413 2189 1748 2262 eximitur
1784 2207 1824 2259 a
1862 2188 2128 2260 chorali
2165 2187 2441 2275 offici03
2501 2189 2827 2277 adeoque
2862 2188 2923 2259 si
2959 2185 3262 2258 eiusdem

605 2307 926 2392 tempore
976 2298 1393 2371 muneribus
1446 2301 1982 2391 parochialibus
2034 2300 2174 2371 3110
2227 2299 2694 2386 distrahatur,
2751 2319 2792 2369 a
2844 2305 3263 2389 punctatum

606 2431 754 2485 non
791 2412 1215 2484 absolvitur.
1274 2408 1445 2483 Cum
1494 2413 1683 2484 enim
1735 2414 1809 2484 in
1848 2413 2271 2485 Milevitana
2307 2411 2609 2485 Fullent.
2659 2411 2774 2480 13.
2817 2407 3021 2501 Sept.
3060 2408 3261 2480 1862.

604 2541 858 2614 reapse
911 2530 1240 2614 ageretur
1290 2522 1378 2595 de
1432 2543 1602 2596 cura
1653 2523 2122 2596 habitualiter
2174 2529 2245 2595 et
2298 2524 2677 2596 actualiter
2727 2541 2950 2614 penes
2993 2521 3265 2614 Capitu-

606 2635 758 2706 lum
810 2635 1195 2723 residente,
1256 2654 1501 2725 quam,
1558 2636 1791 2708 soluto
1845 2643 2037 2709 certo
2090 2638 2378 2720 salario,
2419 2638 2545 2709 uni
2580 2656 2668 2708 ex
2703 2637 3094 2723 canoniciS,
3147 2635 3264 2725 qui

607 2745 698 2818 de
754 2747 1014 2838 gremio
1067 2748 1386 2820 eiusdem
1425 2746 1729 2837 Capituli
1768 2755 1948 2836 erat,
1995 2749 2380 2840 gerendam
2415 2746 2839 2836 tradiderat,
2880 2748 3108 2839 posito
3141 2747 3265 2818 du-

604 2857 770 2930 bio:
833 2881 871 2924 ‹
909 2859 1017 2929 An
1073 2860 1378 2931 vicarius
1431 2867 1723 2931 curatus
1773 2865 2091 2951 tempore
2142 2859 2543 2930 divinorum
2582 2858 2977 2931 officiorum
3013 2857 3264 2928 absens

608 2992 647 3038 ιι
688 2990 729 3040 3
765 2970 979 3042 choro
1016 2970 1106 3042 ob
1145 2989 1357 3042 curae
1411 2972 1817 3042 animarum
1855 2972 2270 3043 exercitium
2309 2970 2667 3042 fallentias
2719 2969 2994 3042 solvere
3029 2976 3264 3041 tenea-

607 3104 646 3150 »
685 3087 804 3153 tur
853 3083 928 3153 in
982 3081 1209 3155 casu't
1251 3108 1288 3152 ›
1345 3083 1416 3153 S.
1459 3079 1803 3174 Congreg.
1844 3080 2133 3154 Concilii
2186 3083 2617 3173 respondere
2668 3101 2812 3154 non
2866 3080 3258 3153 dubitavit:

609 3213 647 3257 (ι
686 3190 1149 3266 Affirmative.
1187 3219 1226 3261 r>

752 3306 872 3377 80.
930 3302 1132 3386 Quod
1183 3305 1242 3377 si
1297 3324 1467 3377 cura
1520 3305 1950 3397 parochialis
2005 3312 2204 3379 extra
2257 3306 2741 3380 cathedralem
2796 3323 3030 3396 neque
3063 3301 3266 3374 habi-

604 3416 895 3489 tualiter
947 3434 1183 3506 neque
1236 3418 1614 3490 actualiter
1664 3416 1990 3510 Capitulo
2040 3423 2422 3509 competat,
2470 3426 2641 3491 tunc
2679 3434 2916 3507 neque
2953 3412 3262 3489 canonici

605 3547 843 3619 neque
897 3529 1360 3601 mansionarii
1433 3539 1734 3621 possunt
1796 3531 2123 3604 eamdem
2187 3550 2557 3621 exercere,
2617 3531 2986 3620 multoque
3040 3528 3263 3598 minus

605 3641 1148 3715 distributiones
1199 3645 1567 3732 consequi.
1611 3640 1934 3734 Namque
1991 3645 2063 3716 in
2111 3644 2466 3716 Venusina
2517 3644 2657 3715 diei
2709 3644 2829 3715 30.
2872 3638 3014 3712 Iul.
3053 3638 3255 3710 1763.

602 3760 807 3825 sexto
861 3774 945 3826 ac
994 3756 1298 3845 septimo
1352 3754 1504 3827 loco
1556 3754 1777 3826 dubia
1831 3756 2470 3849 proponebantur:
2542 3778 2580 3822 αι
2623 3756 2694 3827 6.
2736 3755 2844 3825 An
2899 3752 3104 3824 liceat
3150 3765 3259 3819 03-

606 3888 644 3934 ›
686 3866 942 3939 nonico
995 3884 1237 3938 curam
1289 3866 1769 3957 parochialem
1825 3884 2156 3938 exercere
2223 3875 2420 3939 extra
2474 3867 2846 3940 ecclesiam
2898 3861 3260 3938 cathedra-

605 4002 642 4045 »
682 3977 863 4067 10111,
922 3998 1108 4069 quae
1172 3996 1407 4068 neque
1461 3980 1838 4052 actualiter
1899 3996 2132 4069 neque
2202 3979 2671 4053 habitualiter
2720 3978 2810 4050 ad
2864 3973 3258 4066 Capitulum

604 4113 643 4156 ›
684 4086 1052 4181 pertinet?
1091 4115 1129 4158 ν
1203 4097 1275 4162 et
1328 4097 1689 4179 quatenus
1758 4088 2211 4164 affirmative.
2274 4115 2313 4155 «ι
2363 4094 2433 4163 7.
2475 4090 2584 4163 An
2651 4090 2818 4163 talis
2886 4086 3260 4160 canonicus

602 4226 641 4269 ›
681 4221 922 4274 curam
975 4201 1373 4293 praefatam
1430 4201 1831 4275 exercendo
1887 4202 2024 4275 frui
2062 4205 2286 4294 possit
2323 4223 2554 4275 massa
2593 4199 2970 4294 capitulari
3009 4216 3092 4269 ac
3119 4194 3259 4266 dis-

601 4336 640 4382 »
683 4313 1194 4386 tributionibus
1234 4315 1700 4404 quotidiani3‚
1742 4317 1928 4387 sieut
1965 4322 2381 4406 praesentes
2415 4322 2487 4386 et
2522 4316 3057 4398 interessentes,
3119 4320 3252 4376 non

604 4445 642 4492 ›
683 4425 1041 4515 obstante,
1084 4425 1277 4517 quod
1316 4426 1527 4498 choro
1565 4446 1706 4498 non
1751 4425 2228 4499 interveniat?
2254 4454 2290 4496 ν
2332 4425 2405 4499 S.
2432 4425 2508 4499 C.
2548 4426 2943 4517 respondit:
2989 4420 3145 4494 «Ad
3172 4415 3245 4485 6·

602 4558 641 4601 ›
678 4531 1022 4625 Negative
1056 4546 1126 4610 et
1163 4539 1495 4628 amplius.
1543 4537 1645 4610 Ad
1683 4540 1757 4609 7.
1798 4538 2165 4611 Provisum
2204 4540 2277 4610 in
2315 4541 2385 4611 6.
2418 4563 2455 4607 ›
2496 4536 2682 4620 Quin
2717 4538 2934 4609 etiam
2972 4539 3042 4608 in
3080 4536 3255 4606 eius-

601 4641 765 4713 dem
819 4662 1077 4718 causae
1131 4647 1323 4735 folio,
1381 4650 1575 4737 quod
1625 4649 1938 4722 habetur
1988 4652 2079 4723 ad
2130 4650 2315 4721 diem
2368 4651 2489 4722 25.
2533 4646 2696 4722 Iun.
2738 4648 3055 4721 eiusdem
3089 4643 3249 4717 anui
