3497 5235
578 228 698 292 285
1340 226 1710 285 humationi·
1754 225 1807 283 Β.
1837 224 2023 299 Gongr.
2048 224 2193 284 Cano.
2233 225 2505 301 expediit.

577 362 889 451 approbat
937 361 1289 442 rationem,
1342 379 1465 448 qua
1514 357 1831 426 individui
1884 360 2071 428 unius
2118 369 2339 427 coetus
2400 379 2531 428 non
2576 359 2966 446 participent
3013 358 3097 426 de
3139 358 3233 426 ial-

574 466 788 534 lentiis
837 475 1056 531 coetus
1102 463 1385 530 alterius.
1440 461 1618 529 Circa
1665 462 2087 550 praeteritum
2133 482 2290 528 vero
2320 482 2451 529 non
2481 474 2577 529 est
2624 464 2799 529 locus
2832 460 3236 539 restitutioni,

572 569 624 635 si
672 586 856 635 secus
905 576 1117 634 actum
1167 565 1379 632 suerit.
1417 601 1461 613 -
1509 567 1616 630 39.
1672 568 1738 630 In
1791 563 2213 634 sallenliarum
2271 565 2689 652 repartitione
2737 585 2810 631 ea
2856 566 3078 651 regula
3120 582 3238 631 ser·

573 681 784 748 vatur,
838 679 909 735 ut
954 666 1591 755 proportionabiliter
1656 677 1902 734 tantum
1950 665 2374 754 percipiatur,
2426 678 2737 754 quantum
2785 667 2868 733 de
2915 688 3024 734 sua
3069 686 3239 753 prae·

574 771 782 839 benda
832 770 1188 838 detractum
1236 780 1356 836 est.
1390 806 1434 818 -
1483 772 1590 835 40.
1631 769 1880 836 Abusus
1929 779 2024 836 est
2073 770 2336 837 omnino
2383 770 2853 849 eliminandus,
2906 790 3037 859 quo
3086 769 3239 836 indi-

573 872 988 941 acriminatim
1035 873 1381 959 participes
1422 870 1853 939 fallentiarum
1887 870 2036 939 fiant
2069 891 2198 938 non
2230 874 2436 939 solum
2470 873 2581 959 qui
2613 871 2786 939 boris
2817 883 2959 938 actu
2993 874 3235 952 adsunt,

574 976 690 1044 sed
738 987 802 1042 et
849 976 931 1054 ii,
984 977 1093 1061 qui
1142 974 1388 1041 absunt.
1446 974 1862 1042 Consuetudo
1910 975 2225 1042 contraria
2286 976 2523 1042 nullius
2584 975 2829 1041 roboris
2876 974 3166 1041 habetur.
3200 1011 3238 1026 -

578 1084 686 1146 41.
726 1079 1222 1145 canonicatuum
1282 1079 1540 1143 noviter
1597 1087 1965 1143 erectorum
2021 1096 2418 1163 possessores
2480 1078 2563 1144 de
2609 1095 2849 1143 massae
2893 1077 3238 1144 communis

575 1180 1134 1247 distributionibus
1173 1175 1565 1266 'participare
1611 1189 1975 1266 nequeunt,
2013 1179 2132 1247 nisi
2167 1182 2231 1248 in
2265 1200 2404 1247 eam
2437 1198 2718 1267 congrua
2748 1198 2993 1245 summa
3025 1181 3237 1246 collata

577 1283 794 1350 fuerit.
834 1284 896 1351 Si
926 1303 1109 1350 secus
1154 1283 1261 1362 sit,
1298 1281 1495 1350 debet
1527 1283 1883 1371 Episcopus
1930 1280 2292 1371 praefigere
2337 1285 2596 1351 novello
2632 1282 3031 1350 canonicatui
3078 1301 3240 1350 sum-

573 1406 739 1454 mam
789 1385 1277 1454 determinatam
1332 1404 1454 1471 pro
1500 1387 1770 1473 singulis
1829 1384 2127 1454 sallentiis
2189 1385 2469 1453 fabricae.
2504 1386 2969 1472 applicandam.
3022 1387 3239 1454 nutus-

573 1488 751 1556 modi
799 1490 1084 1555 canonici
1118 1501 1382 1575 possunt
1414 1487 1830 1557 nihilominus
1859 1490 2245 1577 participare
2278 1489 2361 1557 de
2393 1490 2913 1557 extraordinariis
2946 1488 3239 1557 distribu-

575 1593 853 1659 tionibus
885 1593 1058 1659 inter
1088 1603 1457 1678 praesentes
1490 1589 1692 1660 dividi
1725 1592 1956 1660 solitis.
1983 1630 2027 1643 -
2054 1589 2162 1661 42.
2201 1593 2532 1672 Quaelibet
2564 1595 2828 1660 collusio
2861 1611 2929 1659 ac
2962 1592 3239 1660 remissio

577 1695 746 1762 inter
777 1695 1063 1761 chorales
1109 1694 1305 1761 vetita
1336 1706 1456 1761 est.
1496 1697 1665 1772 Quae
1696 1695 1779 1760 sit
1812 1695 2104 1774 collusio,
2142 1715 2305 1782 quae
2354 1695 2667 1762 remissio.
2694 1733 2737 1744 -
2772 1699 2876 1762 43.
2910 1699 3240 1761 Punctator

574 1797 911 1884 eligendus
944 1808 1062 1875 est,
1101 1796 1403 1882 idemque
1440 1798 1590 1862 olim
1623 1797 2060 1864 obedientialis
2089 1799 2513 1865 vocitabatur.
2536 1835 2579 1846 -
2607 1802 2719 1864 44.
2746 1801 2882 1865 Non
2918 1798 3235 1876 convenit,

572 1903 645 1967 ut
692 1911 1031 1989 punctator
1075 1900 1157 1966 sit
1202 1902 1563 1987 capellanus
1605 1901 1989 1979 amovibilis,
2027 1904 2076 1968 si
2111 1902 2193 1970 de
2228 1903 2522 1989 Capitulo
2557 1921 2687 1969 non
2718 1899 2822 1980 sit,
2859 1911 2924 1967 et
2957 1901 3026 1968 in
3059 1901 3238 1968 choro

571 2024 701 2072 nou
750 2003 1048 2071 resideat.
1088 2041 1131 2052 -
1167 2009 1272 2070 45.
1312 2007 1532 2091 Neque
1580 2006 2133 2091 poenitentiarius.
2165 2041 2209 2054 -
2242 2009 2349 2071 46.
2388 2005 2681 2082 Quolibet
2714 2021 2877 2070 anno
2909 2013 3242 2089 punctator

573 2108 1036 2186 nominandus3
1072 2110 1339 2194 eiusque
1373 2109 1726 2175 nominatio
1760 2108 1838 2174 ad
1876 2119 2079 2175 totum
2117 2109 2483 2195 Capitulum
2518 2108 2872 2196 pertinet.-
2888 2110 3239 2173 47.48.Ρο·

575 2221 698 2277 test
745 2213 1098 2299 Episcopus
1145 2212 1387 2297 eligere
1433 2221 2152 2301 contra-punctatorem
2197 2224 2459 2298 praeter
2504 2221 2957 2297 punctatorem
2999 2232 3031 2275 a
3067 2209 3239 2295 Capi·

577 2315 715 2380 tulo
764 2316 1061 2379 electum.
1095 2350 1138 2362 -
1172 2315 1278 2379 49.
1320 2316 1661 2380 Punctator
1712 2325 1778 2379 et
1809 2323 2418 2400 contra-punctator
2466 2315 2893 2380 iuramentum
2927 2313 3010 2379 de
3046 2310 3237 2378 officio

571 2412 856 2480 fideliter
902 2414 1314 2501 adimplendo
1362 2415 1556 2482 edere
1607 2415 1871 2482 debent.
1910 2452 1954 2464 -
1988 2420 2096 2485 50.
2149 2417 2347 2503 ldque
2395 2437 2604 2482 coram
2656 2435 2756 2494 eo,
2810 2436 2842 2481 a
2892 2435 3026 2502 quo
3066 2413 3238 2481 electi

573 2514 836 2583 suerint.
871 2554 914 2565 -
964 2522 1073 2584 51.
1112 2523 1177 2587 S.
1218 2518 1476 2585 Carolus
1523 2521 1945 2585 Borromaeus
1993 2519 2421 2586 iuramentum
2468 2520 2543 2586 ab
2596 2516 2823 2584 iisdem
2872 2518 2979 2584 edi
3029 2517 3236 2584 statuit

576 2621 765 2686 etiam
815 2620 878 2686 in
925 2620 1184 2706 Synodo
1218 2620 1611 2688 dioecesana.
1637 2658 1680 2669 -
1709 2626 1817 2688 52.
1858 2626 2170 2689 Hactenus
2205 2635 2415 2690 actum
2450 2633 2543 2691 est
2575 2621 2656 2689 de
2689 2620 3239 2691 distributionibus

573 2721 932 2803 ordinariis,
984 2725 1251 2790 minime
1297 2744 1457 2790 vero
1507 2724 1588 2790 de
1641 2723 2181 2792 extraordinariis.

719 2928 841 3000 27.
874 2925 1427 3000 Distributioncs
1480 2929 1708 3019 primo
1763 2928 2032 3001 invexit
2065 2926 2191 3000 lvo
2227 2927 2705 3016 Carnotensis,
2738 2934 2817 3000 ut
2871 2927 3084 3000 choro
3118 2924 3235 2996 ad·

574 3041 800 3113 dictos
853 3041 941 3112 de
995 3039 1526 3132 negligentibus
1563 3038 1829 3113 laceret
1867 3041 2272 3131 diligenteS,
2313 3041 2401 3113 de
2437 3039 2662 3114 tardis
2700 3039 3058 3111 assiduos.
3098 3034 3230 3107 Eas

572 3151 899 3253 posthac,
925 3158 1170 3244 utpote
1206 3152 1653 3241 utilissimas,
1684 3153 1955 3242 recepit
2004 3154 2116 3224 ius
2150 3153 2622 3243 pontificium,
2664 3170 2747 3224 ac
2779 3150 3090 3223 subinde
3116 3146 3240 3239 Sy·

573 3266 804 3337 nodus
840 3261 1255 3339 Tridentina
1279 3267 1664 3338 universim
1694 3266 2018 3360 adoptari
2041 3267 2522 3359 praescripsit:
2555 3267 2654 3337 ita
2689 3267 2882 3339 enim
2914 3260 3230 3338 Sess.21,

572 3396 730 3475 cap.
763 3376 837 3448 3.
870 3377 953 3449 de
983 3378 1288 3471 Reform.
1317 3378 1602 3469 legitur:
1649 3401 1687 3443 «ι
1711 3378 1975 3450 Statuit
2010 3377 2082 3449 S.
2118 3375 2446 3468 Synodus
2484 3378 2556 3448 in
2592 3377 2913 3451 ecclesiis
2947 3383 3092 3447 tam
3127 3391 3240 3444 ca-

577 3513 615 3556 »
657 3488 1128 3576 thedralibus,
1169 3508 1385 3579 quam
1425 3490 1850 3581 collegium,
1907 3490 1979 3560 in
2019 3488 2283 3580 quibus
2318 3489 2562 3561 nullae
2596 3494 2766 3561 sunt
2802 3486 3240 3561 distributio-

576 3624 614 3666 »
655 3618 783 3671 nes
820 3601 1308 3690 quotidianae,
1347 3602 1460 3673 vel
1497 3602 1595 3674 ita
1632 3608 1915 3687 tenueS‚
1956 3608 2037 3673 ut
2072 3600 2548 3672 verisimiliter
2583 3600 3062 3691 negligantur,
3102 3603 3238 3669 ter-

576 3736 615 3780 »
658 3714 828 3783 tiam
888 3720 1162 3826 partem
1229 3713 1591 3786 fructuum
1645 3718 1714 3785 et
1778 3730 2392 3803 quorumcumque
2454 3718 2927 3803 proventuum
2990 3717 3061 3782 et
3113 3704 3239 3779 ob-

575 3847 614 3890 »
654 3825 1162 3896 ventionum...
1225 3828 1537 3917 separari
1594 3825 1884 3912 debere,
1942 3833 2012 3898 et
2063 3826 2140 3896 in
2191 3824 2730 3897 distributiones
2785 3823 3234 3913 quotidianas

577 3960 615 4003 »
656 3937 998 4024 converti,
1041 3955 1227 4025 quae
1281 3937 1466 4010 inter
1518 3938 1907 4029 dignitates
1944 3937 2353 4009 obtinentes
2406 3944 2475 4008 et
2528 3943 2799 4008 ceteros
2836 3935 3095 4008 divinis
3126 3931 3238 4001 in-

575 4069 614 4115 »
654 4053 1083 4120 teressentes
1153 4049 1861 4141 proportionabiliter
1936 4050 2135 4120 iuxta
2205 4049 2622 4121 divisionem
2695 4047 2786 4118 ab
2857 4046 3228 4139 Episcopo,

578 4181 617 4226 ν
657 4160 871 4231 etiam
925 4165 1290 4250 tamquam
1345 4158 1547 4233 Sedis
1602 4161 2051 4252 Apostolicae
2109 4156 2472 4252 DelegatO,
2530 4159 2605 4231 in
2657 4160 2813 4251 ipsa
2883 4159 3233 4231 fructuum

575 4293 614 4338 ν
654 4271 1081 4345 deductione
1153 4272 1677 4345 dividantur.»
1752 4267 1954 4344 Idem
2023 4271 2169 4345 tere
2233 4273 2614 4364 repetitum
2677 4269 2813 4344 tuit
2875 4271 3050 4343 Sess.
3098 4261 3225 4335 24.

570 4399 728 4473 cap.
773 4381 926 4465 42„
978 4389 1044 4457 et
1098 4384 1278 4456 Sess.
1317 4384 1440 4455 22.
1498 4403 1658 4475 cap.
1699 4382 1772 4456 3.
1816 4385 1897 4457 de
1939 4385 2244 4478 Reform.

581 4572 582 4577 Ν
721 4494 843 4565 28.
887 4492 993 4565 Ex
1033 4494 1265 4567 verbis
1299 4495 1523 4587 ipsius
1552 4497 1819 4569 decreti
1852 4497 2157 4587 quisque
2183 4493 2405 4587 videt,
2444 4495 2618 4587 quid
2648 4494 3237 4568 distributionum

570 4604 859 4677 nomine
911 4607 1301 4697 generatim
1353 4607 1619 4679 veniat.
1664 4604 1734 4679 Si
1774 4613 2017 4682 tamen
2067 4608 2481 4683 earumdem
2532 4608 2886 4683 institutio
2938 4611 3004 4678 et
3050 4616 3240 4691 qua·
