3497 5235
1027 298 1149 375 0⁸1».
1171 301 1270 361 111.
1307 301 1381 360 Do
1420 300 1556 360 clero
1594 300 1866 360 monui.
1908 303 1962 377 ἓ.
1988 302 2039 360 5.
2744 302 2863 365 371

220 456 251 501 ι
285 429 551 505 Lotter.
592 432 678 506 de
704 452 782 505 re
814 433 989 506 Ben.
1029 435 1152 507 lib.
1180 436 1254 508 5.
1298 443 1566 527 quaest.
1607 435 1728 510 34.
1764 456 1842 508 η.
1877 436 2085 519 430..
2110 434 2249 510 Pit.
2289 438 2422 513 loc.
2459 439 2580 513 cit.
2615 459 2690 511 n.
2736 439 2860 513 14.

221 568 252 612 ν
286 542 357 616 S.
396 542 472 616 C.
530 545 953 636 plerumque
1003 548 1077 618 in
1129 547 1457 620 identicis
1508 548 1793 621 casibus
1844 567 2111 621 novum
2147 550 2528 624 indulsisse
2563 552 2641 623 in
2675 548 2866 627 Urbe

222 679 253 724 »
286 674 592 729 examen
638 658 966 749 colligere
1017 665 1127 732 est
1178 680 1220 731 a
1277 659 1736 734 Castriman‘s
1790 662 1911 734 26.
1959 660 2124 752 Apr.
2170 661 2420 753 1756„
2461 664 2589 736 sed
2635 683 2868 755 quan-

222 792 253 835 »
286 768 522 860 doque
573 769 1007 862 denegasse,
1064 776 1144 843 ut
1196 771 1270 842 in
1320 771 1682 844 Asculano
1738 772 2041 845 Paroch.
2103 773 2226 845 30.
2284 770 2424 845 Iul.
2472 775 2685 848 1763.
2747 775 2866 851 Di-

221 903 252 947 »
286 880 638 953 scriminis
688 882 870 953 ratio
935 882 1122 954 inter
1172 900 1293 955 eos
1345 902 1556 957 casus
1620 889 1691 956 et
1740 883 1939 956 hunc
1987 902 2142 957 esse
2192 890 2470 976 potest,
2528 888 2640 960 vel
2694 892 2864 979 quia

222 1013 253 1058 ι
286 1009 429 1062 non
482 993 734 1066 eadem
786 993 876 1065 de
910 995 1209 1067 scientia
1243 1013 1328 1068 ac
1362 995 1677 1068 moribus
1711 1003 2137 1089 argumenta
2171 998 2719 1089 concurrebant,
2750 1004 2866 1076 vel

222 1128 253 1171 ›
286 1105 531 1194 etiam,
589 1106 759 1196 quia
811 1105 1060 1179 aderat
1109 1108 1677 1180 contradictor.»
1872 1174 1877 1179 .

347 1214 425 1288 S.
466 1215 542 1288 C.
602 1217 695 1289 ad
746 1235 1007 1289 novum
1058 1236 1360 1291 examen
1412 1218 1703 1292 minime
1739 1219 2265 1293 admittendum
2298 1239 2454 1296 esse
2491 1224 2708 1297 etiam
2744 1225 2869 1299 de-

220 1326 502 1400 claravit
552 1328 990 1402 sacerdotem
1043 1330 1241 1401 illum
1291 1337 1829 1424 praesentatum
1882 1350 1923 1401 a
1974 1337 2303 1422 patrono,
2364 1333 2453 1407 de
2507 1354 2646 1426 quo
2701 1356 2867 1429 age-

216 1436 414 1512 batur
466 1442 545 1512 in
594 1440 844 1513 eadem
897 1460 1114 1514 causa
1142 1445 1528 1537 Anaqnina
1563 1442 1774 1514 modo
1810 1443 2054 1516 citata.
2089 1439 2420 1519 Defectus
2460 1447 2867 1522 idoneitatis

219 1550 583 1623 constabat
637 1570 722 1625 ex
775 1554 952 1626 actis
1002 1571 1413 1646 concursuS,
1463 1573 1550 1628 ex
1599 1554 2009 1628 testimonio
2062 1556 2627 1629 examinatorum
2685 1557 2869 1632 Ana-

217 1664 624 1754 gninorum,
679 1683 961 1738 necnon
1011 1665 1101 1738 de
1150 1672 1313 1738 voto
1365 1666 1684 1741 datariae
1753 1665 2098 1759 theologi,
2157 1667 2249 1739 ad
2303 1686 2515 1757 quem
2570 1667 2642 1742 S.
2687 1667 2869 1744 Con-

220 1777 521 1867 gregatio
571 1793 957 1850 concursus
1009 1782 1167 1849 acta
1219 1779 1613 1851 remiserat.
1679 1774 1989 1868 Insuper
2037 1774 2434 1870 Episcopus
2489 1781 2868 1856 adversum
2998 1838 3009 1849 .

215 1887 295 1959 de
344 1887 705 1980 probitate
758 1890 980 1980 ipsius
1048 1890 1531 1962 testimonium
1600 1889 2054 1980 perhibebat.
2129 1887 2358 1983 Igitur
2426 1894 2871 1968 concinnatis

216 1998 487 2071 dubiis:
550 2022 588 2065 ‹
629 1995 690 2070 Ι.
749 1999 858 2071 An
910 2007 1187 2074 constet
1238 2002 1327 2074 de
1381 2002 1569 2074 mala
1621 2002 1968 2073 relatione
2019 2003 2616 2093 examinatorum,
2657 2011 2728 2078 et
2780 2007 2872 2080 de

216 2135 252 2177 ι
288 2111 759 2191 irrationabili
810 2113 1070 2187 iudicio
1122 2111 1481 2205 Episcopi,
1521 2116 1621 2186 ita
1657 2120 1736 2186 ut
1789 2111 2087 2186 ecclesia
2124 2114 2552 2206 parochialis
2607 2113 2681 2188 S.
2716 2113 2867 2190 Ma-

216 2247 250 2292 »
287 2225 435 2297 riae
485 2221 732 2296 Moroli
783 2226 876 2297 sit
927 2225 1406 2298 adiudicanda
1441 2226 1793 2299 sacerdoti
1828 2221 2142 2297 Eusebio
2177 2223 2438 2298 Canale
2476 2228 2549 2298 in
2585 2225 2801 2301 casu?
2826 2256 2865 2300 ι

211 2331 296 2408 Et
348 2344 709 2427 quatenus
742 2339 1114 2429 negative:
1158 2358 1196 2403 ‹
1224 2334 1324 2407 11.
1373 2334 1472 2408 An
1518 2337 1929 2428 praedictus
1962 2334 2318 2410 Eusebius
2354 2339 2446 2409 sit
2484 2339 2868 2414 subiicien-

215 2473 252 2515 ι»
290 2449 428 2521 dus
480 2466 659 2520 novo
709 2449 1021 2522 examini
1072 2449 1397 2523 faciendo
1450 2450 1523 2521 in
1577 2445 1768 2521 Urbe
1820 2450 1895 2521 in
1947 2442 2173 2522 casu?
2207 2472 2245 2515 ›
2286 2447 2359 2520 S.
2393 2446 2467 2521 C.
2511 2452 2876 2546 rescripsit

209 2560 302 2633 ad
353 2568 791 2651 utrumque:
853 2557 1290 2653 ‹Negative.
1329 2586 1367 2628 ν
2236 2645 2239 2654 ¹

363 2674 528 2744 191.
585 2671 974 2763 Postquam
1026 2693 1146 2765 ea,
1220 2692 1406 2763 quae
1476 2674 1880 2745 communia
1948 2680 2118 2746 sunt
2168 2674 2457 2765 utrique
2528 2693 2876 2766 personae

207 2783 515 2877 theologi
567 2804 650 2858 ac
702 2788 1274 2878 poenitentiarii,
1332 2787 1835 2878 exposuimus,
1893 2803 1978 2857 ea
2030 2792 2336 2858 tractare
2408 2788 2870 2878 suscipimuS,

207 2913 395 2985 qnae
453 2900 737 2988 propria
789 2903 961 2971 sunt
1011 2897 1378 2987 alterutri,
1451 2905 1523 2971 et
1572 2898 1866 2989 propius
1934 2915 2019 2969 ac
2081 2898 2395 2988 penitius
2465 2899 2877 2971 eorumdem

206 3006 518 3078 officium
572 3010 972 3101 attingunt.
1019 3007 1109 3081 In
1158 3010 1404 3103 primis
1456 3010 1817 3082 afferimus
1870 3026 2186 3098 causam,
2228 3009 2346 3080 cui
2392 3009 2649 3081 titulus
2686 3011 2868 3082 Dub.

191 3120 444 3209 praeb.
485 3120 727 3202 theol„
782 3123 856 3193 in
909 3118 983 3192 S.
1024 3120 1099 3194 C.
1140 3120 1355 3195 Conc.
1396 3122 1512 3195 die
1565 3123 1636 3193 5.
1680 3118 1871 3192 Iunii
1924 3121 2294 3213 agitatam,
2335 3126 2497 3212 post
2548 3121 2873 3195 doctissi-

200 3248 406 3302 mum
460 3229 903 3307 Lambertini
956 3233 1354 3307 discursum
1415 3234 1613 3307 Thes.
1657 3234 1815 3305 Res.
1860 3238 2026 3304 tom.
2067 3234 2141 3305 2.
2180 3251 2347 3324 paq.
2387 3230 2560 3306 329.
2619 3229 2706 3303 In
2758 3252 2881 3306 ea-

199 3341 373 3414 dem
424 3343 724 3416 dubium
758 3345 1330 3437 proponebatur:
1372 3338 1414 3411 ‘‹
1451 3344 1555 3416 An
1584 3345 1883 3436 provisis
1909 3343 1999 3416 de
2036 3344 2452 3436 praebenda
2490 3343 2871 3436 theologali

200 3477 243 3520 >
287 3472 455 3527 cum
508 3457 828 3529 clausula
880 3457 970 3530 de
1021 3459 1449 3531 assumendo
1521 3456 1744 3549 gradu
1810 3456 2198 3547 magisterii
2251 3457 2325 3528 in
2381 3453 2455 3527 S.
2497 3452 2879 3549 Theologia

197 3588 241 3633 ›
286 3566 368 3636 in
419 3567 663 3658 aliqua
715 3569 1112 3662 approbata
1167 3567 1638 3642 Universitate
1690 3568 1781 3640 de
1834 3568 1986 3640 iure
2040 3566 2374 3657 sufficiat,
2431 3569 2624 3658 quod
2658 3569 2881 3660 magi-

198 3700 241 3743 >
287 3681 588 3751 sterium
659 3681 843 3753 intra
898 3699 1164 3753 annum
1212 3680 1560 3772 recipiant
1611 3681 1688 3752 in
1740 3681 1892 3751 iure
1946 3680 2290 3751 canonico
2343 3681 2421 3751 in
2474 3679 2718 3770 aliqua
2756 3698 2884 3771 ap-

188 3812 237 3854 »
283 3790 595 3880 probata
624 3788 1146 3865 Universitate‘l
1178 3818 1215 3860 ι»
1250 3790 1321 3864 S.
1356 3789 1431 3863 C.
1465 3792 1877 3884 respondit:
1922 3813 1960 3856 ‹
1989 3786 2361 3883 Negative,
2396 3796 2466 3865 et
2493 3791 2883 3865 habebitur

187 3924 234 3966 ›
283 3903 474 3974 ratio
545 3904 621 3975 in
673 3902 957 3976 casibus
1025 3903 1600 3995 particularibus.
1644 3927 1683 3971 ι»
1739 3900 1911 3975 Cum
1971 3904 2216 3993 itaque
2286 3902 2883 3995 poenitentiarius

175 4010 660 4106 Balneoregii
686 4016 1097 4105 canonicuS,
1132 4016 1376 4088 doctor
1410 4016 1787 4104 utriusque
1821 4016 1996 4087 iuris
2025 4015 2115 4087 ad
2154 4014 2642 4106 praebendam
2679 4014 2883 4087 theo-

171 4123 514 4217 logalem
569 4128 961 4201 translatus
1029 4127 1330 4218 fuisset,
1417 4145 1774 4219 graveque
1842 4126 1979 4198 sibi
2033 4127 2213 4199 toret
2265 4126 2751 4217 magisterium
2805 4125 2883 4196 in

171 4235 570 4329 theologia
622 4239 1022 4328 adsumere,
1069 4239 1418 4329 quaesivit
1472 4258 1513 4310 a
1566 4233 1638 4308 S.
1681 4236 1898 4330 Cong.
1933 4235 2178 4326 Conc.,
2235 4255 2329 4307 an
2364 4238 2772 4310 doctoratus
2808 4236 2885 4307 in

163 4355 510 4438 utroque
565 4350 718 4421 iure
772 4351 864 4423 ad
917 4369 1079 4422 eum
1132 4351 1347 4423 finem
1397 4349 1572 4420 satis
1624 4348 1761 4420 sibi
1815 4347 2018 4435 toret,
2059 4365 2188 4419 seu
2225 4349 2461 4438 potius
2503 4348 2882 4440 dispensa-

157 4459 387 4532 tioni
435 4461 633 4534 locus
685 4468 873 4534 esset
923 4463 996 4532 in
1050 4480 1246 4534 casu.
1290 4459 1362 4533 S.
1405 4458 1657 4551 Congr.
1699 4460 1776 4530 in
1828 4460 2159 4531 Balneor.
2205 4459 2457 4531 Praeb.
2501 4459 2711 4532 theol.
2762 4459 2877 4530 11.

152 4570 382 4664 Apr.
426 4574 638 4646 1807.
695 4573 1103 4664 respondit:
1161 4572 1269 4646 Ad
1292 4572 1610 4665 primam
1649 4577 1935 4663 partem
1977 4570 2332 4662 negative,
2371 4570 2467 4644 ad
2503 4572 2887 4646 secundam

150 4684 655 4780 affirmative.
