3497 5235
610 284 728 345 252
1369 282 1739 342 humationi·
1781 283 1834 342 8.
1862 284 2047 359 congr.
2073 282 2221 342 Οοιιο.
2260 283 2532 358 expetitio.

613 443 651 488 >
690 419 966 491 ratione
1017 419 1337 490 oriantur
1388 420 1911 491 controversiae
1966 424 2037 490 et
2088 416 2457 507 scandala,
2496 418 2658 507 tibi,
2700 417 2892 507 quod
2941 416 3228 507 facimus,

613 556 652 603 >
694 530 1278 603 committendum
1329 529 1561 616 duxit,
1604 537 1683 603 ut
1719 530 1888 602 illuc
1941 538 2009 602 te
2048 529 2459 618 transferaS‚
2502 538 2571 602 et
2623 531 3011 620 scripturas
3055 530 3119 600 in
3153 529 3234 600 io·

614 667 654 710 v
695 643 787 714 lio
838 642 950 712 bis
1003 641 1227 715 literis
1279 640 1619 714 adiuncto
1672 647 2029 729 exaratas,
2089 660 2171 714 ac
2223 643 2283 712 si
2337 661 2523 730 quae
2586 641 2769 712 aliae
2822 648 3099 732 rogatae
3147 639 3241 710 fu-

617 778 655 824 »
695 755 879 825 erint
931 772 972 825 a
1026 752 1451 824 cancellario
1503 752 1917 843 episcopali,
1958 759 2327 842 tamquam
2381 752 2573 824 illius
2637 753 2875 825 curiae
2928 750 3239 823 cancella-

616 890 653 933 »
695 867 824 954 rio,
865 884 1155 958 separes
1206 883 1248 934 a
1298 864 1674 954 scripturis
1725 863 2019 935 archivii
2075 864 2635 953 communitatiS,
2677 871 2747 936 et
2785 862 2875 934 ad
2930 861 3244 934 caucella-

617 1000 655 1045 »
695 977 873 1049 riam
928 977 1150 1070 ipsius
1185 972 1516 1066 Episcopi
1555 975 1983 1047 deserendas
2034 994 2281 1065 cures3
2340 976 2531 1066 quod
2568 994 2696 1070 pro
2734 981 2858 1047 tua
2910 972 3246 1066 diligentia

619 1114 657 1156 »
697 1089 947 1162 sedulo
1000 1087 1293 1175 efficieS,
1334 1094 1404 1160 et
1455 1086 1642 1159 bene
1697 1087 1967 1158 valebis
2019 1087 2092 1159 in
2146 1086 2470 1159 Domino.
2534 1111 2571 1154 »

762 1201 916 1275 Una
953 1220 1112 1274 cum
1167 1201 1360 1275 hisce
1399 1201 1623 1272 literis
1658 1201 2080 1275 adiunctum
2120 1201 2255 1274 tuit
2291 1200 2656 1293 exemplar
2691 1201 2988 1288 decreti,
3027 1200 3097 1270 in
3129 1215 3248 1288 quo

613 1314 1039 1386 nominatim
1093 1313 1342 1384 ordine
1411 1312 1814 1402 descriptae
1864 1319 2032 1385 sunt
2101 1313 2502 1404 scripturae
2555 1314 2630 1384 in
2684 1312 3106 1385 cancellaria
3149 1328 3253 1382 cu-

611 1426 1062 1499 stodiendae.
1106 1421 1248 1496 Nos
1304 1426 1539 1515 ipsum
1591 1425 1957 1499 decretum
2010 1426 2167 1498 heic
2221 1426 2608 1513 afferimus,
2648 1434 2728 1500 ut
2781 1426 3141 1515 sequitur:

710 1539 880 1609 227.
931 1561 968 1603 «t
1019 1555 1440 1610 nsscnss‘ruu.
1500 1532 1586 1606 In
1655 1555 1873 1608 causa
1944 1539 2447 1609 asservat-ionis
2517 1538 3033 1628 scripturarum
3098 1535 3257 1605 inter

617 1676 655 1718 »
694 1647 1125 1743 Episcopum
1179 1656 1251 1720 et
1299 1646 1899 1722 Communitatem
1963 1647 2279 1721 Civitatis
2328 1647 2613 1722 Castelli
2668 1650 2742 1721 S.
2783 1646 2893 1735 C.‚
2960 1645 3260 1738 partibus

617 1786 655 1831 >
697 1761 989 1849 auditis,
1031 1761 1310 1834 censuit
1363 1760 1754 1851 scripturas
1806 1778 2055 1832 omnes
2106 1768 2394 1853 rogatas
2446 1780 2486 1832 a
2540 1758 2970 1831 cancellario
3023 1758 3265 1850 episco-

620 1873 890 1963 fflpali,
957 1879 1321 1961 tamquam
1376 1872 1804 1943 cancellario
1874 1873 2064 1944 illius
2113 1874 2397 1961 curiae,
2456 1888 2611 1943 esse
2683 1869 3152 1942 asservandas
3204 1872 3263 1936 et

621 2007 659 2052 >
699 1982 1207 2056 custodiendas
1245 1983 1317 2053 in
1371 1982 1799 2055 cancellaria
1835 1983 2060 2074 ipsius
2110 1982 2484 2074 Episcopi3
2534 2000 2729 2053 nunc
2780 1981 2871 2053 ad
2909 1977 3267 2053 evitandas

620 2121 660 2164 ι»
699 2095 1183 2167 dissensiones
1236 2100 1307 2165 et
1358 2093 1728 2183 scandala,
1770 2112 1958 2185 quae
2009 2096 2081 2165 in
2133 2096 2584 2187 separatione
2652 2093 3070 2165 huiusmodi
3119 2089 3269 2163 scri-

623 2230 661 2275 »
701 2213 1070 2300 pturarum
1108 2207 1274 2278 oriri
1311 2211 1640 2296 possunt,
1682 2208 2130 2297 supplicatur
2163 2209 2394 2281 eidem
2429 2205 3005 2298 Congregationi,
3046 2211 3125 2275 ut
3161 2219 3269 2294 pro

622 2343 660 2389 ›
700 2323 1041 2389 consueta
1109 2316 1558 2408 benignitate
1627 2318 1966 2409 dignetur
2016 2319 2379 2391 declarare
2411 2371 2431 2408 ,
2498 2322 2689 2412 ipsas
2750 2318 3147 2408 scripturas
3192 2312 3275 2385 ad

620 2452 658 2497 >
700 2430 968 2500 curiam
1004 2429 1482 2519 episcopalem
1518 2430 1875 2522 pertinere
1913 2448 2073 2502 cum
2112 2430 2459 2518 clausula,
2501 2435 2572 2501 et
2608 2431 2666 2500 si
2704 2446 2893 2519 quae
2929 2429 3121 2499 aliae
3130 2473 3266 2495 .....

771 2566 808 2610 ›
849 2537 1230 2612 Processus
1282 2546 1354 2612 et
1406 2548 1565 2612 acta
1618 2541 1882 2631 civilia,
1921 2541 2344 2631 criminalia,
2385 2547 2457 2613 et
2507 2542 2728 2611 mixta
2767 2539 2957 2612 facta
3016 2540 3092 2610 in
3144 2535 3277 2607 foro

622 2678 662 2721 v
700 2653 1111 2743 episcopali,
1152 2655 1555 2726 sententiae
1611 2656 1685 2725 in
1738 2654 2060 2727 eiusdem
2106 2656 2343 2726 causis
2393 2655 2582 2726 latae
2617 2655 2755 2725 reis
2806 2651 3176 2744 inquisitis
3209 2648 3273 2718 in

624 2790 662 2836 ›
702 2765 898 2837 curia
952 2766 1366 2858 episcopali.

770 2900 808 2946 ›
849 2873 1408 2967 Compositionos
1459 2894 1619 2949 cum
1674 2878 1814 2950 reis
1865 2878 2233 2968 inquisitis
2284 2879 2359 2950 in
2412 2875 2607 2949 curia
2659 2872 3084 2967 episcopali.

766 3013 804 3055 ι»
847 2985 1234 3078 Praecepta
1287 2994 1357 3059 et
1411 2988 1696 3060 decreta
1753 3007 2250 3079 quaecumque
2306 2990 2488 3060 inter
2558 3005 2904 3079 personas
2955 2982 3283 3057 ecclesia·

621 3122 660 3170 ›
698 3100 940 3187 sticaS‚
982 3106 1107 3170 aut
1160 3100 1377 3171 etiam
1431 3100 1651 3173 laicas
1703 3101 1778 3173 in
1831 3101 2066 3171 causis
2117 3108 2190 3172 et
2241 3101 2545 3192 negotiis
2595 3097 3132 3190 spiritualibus,
3184 3090 3288 3165 vel

627 3233 665 3279 ι»
704 3211 883 3282 alias
934 3210 1025 3282 ad
1083 3209 1313 3282 forum
1366 3213 1922 3284 ecclesiasticum
1975 3211 2528 3304 pertinentibus

770 3346 808 3392 ›
847 3318 1101 3395 Edicta
1155 3323 1472 3413 cujusvis
1527 3325 1830 3416 generis.

771 3456 809 3501 ι»
850 3435 1134 3506 Statnta
1186 3440 1257 3505 et
1308 3434 1798 3508 ordinationes
1849 3434 2515 3507 ecclesiasticorum.

769 3570 808 3617 >
848 3543 1186 3618 Mandata
1242 3563 1586 3636 procurae
1638 3565 1765 3637 pro
1822 3547 2149 3639 gerendis
2205 3546 2507 3637 negotiis
2557 3545 3049 3636 episcopatuS.

772 3681 812 3724 v
853 3657 1260 3748 Scripturae
1314 3659 1740 3730 muletarum
1796 3666 1866 3730 et
1917 3673 2338 3752 poenarum

771 3792 809 3837 ι»
851 3765 1029 3840 Item
1081 3769 1685 3858 supplicationum
1740 3776 1809 3843 et
1863 3769 2424 3841 absolutionum.

774 3903 812 3948 >
860 3880 1026 3953 Acta
1081 3881 1373 3971 Synodi.

771 4015 809 4061 ι»
853 3989 1305 4064 visitationes
1356 3992 1817 4065 ecclesiarum
1869 3998 1942 4066 et
1992 3995 2269 4083 piorum
2340 3993 2652 4064 locorum
2721 4007 3132 4079 earumque
3186 3987 3306 4061 de-

629 4129 667 4175 »
709 4111 931 4178 creta.
2504 4109 2505 4122 ¹

770 4242 807 4288 ,ν
848 4215 1158 4308 Regesta
1235 4213 1602 4289 Bullarum
1665 4215 2230 4306 Apostolicarum
2293 4214 2387 4287 ad
2456 4213 2779 4286 eamdem
2859 4212 3152 4285 curiam
3205 4207 3309 4283 di·-

630 4352 668 4397 >
708 4335 1091 4400 rectarum.

772 4463 810 4508 ι»
848 4438 1276 4511 Collationes
1328 4447 1399 4512 et
1450 4439 1942 4514 institutiones
1994 4440 2068 4512 in
2138 4438 2709 4531 permutatione,
2767 4446 2838 4511 et
2891 4437 3313 4530 scripturae

627 4572 665 4618 ›
705 4568 950 4622 omnes
1004 4550 1487 4630 beneficiales

771 4685 810 4732 ›
848 4658 1335 4735 Instrumenta
1361 4663 1768 4736 traditionis
1803 4662 2272 4755 possessionis
2295 4661 2707 4737 eorumdem
2740 4659 3317 4736 beneficiorum.
