3497 5235
643 343 763 408 312
1404 343 1776 403 luuh-notioni·
1815 343 1868 402 8.
1898 343 2079 419 Congr.
2109 343 2258 403 Oeno.
2298 345 2568 419 onenitio.

645 475 1051 569 Capitulum
1090 477 1336 550 merito
1370 483 1608 568 posset
1644 477 2017 566 obsistere,
2051 479 2437 568 quominus
2471 475 2849 570 Episcopus
2879 479 3223 553 huiusmodi

647 589 1027 661 canonicos
1097 589 1170 659 in
1230 608 1439 661 suum
1499 592 1867 663 servitium
1930 595 2148 680 queat
2210 607 2620 677 assumere,
2689 591 2943 663 etiamsi
3006 593 3236 682 passiva

653 702 1099 793 exemptione
1135 699 1226 772 ab
1262 697 1591 792 Episcopi
1630 700 2117 774 iurisdictione
2154 717 2229 771 se
2274 698 2584 792 gaudere
2623 681 3088 788 contend‘eret3
3132 701 3236 773 hac

654 814 845 886 enim
896 814 1155 905 posita,
1197 811 1657 885 nihilominus
1709 814 1782 884 S.
1823 809 2040 903 Cong.
2082 812 2432 900 definivit,
2475 813 2885 884 canonicum
2918 810 3239 900 quemdam

657 926 749 998 ab
785 924 1134 1017 Episcopo
1186 921 1562 997 Leodiensi
1616 926 1690 996 in
1741 941 1951 995 suum
2004 925 2370 996 servitium
2408 930 2844 1015 assumptum
2880 923 3096 995 baberi
3139 938 3236 1012 pro

653 1045 1031 1129 praesente
1067 1042 1138 1109 et
1172 1037 1530 1108 residente
1567 1035 1659 1108 ad
1693 1035 2022 1136 effectum
2049 1037 2491 1127 percipiendi
2528 1035 2796 1108 fructus
2825 1034 3234 1127 praebendae,

655 1149 942 1222 tametsi
993 1149 1316 1220 eamdem
1368 1147 1596 1238 ipsam
1653 1147 2127 1238 exemptionis
2180 1163 2471 1219 causam
2534 1149 2937 1239 exciperent
2982 1145 3244 1218 canonici

653 1260 971 1334 eiusdem
1023 1260 1337 1352 collegae
1390 1257 1750 1355 (Leodien.
1791 1261 1912 1331 28.
1953 1255 2150 1349 Sept.
2197 1257 2478 1354 1765.).

802 1373 923 1443 84.
963 1369 1224 1454 Quinto
1261 1371 1411 1444 loco
1447 1388 1533 1442 ex
1573 1376 1820 1462 aperta
1856 1370 2322 1464 dispositione
2358 1390 2417 1443 s,
2456 1390 2549 1441 m.
2584 1372 2761 1444 Sixti
2790 1367 2871 1441 V.
2911 1371 2979 1441 in
3008 1367 3245 1443 Constit.

656 1486 1014 1558 Romanus
1069 1483 1404 1571 Pontifex
1454 1477 1674 1576 (quae
1710 1483 2013 1554 refertur
2064 1483 2140 1554 in
2179 1482 2539 1554 volumine
2592 1479 2733 1553 ΙΙΙ.
2776 1483 2905 1555 sub
2949 1499 3122 1553 num.
3172 1473 3250 1572 1.)

649 1593 725 1691 ἓ.
765 1596 839 1668 A.
884 1595 1081 1680 Quod
1134 1595 1243 1676 si,
1297 1593 1647 1686 Episcopo
1708 1595 2022 1685 aliquem
2077 1595 2167 1667 de
2228 1597 2491 1685 gremio
2554 1592 2862 1686 Capituli
2913 1594 2997 1665 ad
3041 1589 3251 1665 Urbem

652 1709 935 1780 mittere
989 1707 1450 1798 permittitur,
1491 1713 1569 1779 ut
1623 1708 1836 1778 Sacra
1893 1704 2386 1796 Apostolorum
2440 1705 2722 1778 Limina
2776 1708 3025 1778 invisat
3069 1710 3129 1775 et
3168 1719 3251 1772 re·

653 1818 993 1890 lationem
1047 1819 1134 1890 de
1177 1837 1308 1890 sua
1360 1818 1663 1890 dioecesi
1700 1815 1895 1890 Sacr.
1936 1816 2474 1910 Congregationi
2515 1819 2881 1892 exhibeat.
2923 1817 3015 1890 De
3059 1815 3260 1887 huius·
3408 1889 3409 1900 Ν

653 1929 846 2001 modi
915 1927 1303 2020 Capitulari
1372 1926 1641 2001 Bened.
1703 1924 1891 1998 XIV.
1957 1931 2005 2001 l.
2075 1949 2136 2001 c.
2205 1950 2279 2001 n.
2346 1928 2467 2003 59.
2509 1930 3055 2002 declarationem
3101 1923 3261 1996 affert

662 2044 728 2113 1.
771 2039 1057 2115 Octobr.
1109 2031 1321 2115 1662.
1367 2045 1646 2136 Reqien.
1688 2038 1856 2140 (lib.
1902 2042 2022 2116 18.
2064 2044 2319 2117 decret.
2366 2063 2538 2137 paq.
2599 2042 2807 2130 362.)
2861 2043 3064 2115 huius
3108 2045 3262 2111 teno-
3408 2077 3409 2122 l

654 2156 794 2226 ris:
857 2176 895 2219 ι
926 2150 998 2225 S.
1031 2152 1104 2224 C.
1149 2157 1452 2243 censuit,
1492 2155 1738 2227 deberi
1776 2154 2321 2229 distributiones
2357 2155 2823 2246 quotidianas
2857 2162 3146 2244 tempore
3175 2166 3266 2218 ac-
3408 2167 3409 2178 ¹

662 2291 702 2335 ›
744 2283 1013 2354 cessuS,
1043 2267 1449 2364 mansionis
1501 2273 1571 2339 et
1626 2286 1988 2360 regressus
2025 2264 2467 2340 visitationis
2520 2264 2902 2342 Sacrorum
2938 2264 3261 2345 Liminum,
3408 2261 3409 2272 '

660 2401 699 2444 ›
742 2376 936 2467 quod
987 2384 1270 2470 tempus
1319 2380 1686 2452 constituit
1722 2399 1879 2452 esse
1930 2380 2149 2453 trium
2184 2380 2566 2453 mensium.
2611 2407 2648 2448 ›
2688 2378 2905 2451 Aliud
2941 2393 3092 2448 vero
3124 2372 3266 2444 circa

657 2489 945 2560 easdem
999 2490 1537 2564 distributiones
1572 2491 2029 2564 sentiendum
2065 2498 2174 2564 est
2225 2493 2314 2565 de
2352 2492 2694 2564 canonico
2739 2489 3153 2582 Episcopum
3180 2497 3266 2551 co-
3408 2515 3409 2526 κ

655 2599 985 2688 mitante,
1026 2601 1195 2673 dum
1250 2600 1368 2673 hic
1417 2601 1798 2676 dioecesim
1852 2621 2053 2675 sacra
2100 2601 2507 2674 visitatione
2560 2601 2979 2693 perlustrat,
3019 2614 3134 2669 ceu
3176 2592 3272 2664 de·
3408 2638 3409 2643 Ν

654 2711 953 2783 claravit
1004 2712 1257 2785 eadem
1310 2713 1381 2785 S.
1424 2712 1497 2784 C.
1541 2714 1616 2785 in
1673 2714 2078 2786 Sulmonen.
2134 2715 2205 2784 5.
2263 2712 2633 2787 Decembr.
2706 2713 2926 2785 1626.
2978 2704 3141 2807 (lib.
3176 2698 3269 2775 43.
3408 2774 3409 2787 Ν

653 2824 907 2896 decret.
957 2844 1129 2918 paq.
1171 2820 1389 2922 329.)
1441 2828 1635 2917 apud
1685 2824 1955 2898 Bened.
1998 2820 2187 2896 XIV.
2231 2828 2360 2898 loc.
2404 2828 2523 2899 cit.
2551 2848 2584 2912 ,·
2620 2826 2847 2898 edixit
2887 2824 3069 2896 enim
3121 2811 3275 2883 ‹Ca·
3408 2830 3409 2833 ‘

655 2959 694 3005 ›
736 2936 1029 3009 nonicos
1081 2955 1290 3009 suum
1343 2934 1774 3030 Episcopum
1814 2939 1887 3010 in
1939 2938 2344 3010 visitatione
2380 2940 2756 3011 Sacrorum
2816 2935 3161 3008 Liminum
3192 2942 3280 2998 co-

655 3070 694 3116 »
737 3048 1101 3137 mitantes,
1144 3048 1685 3121 distributiones
1730 3048 2190 3139 quotidianas
2227 3050 2482 3122 lucrari
2535 3049 2849 3139 debere3
2908 3043 3277 3121 comitantes
3408 3126 3409 3141 Ν

653 3182 694 3226 »
733 3176 898 3231 vero
951 3160 1024 3230 in
1076 3160 1481 3233 visitatione
1518 3158 1949 3249 dioeceseos,
1991 3161 2049 3232 si
2105 3179 2350 3232 omnes
2387 3161 2685 3249 fructuS,
2727 3168 2811 3234 ut
2867 3153 3277 3250 supponitur,
3408 3150 3409 3155 '

658 3291 695 3335 ›
737 3268 808 3341 in
862 3270 1493 3343 distributionibus
1546 3273 1986 3361 quotidianis
2039 3274 2460 3360 consistant,
2502 3272 2763 3344 lucrari
2820 3273 3010 3345 duas
3058 3269 3279 3359 partes,
3408 3268 3409 3299 ¹

657 3404 696 3446 ›
738 3381 999 3452 amissa
1053 3384 1290 3469 tertia,
1334 3402 1520 3473 quae
1574 3384 2128 3455 inservientibus
2181 3388 2561 3455 accrescat.
2611 3407 2648 3451 ›
3408 3370 3409 3395 ¹

795 3493 916 3563 85.
961 3491 1174 3567 Sexto
1205 3493 1355 3566 loco
1388 3495 1463 3565 in
1489 3493 1704 3566 Cone.
1737 3491 2153 3567 Tridentino
2187 3496 2365 3567 Sess.
2398 3493 2521 3567 21.
2551 3513 2707 3585 cap.
2747 3494 2872 3567 12.
2908 3493 2994 3565 de
3025 3487 3288 3579 Reform·
3408 3536 3409 3577 ἰ

650 3600 740 3673 de
779 3605 1141 3676 canonicis
1177 3608 1642 3680 constitutum
1681 3614 1817 3696 est,
1861 3613 1937 3678 ut
1975 3606 2496 3697 compellantur
2540 3603 2901 3697 Episcopo
2940 3590 3289 3677 celebranti
3408 3644 3409 3659 t

655 3720 781 3786 aut
835 3716 973 3785 alia
1030 3713 1468 3790 Pontificalia
1523 3719 1884 3791 exercenti
1938 3719 2267 3790 assistere
2306 3723 2378 3789 et
2428 3718 2798 3789 inservire.
2844 3714 3049 3798 Quae
3101 3711 3297 3797 dispo-
3408 3708 3409 3785 ἲ

651 3827 815 3898 sitio
893 3828 1366 3917 sequentibus
1441 3829 2052 3902 declarationibus
2127 3829 2359 3900 locum
2414 3827 2639 3900 dedit.
2706 3825 3199 3910 Quaerebatur
3240 3817 3296 3885 in
3408 3820 3409 3861 ³

654 3959 870 4012 causa
918 3940 1303 4012 Tudertina
1346 3940 1558 4012 1573.
1600 3937 1765 4040 (lib.
1812 3943 1881 4016 1.
1923 3944 2177 4016 decret.
2212 3961 2382 4032 paq.
2430 3940 2594 4014 110.
2597 3935 2668 4037 ):
2715 3964 2750 4006 «ι
2798 3942 2912 4011 An
2950 3938 3303 4011 retinentes
3408 3934 3409 3967 ³

655 4040 696 4120 {v
738 4053 1124 4143 dignitates
1175 4053 1782 4144 canonicatusque
1836 4055 1911 4125 in
1964 4052 2355 4125 cathedrali
2405 4052 2702 4124 ecclesia
2740 4049 3109 4145 Episcopo
3155 4042 3305 4117 Pon·
3408 4034 3409 4125 ἶ

659 4187 698 4230 ›
738 4164 1030 4237 tificalia
1081 4162 1378 4236 obeunti
1414 4182 1659 4237 omnes
1712 4165 2043 4236 assistere
2079 4169 2489 4252 teneantur,
2532 4163 2643 4234 vel
2681 4164 2918 4233 maior
2972 4179 3137 4254 pars
3169 4170 3307 4241 sup-

657 4298 696 4343 >
738 4282 964 4366 petat3
1008 4282 1079 4348 et
1114 4277 1369 4367 posite,
1413 4276 1604 4366 quod
1642 4294 1813 4363 non,
1855 4295 1947 4347 an
1984 4281 2399 4348 recusantes
2427 4276 2757 4346 assistere
2795 4272 3144 4348 mulctari
3178 4283 3313 4361 pos-

659 4410 698 4455 >
737 4383 932 4461 sint?
988 4388 1058 4459 S.
1102 4386 1354 4478 Congr.
1396 4388 1701 4477 censuit,
1742 4405 1989 4459 omnes
2040 4387 2293 4475 teneri,
2336 4386 2552 4457 salvis
2600 4392 2851 4458 tamen
2891 4383 3311 4476 singulorum

658 4519 696 4564 ν
736 4497 1072 4589 legitimis
1125 4498 1646 4571 vacationibus
1685 4524 1722 4568 ›

803 4610 922 4680 86.
965 4606 1136 4681 Cum
1190 4628 1352 4682 vero
1406 4610 1584 4682 alias
1663 4611 2069 4700 quaesitum
2137 4607 2391 4682 fuisset
2467 4610 2540 4680 in
2594 4609 2958 4685 Mutinen.
3024 4605 3318 4681 eiusdem

653 4719 829 4789 anni
879 4714 1050 4813 (lib.
1089 4719 1158 4792 1.
1199 4721 1457 4793 decret.
1490 4740 1662 4812 paq.
1698 4718 1890 4816 14.):
1956 4741 1993 4786 ‹
2027 4721 2130 4814 An
2172 4720 2495 4792 canonici
2536 4720 2883 4791 inservire
2926 4721 3321 4792 tenerentur
