3497 5235
610 267 728 330 218
1167 234 1176 245 ι
1360 267 1730 326 humationis
1771 269 1824 325 Β.
1853 269 2035 343 congr.
2072 269 2219 327 Oeno.
2260 269 2529 344 expositio.

612 405 892 495 nequit,
932 403 1154 475 veluti
1208 405 1613 475 monuimus
1664 410 1736 476 et
1795 404 2242 477 ostendimus
2293 405 2364 477 in
2419 404 2554 476 hoc
2604 405 2757 495 ipso
2812 403 2982 495 Cap.
3046 402 3140 474 II.
3192 404 3252 474 in

609 515 926 609 Append.
986 513 1070 586 de
1121 516 1659 588 Procuratione.

765 731 803 775 ι
842 707 963 780 lv.
1030 710 1177 799 An,
1237 719 1307 783 et
1362 711 1644 801 quoties
1697 704 2063 802 Synodum
2118 712 2620 784 dioecesanam
2688 712 3039 802 coegerit:
3095 717 3165 783 et
3208 712 3257 782 si

614 846 651 889 s
697 819 1085 914 Episcopus
1137 822 1314 893 nulli
1369 821 1912 913 Archiepiscopo
1983 822 2351 896 subiectus
2403 825 2539 909 sit,
2607 843 2701 894 an
2756 823 2847 894 ad
2911 823 3256 913 Synodum

613 957 651 1002 ›
692 933 1199 1023 provincialem
1253 934 1408 1005 eius
1464 933 2031 1026 Archiepiscopi,
2090 954 2302 1026 quem
2357 935 2447 1006 ad
2501 938 2828 1008 tramites
2883 932 3257 1007 Tridentini

615 1068 652 1110 »
693 1044 953 1135 eligere
1007 1051 1313 1133 tenetur,
1357 1051 1435 1117 ut
1488 1047 1642 1116 eius
1695 1046 1976 1136 Synodo
2029 1048 2445 1137 provinciali
2500 1049 2807 1135 intersit,
2850 1048 3254 1134 accesserit3

613 1181 652 1225 ›
693 1163 765 1228 et
815 1158 875 1228 si
927 1158 1019 1229 sit
1072 1157 1698 1251 ArcbiepiscopuS‚
1760 1179 1854 1230 an
1905 1156 2269 1250 Synodum
2323 1161 2827 1251 provincialem
2882 1159 3253 1244 habuerit,

613 1294 650 1338 ›
692 1275 762 1341 et
817 1270 1112 1359 quinam
1166 1270 1608 1362 suffraganei
1660 1269 1893 1343 eidem
1948 1271 2430 1344 interfuerint.
2480 1297 2519 1341 ›

743 1468 1166 1533 Suuuanmu.
1211 1467 1358 1531 148.
1398 1468 1740 1531 Decretum
1790 1468 1985 1532 conc.
2027 1464 2201 1532 Trid.
2240 1464 2323 1533 de
2366 1467 2773 1554 Synodorum
2819 1465 3258 1532 celebratione.

610 1567 850 1651 synodi
897 1567 1322 1655 provinciales
1377 1570 1643 1654 singulis
1706 1568 2042 1646 trienniiS,
2095 1569 2510 1637 dioecesanae
2569 1570 2837 1657 singulis
2886 1570 3066 1636 annis
3114 1569 3265 1635 cele-

607 1668 901 1736 brentur.
952 1670 1067 1748 Qui
1117 1670 1195 1737 ad
1246 1682 1544 1756 utrasque
1593 1671 1904 1737 interesse
1953 1671 2216 1739 debent.
2254 1710 2297 1720 -
2332 1675 2480 1739 149.
2521 1673 2764 1740 Summi
2814 1669 3176 1750 Pontifices,
3207 1687 3265 1735 ac

610 1777 839 1842 SSrnus
870 1778 942 1840 D.
966 1776 1040 1839 N.
1078 1772 1425 1860 praecipue
1459 1774 1854 1853 institerunt,
1891 1786 1962 1842 ut
1992 1775 2397 1860 Synodorum
2430 1776 2772 1843 celebratio
2807 1774 3266 1863 redintegrare-

611 1887 736 1943 tur.
772 1913 816 1925 -
852 1880 1000 1943 150.
1038 1878 1168 1941 Nec
1211 1877 1350 1943 sine
1401 1875 1603 1943 lausto
1653 1888 1911 1944 eventu.
1949 1914 1992 1924 -
2027 1881 2177 1944 151.
2232 1879 2585 1964 Aliquoties
2635 1884 2697 1949 S.
2740 1882 2812 1945 c.
2862 1877 3093 1944 suadet
3138 1874 3266 1944 Sui-

607 1978 958 2068 fraganeis,
1010 1990 1080 2045 ut
1128 1979 1506 2064 obsequiose
1568 1980 2069 2067 metropolitanis
2131 1992 2477 2068 suggerant
2534 1980 2871 2048 consilium
2918 1976 3265 2047 maturandi

609 2082 849 2165 Synodi
897 2080 1309 2167 provincialis
1356 2082 1881 2160 celebrationem,
1934 2104 2098 2171 quae
2147 2084 2418 2167 Synodis
2461 2083 2850 2151 dioecesanis
2883 2080 3268 2149 celebrandis

611 2196 852 2251 sternat
911 2183 1102 2249 viam.
1133 2221 1176 2231 -
1212 2187 1366 2250 152.
1403 2189 1466 2254 S.
1506 2188 1574 2251 c.
1614 2189 1809 2253 conc.
1866 2206 1946 2251 ex
1993 2188 2261 2254 constit.
2315 2189 2473 2255 Sixti
2523 2192 2599 2255 V.
2654 2185 3007 2273 providere
3057 2185 3263 2259 debet,

611 2297 683 2353 ut
730 2288 1066 2373 expleatur
1112 2288 1212 2354 lex
1260 2288 1342 2353 de
1392 2289 1661 2374 Synodis
1709 2289 2131 2356 celebrandis.
2159 2328 2202 2339 -
2240 2294 2388 2358 153.
2428 2290 2665 2357 Eadem
2700 2288 2990 2373 Synodos
3020 2287 3269 2375 provin·

609 2391 799 2455 ciales
847 2390 1159 2475 expendit
1222 2410 1290 2456 ac
1353 2392 1775 2480 recognoscit.
1829 2395 2098 2458 Necesse
2159 2411 2288 2458 non
2339 2403 2471 2472 est,
2521 2402 2594 2458 ut
2639 2392 2716 2458 ab
2762 2390 2987 2457 eadem
3048 2407 3269 2475 appro-

609 2492 847 2558 bentur
892 2512 1153 2558 normae
1198 2513 1313 2559 seu
1362 2495 1533 2583 leges
1584 2494 1647 2560 in
1697 2495 1956 2582 Synodo
2004 2514 2126 2581 per
2164 2495 2552 2583 Episcopum
2584 2494 2976 2581 propositae,
3028 2503 3103 2559 ut
3148 2510 3269 2557 ser-

609 2606 867 2661 ventur.
893 2633 936 2644 -
972 2599 1120 2662 154.
1160 2596 1371 2664 Sicubi
1423 2596 1615 2663 dubia
1650 2609 1796 2665 ante
1830 2597 2331 2666 celebrationem
2379 2598 2810 2674 suboriantur,
2865 2598 2930 2664 S.
2969 2598 3037 2663 c.
3080 2598 3266 2662 conc.

609 2699 984 2766 resolvenda
1016 2699 1291 2787 proponi
1326 2711 1614 2787 possunt.
1650 2702 1712 2768 Si
1740 2721 1865 2789 qua
1901 2701 2159 2769 interim
2193 2701 2273 2768 de
2307 2701 2755 2789 praecedentia
2788 2699 3053 2784 aliisque
3090 2697 3272 2763 rebus

609 2802 1038 2870 controversia
1087 2814 1437 2880 enascatur,
1489 2803 1827 2890 provideat
1866 2806 2242 2890 Episcopus,
2281 2804 2613 2871 reservatis
2649 2801 3000 2888 unicuique
3034 2800 3275 2866 iuribus

606 2906 759 2971 suis.
789 2942 832 2953 -
867 2908 1015 2971 155.
1057 2905 1354 2971 canonici
1409 2907 1713 2974 ecclesiae
1756 2907 2161 2984 cathedraliS,
2198 2906 2249 2971 si
2302 2906 2366 2972 in
2400 2906 2660 2972 civitate
2695 2904 2988 2989 synodus
3021 2904 3278 2990 provin·

611 3007 784 3074 cialis
832 3006 1219 3085 celebretur,
1272 3007 1349 3072 ad
1398 3007 1730 3092 Synodum
1782 3009 2092 3076 invitandi
2139 3020 2313 3076 sunt.
2367 3009 2517 3077 Sive
2564 3020 2778 3073 autem
2832 3005 3272 3095 collegialiter,

607 3110 749 3175 sive
794 3127 915 3194 per
959 3120 1409 3195 procuratores
1455 3111 1784 3189 accedant,
1836 3112 2046 3178 locum
2093 3134 2125 3178 a
2176 3116 2465 3179 caerem.
2506 3115 2690 3177 Rom.
2731 3108 3139 3195 praefinitum
3173 3108 3278 3173 ha-

609 3213 763 3281 bere
796 3210 1061 3278 debent.
1092 3248 1135 3258 -
1171 3214 1318 3277 156.
1358 3217 1589 3282 SSmus
1634 3218 1706 3279 D.
1745 3216 1824 3279 N.
1859 3216 2199 3301 specialem
2236 3214 2666 3283 Cardinalium
2700 3210 3277 3301 congregationem

605 3314 917 3381 stabiliter
966 3312 1318 3393 constituit,
1370 3316 1472 3379 cui
1521 3316 1739 3402 plures
1773 3318 2181 3384 consultores
2226 3317 2489 3406 adlegit,
2540 3335 2658 3403 pro
2705 3315 2978 3400 Synodis
3016 3314 3278 3401 provin-

610 3417 872 3485 cialibus
921 3415 1379 3483 examinandis.
1429 3455 1472 3466 -
1526 3423 1673 3486 157.
1727 3423 2135 3506 Synodorum
2182 3419 2674 3507 provincialium
2724 3418 3080 3506 recognitio
3125 3435 3279 3482 vera

610 3531 676 3586 et
722 3519 980 3605 propria
1013 3519 1384 3607 approbatio
1418 3539 1633 3588 earum
1667 3542 1799 3588 non
1831 3533 1950 3590 est.
1979 3561 2022 3572 -
2053 3528 2196 3591 158.
2232 3522 2526 3610 Episcopi
2565 3521 2850 3609 exempti
2901 3540 2970 3585 ac
3017 3518 3277 3585 Praelati

609 3624 874 3690 Nullius
906 3623 1145 3706 Synodi
1181 3624 1626 3692 convocandae
1659 3625 2006 3715 privilegio
2038 3644 2167 3692 non
2195 3625 2408 3692 donati
2435 3623 3005 3709 Archiepiscopum
3041 3623 3279 3709 eligere

606 3738 939 3804 tenentur,
992 3726 1171 3792 cuius
1219 3727 1478 3812 Synodo
1528 3728 1981 3796 interveniant.
2012 3765 2054 3777 -
2092 3731 2238 3795 159.
2281 3727 2763 3814 Arcbiepiscopi
2796 3727 2935 3792 sine
2969 3723 3276 3810 Suffraga-

605 3831 745 3897 neis
789 3830 1150 3906 laudantur,
1186 3830 1235 3894 si
1280 3828 1453 3896 idem
1488 3830 1735 3897 iaciant.
1767 3869 1810 3880 -
1847 3835 1995 3898 160.
2037 3831 2328 3917 capitula
2362 3841 2664 3916 exempta
2705 3840 3013 3895 tenentur
3040 3827 3279 3893 solum-

604 3931 801 3998 modo
846 3949 1103 3998 servare
1150 3930 1407 3997 decreta
1457 3932 1722 4018 Synodi,
1761 3934 1862 4000 cui
1891 3954 2043 4001 suus
2077 3933 2366 4001 interfuit
2398 3934 2775 4021 Episcopus.
2805 3970 2848 3980 -
2886 3937 3037 3999 161.
3071 3931 3279 3997 Etiam

605 4048 753 4104 ante
803 4035 1092 4119 Synodos
1139 4033 1562 4112 dioecesanas,
1611 4035 1662 4101 si
1713 4037 2148 4103 controversia
2200 4036 2466 4114 oriatur,
2520 4034 2786 4123 expedit
2819 4054 2958 4101 eam
2994 4044 3130 4101 ante
3167 4032 3285 4098 de·

603 4137 817 4216 finire,
855 4148 963 4203 aut
992 4136 1072 4203 ad
1105 4136 1277 4203 aliud
1314 4147 1589 4224 tempus,
1630 4137 1874 4206 iuribus
1905 4139 2268 4216 reservatis,
2307 4138 2591 4205 differre.
2614 4174 2656 4186 -
2687 4141 2834 4204 162.
2879 4140 2943 4204 S.
2978 4139 3047 4203 c.
3079 4136 3279 4200 conc.

606 4239 897 4326 Synodos
943 4240 1342 4307 dioecesanas
1405 4258 1535 4306 non
1593 4241 1931 4309 examinat.
1972 4278 2015 4289 -
2066 4245 2214 4308 163.
2270 4241 2574 4309 Nonnulli
2623 4238 2962 4306 Antistites
3023 4236 3287 4303 decreta

603 4342 925 4427 synodalia
972 4343 1157 4409 alicui
1208 4342 1274 4408 in
1324 4344 1484 4410 urbe
1532 4344 1834 4430 privatim
1884 4342 2299 4410 examinanda
2342 4344 2746 4410 committere
2780 4345 3286 4407 consueverunt.

607 4482 650 4493 -
686 4448 835 4511 164.
877 4444 1102 4530 Siquid
1151 4445 1216 4510 in
1263 4446 1630 4531 particulari
1683 4445 2118 4512 irrationabile
2179 4446 2286 4512 vel
2337 4463 2676 4512 onerosum
2740 4443 3035 4529 Synodus
3079 4437 3291 4504 conti-

606 4555 781 4622 neat,
833 4549 902 4614 S.
936 4550 1006 4613 c.
1059 4548 1468 4635 proponitur,
1506 4558 1576 4614 ut
1607 4547 1976 4637 singulatim
2025 4547 2450 4615 examinetur.
2489 4550 2711 4634 Neque
2745 4546 3094 4632 Episcopus
3121 4559 3297 4608 con-

608 4646 794 4736 queri
844 4647 1061 4725 debet,
1110 4649 1162 4715 si
1212 4649 1407 4733 aliqui
1443 4669 1477 4714 e
1511 4650 1687 4715 clero
1725 4650 1898 4736 apud
1948 4656 2010 4720 S.
2052 4650 2631 4740 congregationem
2666 4649 3039 4716 reclament.
3080 4644 3294 4713 Multo
