3497 5235
654 283 775 346 416
1403 285 1774 345 Iusti-untionis
1813 284 1866 342 8.
1895 282 2079 358 Oongr.
2107 282 2254 341 Ocno.
2297 282 2567 357 exponitio.

657 443 698 488 ›
735 420 977 492 sertim
1034 418 1423 491 maioribus
1458 420 1630 490 anni
1681 417 2282 508 solemnitatibuS,
2323 419 2496 491 dum
2538 436 2702 490 cum
2738 416 3059 508 praefato
3097 436 3301 492 reme-

656 554 697 599 »
737 530 853 602 dio
904 536 1098 603 recte
1150 530 1555 603 consultum
1609 534 1958 618 remanet,
2000 529 2335 619 idemque
2387 529 2750 602 obtinetur
2800 529 2991 620 finiS,
3050 530 3165 602 vel
3213 550 3306 604 re-

659 664 698 709 »
735 642 957 714 sultat
1008 642 1326 715 effectus

806 779 844 822 »
882 750 1243 826 Multoties
1312 754 1575 826 etenim
1625 752 1967 827 ecclesiae
2035 752 2481 845 parochiales
2547 752 2638 824 ob
2713 753 2958 844 populi
3028 759 3100 825 et
3153 752 3307 825 cleri

657 892 698 937 ›
737 867 1012 957 copiam
1063 860 1175 961 (ut
1229 866 1545 956 plurium
1581 865 1892 937 locorum
1944 866 2186 957 praxis
2221 863 2459 962 docet)
2512 864 3047 956 collegiatarum
3102 866 3306 940 etiam

658 1003 698 1049 ›
735 978 1123 1069 insignium
1177 977 1476 1068 figuram
1530 975 1849 1064 faciunt,
1925 979 2093 1066 quia
2162 993 2416 1066 nempe
2468 976 2703 1049 clerici
2774 978 3143 1049 naturales
3211 977 3306 1049 vel

658 1115 699 1160 ›
738 1090 1275 1180 patrimoniales
1325 1088 1477 1161 loci.
1512 1090 1666 1161 eius
1716 1090 2004 1161 servitio
2057 1107 2138 1161 ac
2190 1105 2468 1161 massae
2535 1089 2875 1180 adscripti
2927 1089 3310 1179 quamdam

656 1226 697 1271 ›
736 1199 1042 1293 Capituli
1095 1201 1405 1294 speciem
1456 1201 1903 1273 constituunt
1954 1218 2081 1272 seu
2135 1199 2433 1291 figuram
2479 1198 2753 1271 faciunt
2804 1218 2965 1272 cum
3018 1201 3307 1273 diurnae

656 1338 696 1384 ι
736 1310 994 1385 Missae
1074 1311 1613 1402 conventualiS,
1669 1312 2117 1402 aliorumque
2184 1312 2587 1384 divinorum
2652 1310 3185 1401 celebratione,
3240 1331 3309 1385 ac

656 1451 696 1497 ι
734 1427 954 1499 etiam
1002 1426 1295 1497 statutis
1343 1424 1600 1497 diebus
1653 1442 1814 1496 cum
1869 1421 2079 1497 Missa
2132 1425 2459 1514 solemni,
2516 1429 2587 1497 et
2640 1443 2799 1496 cum
2854 1423 3307 1496 concionibus

655 1562 694 1607 »
733 1539 807 1608 in
859 1536 1188 1609 Adventu
1240 1541 1310 1608 et
1361 1533 1950 1627 Quadragesima,
2009 1538 2377 1627 magisque
2431 1541 2679 1608 exacto
2716 1535 3087 1607 doctrinae
3140 1535 3310 1607 chri·

653 1673 694 1718 ›
733 1650 1039 1737 stianae,
1081 1648 1530 1738 aliarumque
1582 1648 2062 1739 spiritualium
2115 1666 2350 1720 rerum
2404 1648 2775 1736 exercitio,
2836 1665 3025 1736 quae
3078 1647 3306 1718 omnia

652 1785 693 1830 ›
733 1778 894 1834 cum
932 1760 1069 1832 hac
1104 1761 1409 1833 scissura
1464 1767 1828 1832 cessarent
1880 1759 1993 1832 vel
2044 1758 2588 1831 diminutionem
2628 1763 3087 1849 paterentur;
3141 1760 3301 1846 sive,

575 1876 578 1883 “
653 1897 694 1942 ›
733 1870 857 1944 ubi
909 1873 1127 1943 etiam
1162 1871 1329 1943 talis
1379 1872 1623 1965 populi
1658 1879 1729 1945 et
1782 1871 1947 1944 cleri
2001 1873 2202 1962 copia
2255 1873 2374 1959 sit,
2418 1872 2601 1943 utin
2640 1876 2975 1961 utraque,
3017 1873 3306 1961 antiqua

655 2008 696 2053 ›
736 1990 808 2057 et
859 2003 1044 2056 nova
1098 1983 1393 2056 ecclesia
1435 1983 1911 2074 pariiormiter
1962 1985 2256 2057 eaedem
2292 1983 2696 2056 functiones
2739 1984 3150 2055 continuari
3204 2002 3305 2053 va-

654 2123 694 2166 »
735 2097 957 2185 leant,
1000 2101 1219 2186 atque
1270 2094 1752 2168 emolumenta
1790 2096 1960 2168 talia
2013 2096 2185 2185 sint,
2225 2101 2306 2168 ut
2355 2096 2673 2166 omnium
2718 2113 3034 2186 congrua
3089 2094 3308 2186 provi-

655 2232 694 2281 »
733 2209 839 2281 sio
891 2207 1105 2296 adsit,
1147 2208 1384 2280 adhuc
1433 2213 1678 2278 tamen
1731 2208 2171 2298 quandoque
2224 2226 2370 2279 non
2420 2207 2735 2299 expedit,
2786 2207 3132 2296 quoniam
3183 2205 3311 2277 sre-

651 2345 691 2391 »
732 2338 965 2410 quens
1001 2320 1448 2411 experientia
1481 2319 1713 2408 docet,
1756 2318 1950 2410 quod
1999 2318 2405 2391 huiusmodi
2441 2319 2900 2392 ecclesiarum
2945 2318 3311 2408 parochia-

653 2431 902 2502 »lium
981 2432 1367 2523 duplicitas
1441 2433 1788 2505 scissuras
1863 2450 1947 2502 ac
2021 2430 2477 2503 factionarias
2539 2430 3061 2502 aemulationes
3131 2431 3304 2499 inter

651 2566 691 2612 ι
731 2543 1110 2635 utriusque
1163 2543 1428 2615 clerum
1483 2548 1554 2615 et
1606 2542 1953 2635 populum
2007 2544 2396 2633 respective
2460 2560 2758 2615 causare
2808 2542 3020 2614 solet.

796 2656 967 2727 284.
1013 2681 1050 2724 a»
1091 2652 1146 2726 Ε
1186 2673 1522 2728 converso
1575 2663 1814 2728 autem
1850 2654 1941 2727 ob
1996 2656 2396 2745 aliquarum
2450 2656 2819 2747 regionum
2871 2654 2985 2726 vel
3039 2657 3312 2726 contra-

653 2788 692 2837 »
730 2764 985 2838 darum
1038 2767 1357 2840 eiusdem
1409 2767 1781 2857 paroeciae
1834 2767 2338 2860 antipathiam,
2381 2767 2491 2838 vel
2544 2768 2715 2857 quia
2779 2785 2924 2839 una
2980 2784 3147 2856 pars
3196 2782 3311 2835 ae-

652 2901 694 2947 »
732 2878 924 2950 mula
962 2879 1283 2969 alteriuS,
1325 2881 1397 2952 in
1436 2897 1577 2968 qua
1617 2881 1772 2970 ipsa
1823 2878 2161 2970 parochia
2199 2880 2335 2951 sita
2387 2879 2505 2966 sit,
2546 2878 2742 2949 illam
2794 2877 3309 2950 subiectionem

651 3012 691 3058 ι
730 3007 943 3082 aegre
992 2989 1198 3081 ferat,
1251 2990 1441 3064 unde
1509 2999 1887 3082 propterea
1939 2992 2290 3063 resultant
2359 2991 2990 3078 inconvenientia,
3048 2988 3312 3078 quibus

651 3122 693 3168 v
731 3095 893 3172 cum
945 3103 1314 3195 adiutricis
1366 3102 1709 3175 ecclesiae
1763 3121 1893 3174 seu
1948 3104 2363 3174 vicariorum
2418 3108 2489 3174 et
2540 3102 3033 3174 coadiutorum
3085 3100 3313 3189 depu-

650 3212 1000 3284 »tatione
1051 3212 1455 3285 consultum
1507 3231 1654 3285 non
1707 3215 1836 3303 sit,
1896 3214 1988 3286 ad
2040 3214 2229 3285 hanc
2294 3214 2712 3286 divisionem
2777 3211 3314 3303 procedendum

652 3345 694 3391 ι
731 3331 868 3412 est,
909 3324 1091 3396 adeo
1141 3329 1221 3396 ut
1273 3326 1348 3396 in
1401 3344 1545 3397 uno
1595 3344 1796 3415 casu,
1844 3327 1920 3397 in
1972 3344 2114 3416 quo
2168 3327 2389 3396 maior
2439 3325 2685 3416 populi
2733 3343 3107 3411 numerus,
3164 3341 3319 3392 ma-

651 3459 691 3505 »
729 3436 978 3526 iorque
1030 3438 1363 3510 territorii
1416 3437 1814 3529 amplitudo
1865 3438 2105 3528 adsit,
2153 3437 2405 3510 divisio
2456 3435 2785 3508 facienda
2841 3455 2989 3508 non
3041 3437 3176 3523 sit,
3239 3435 3316 3504 in

650 3569 692 3615 ι
730 3547 955 3619 altero
1007 3554 1248 3621 autem
1301 3552 1680 3640 expediat;
1738 3555 1809 3622 et
1862 3556 2383 3640 consequenter
2434 3547 2771 3639 prudenti
2822 3548 3149 3638 beneque
3206 3563 3321 3618 re—

651 3682 691 3728 »
731 3660 971 3752 gulato
1013 3660 1317 3734 arbitrio
1375 3668 1596 3734 totum
1651 3664 2103 3735 commissum
2157 3667 2294 3735 est.
2341 3686 2380 3730 ι»

791 3772 962 3844 285.
1004 3768 1376 3864 Multiplex
1414 3774 1630 3865 igitur
1665 3780 1772 3846 est
1823 3773 1965 3863 via,
2007 3791 2223 3862 quam
2264 3772 2614 3864 gradatim
2666 3771 2846 3843 inire
2892 3768 3107 3842 debet
3138 3765 3323 3860 Epi-

645 3901 933 3975 scopuS,
975 3885 1267 3974 quando
1318 3903 1507 3957 unus
1561 3884 1912 3976 parochus
1964 3884 2056 3955 ad
2110 3884 2545 3973 parochialia
2586 3901 2882 3954 munera
2939 3881 3319 3969 undequa-

643 4011 788 4084 que
839 3994 1170 4068 obeunda
1209 4015 1352 4068 non
1404 3996 1693 4071 sufficit.
1752 3993 1840 4068 In
1891 3998 2139 4088 primis
2175 3998 2367 4069 enim
2418 4015 2605 4069 unus
2657 3996 2765 4068 vel
2810 3995 3057 4086 plures
3104 3994 3329 4065 adiu-

643 4110 835 4178 tores
886 4106 1278 4198 deputandi
1331 4118 1526 4200 sunt,
1568 4111 1691 4202 qui
1744 4111 1853 4181 vel
1907 4111 1981 4182 in
2033 4111 2285 4183 eadem
2355 4110 2651 4183 ecclesia
2704 4111 3130 4201 parochiali,
3204 4108 3328 4180 vel

644 4218 813 4307 alia,
856 4236 1043 4308 quae
1094 4221 1462 4294 adiutricis
1506 4221 1928 4313 qualitatem
1981 4221 2329 4310 obtineat,
2373 4241 2575 4295 suam
2629 4222 3087 4295 residentiam
3136 4239 3334 4292 con·

641 4331 976 4404 stituant.
1019 4329 1345 4405 Secundo
1397 4334 1576 4423 loc0‚
1617 4335 1675 4406 si
1714 4332 1849 4406 hoc
1901 4335 2293 4407 remedium
2329 4335 2652 4425 ineptum
2707 4333 2800 4405 ad
2845 4333 2980 4405 hoc
3030 4348 3341 4422 compe-

639 4441 850 4530 ritur,
887 4443 1193 4515 vicarius
1230 4452 1621 4538 perpetuus
1674 4463 1837 4516 cum
1873 4445 2116 4536 aliqua
2168 4445 2649 4538 dependentia
2687 4464 2729 4515 a
2773 4444 3076 4537 parocho
3106 4444 3338 4535 priu-

645 4551 884 4640 cipali,
930 4559 1007 4624 ut
1042 4554 1249 4626 modo
1284 4555 1785 4646 explicabitur,
1828 4557 1963 4628 erit
1995 4556 2568 4629 constituendus,
2610 4554 2924 4629 Tandem
2973 4556 3030 4627 si
3066 4572 3339 4644 neque

641 4659 782 4735 hoc
831 4664 1226 4737 remedium
1278 4668 1727 4758 supplendae
1779 4671 2187 4743 necessitati
2226 4688 2360 4762 par
2410 4671 2546 4761 sit,
2600 4669 2692 4742 ad
2735 4668 3105 4761 parochiae
3166 4666 3343 4738 dis-
