3497 5235
529 253 644 351 ‚⁰⁸³⁹
669 254 739 312 11.
777 254 851 313 D·
888 251 1155 329 Episcopo,
1191 253 1600 328 Archi-pineae,
1635 254 1866 313 Primto
1904 254 1967 355 οξ
1999 254 2323 313 Patria-011⁸.
2367 256 2420 329 g.
2453 253 2502 312 6.
2729 253 2847 317 247
2982 290 2991 303 ·

251 415 281 459 ›
308 386 537 462 Bened.
575 384 765 460 XIV.
808 389 861 459 l.
901 389 1024 461 cit.
1066 409 1141 461 n.
1182 385 1296 484 3.)
1347 406 1617 480 poenas
1651 388 2027 476 eiusmodi,
2069 388 2308 479 quoad
2345 405 2503 459 eam
2539 395 2845 478 partem,

247 521 461 593 »quae
504 507 610 575 est
671 508 862 573 certo
915 502 1065 573 loco
1135 521 1264 574 seu
1338 502 1454 591 pio
1505 502 1698 591 operi
1753 500 2156 594 applicata,
2216 517 2611 589 numquam
2663 500 2848 589 sibi,

242 621 844 704 »quantacumque
899 613 1231 687 laborent
1285 615 1523 704 inopia
1557 665 1577 700 ‚
1648 612 1795 685 fore
1849 611 1940 683 ab
1998 610 2398 703 Apostolica
2452 608 2633 684 Sede
2687 631 2857 685 con-

246 723 647 812 ›cedendaS‚
706 725 845 795 nisi
898 724 1388 814 probaverint,
1446 726 1677 796 locum
1748 741 1878 795 seu
1929 742 2109 814 opus
2159 724 2356 814 pium
2412 741 2495 795 ea
2547 726 2856 816 pecunia

243 862 273 903 ›
302 855 420 909 non
459 836 814 928 indigere:
875 854 1111 926 neque
1150 837 1340 908 enim
1378 834 1599 908 Sedes
1640 834 2066 926 Apostolica‚
2106 840 2187 906 ut
2222 836 2349 906 uni
2388 835 2852 926 gratificetur,

242 949 425 1020 »vult
469 949 600 1020 iuri
657 950 984 1038 quaesito
1038 949 1336 1021 alterius
1387 947 1903 1038 praeiudicium
1957 947 2247 1019 inferre.
2284 972 2322 1014 »

348 1061 496 1131 214.
553 1057 657 1131 Ea
713 1078 899 1150 quae
951 1061 1026 1131 in
1080 1057 1593 1151 Episcoporum
1649 1060 2125 1150 indigentium
2181 1060 2559 1132 utilitatem
2606 1060 2743 1131 hac
2781 1061 2856 1132 in

235 1187 294 1241 re
326 1170 656 1263 indulgeri
710 1189 916 1264 posse
968 1162 1323 1244 hactenus
1375 1172 1841 1243 constitutum
1895 1178 2027 1257 est,
2084 1188 2230 1241 non
2283 1171 2654 1262 suffragari
2709 1171 2854 1243 ullo

230 1281 396 1353 modo
439 1284 586 1355 sive
637 1280 991 1372 Capitulo‚
1047 1284 1199 1355 sive
1239 1280 1514 1354 Vicario
1548 1279 1963 1373 Capitulari,
2003 1282 2171 1353 sede
2207 1291 2538 1367 vacante,
2584 1282 2852 1373 pluries

227 1380 568 1465 declaravit
617 1395 691 1466 S.
735 1391 811 1465 C.
852 1391 1099 1466 Conna
1158 1411 1548 1486 poenarum
1605 1393 1796 1464 enim
1850 1392 2256 1464 huiusmodi
2294 1392 2622 1464 cumulus
2659 1393 2857 1464 omni

230 1521 294 1574 ex
332 1511 519 1594 parto
572 1506 745 1576 locis
795 1506 932 1595 piis
984 1505 1380 1577 consecrari
1436 1504 1651 1577 debet
1684 1556 1704 1590 ‚
1770 1509 1850 1575 ut
1903 1504 2153 1575 eadem
2207 1503 2518 1575 decrevit
2572 1504 2644 1574 in
2696 1505 2855 1578 Ma-

226 1618 446 1688 zarien.
486 1620 562 1689 6.
597 1616 967 1690 Decembr.
1000 1618 1214 1689 1643.
1257 1612 1420 1709 (lib.
1451 1616 1489 1689 4
1502 1617 1570 1689 7.
1604 1616 1859 1689 decret.
1893 1635 2062 1707 paq.
2094 1615 2262 1688 449.
2303 1636 2349 1687 α
2385 1611 2615 1708 terqo)
2675 1622 2745 1687 et
2782 1618 2857 1689 in

228 1726 467 1800 Elnensi
520 1732 645 1801 28.
685 1726 892 1800 Mart.
940 1729 1154 1801 1648.
1218 1724 1260 1826 (
1263 1730 1381 1801 lib.
1428 1728 1544 1801 48.
1588 1728 1845 1801 decret.
1882 1747 2048 1820 paq.
2091 1727 2262 1799 464.
2304 1734 2369 1799 et
2404 1721 2589 1822 seq.)
2638 1746 2859 1821 penes

225 1842 503 1913 cumdem
544 1840 818 1914 Bened.
863 1836 1055 1911 xlv,
1099 1841 1230 1912 loc.
1271 1842 1393 1914 cit.
1437 1862 1510 1912 n.
1553 1841 1626 1911 4.
1667 1836 1846 1910 Nam
1901 1838 2317 1929 ceteroquin
2371 1857 2683 1928 congrua
2731 1858 2858 1930 pro

224 1945 451 2024 vicario
478 1952 868 2046 capitulari
909 1951 1313 2044 adsignatio
1350 1951 1793 2024 desumenda
1831 1958 1937 2023 est
1974 1969 2059 2022 ex
2096 1950 2622 2038 emolumentis,
2664 1969 2852 2040 quae

223 2077 288 2131 ex
316 2064 818 2151 iurisdictione,
877 2073 1002 2137 aut
1038 2065 1296 2155 sigillo,
1355 2065 1466 2137 vel
1520 2062 1810 2134 aliunde
1865 2062 2321 2152 proveniunt,
2378 2070 2588 2152 prout
2640 2062 2857 2154 paulo

220 2181 347 2261 post
390 2177 852 2249 ostendemus
904 2176 979 2246 in
1030 2176 1425 2267 Appendice
1475 2174 1559 2246 de
1619 2175 1846 2246 Taxa.

333 2289 496 2359 215.
558 2286 783 2359 Simul
823 2306 906 2359 ac
939 2289 1249 2359 mulctae
1286 2305 1412 2359 seu
1448 2304 1723 2379 poenae
1761 2285 2216 2375 pecuniariae
2270 2283 2363 2356 ab
2412 2284 2855 2375 administris

215 2391 510 2490 Episcopi
565 2406 860 2471 exactae
914 2398 1203 2487 luerint,
1262 2401 1462 2471 iuxta
1515 2398 1912 2488 encyclicas
1964 2398 2204 2469 literas
2258 2399 2330 2467 S.
2372 2395 2447 2469 C.
2499 2395 2739 2487 Episc.
2780 2403 2855 2470 et

216 2502 441 2599 Regul.
474 2512 549 2581 5.
581 2509 792 2582 Febr.
823 2511 1073 2597 1678..
1107 2530 1290 2600 quas
1318 2510 1530 2582 refert
1564 2507 1812 2581 Cleric.
1847 2510 1931 2581 de
1957 2510 2199 2600 Renes.
2233 2510 2410 2582 disc.
2450 2510 2616 2583 400.
2649 2510 2859 2591 η.4.,

210 2624 415 2694 statim
454 2623 966 2696 custodiendae
1004 2624 1191 2695 tradi
1219 2622 1489 2694 debent
1526 2622 1746 2713 probo
1782 2629 1855 2694 et
1890 2622 2082 2695 fideli
2112 2624 2570 2714 depositario,
2604 2632 2682 2695 ut
2718 2623 2858 2695 hac

205 2735 455 2808 ratione
489 2754 774 2826 semper
809 2736 1238 2824 innotescat,
1273 2742 1622 2825 quantum
1663 2753 1704 2806 a
1740 2734 2333 2824 delinquentibus
2367 2741 2696 2806 exactum
2731 2735 2852 2822 sit,

206 2847 376 2918 etad
405 2866 618 2937 quem
660 2865 864 2919 usum
904 2852 1262 2938 erogatae.
1309 2843 1511 2918 Unde
1548 2843 1764 2916 debet
1797 2845 1960 2936 eligi
1999 2845 2475 2935 depositarius
2501 2863 2588 2916 ex
2618 2848 2856 2916 mente

205 2952 265 3026 S.
291 2955 363 3029 C.
401 2958 641 3051 Episc.
681 2967 753 3031 et
790 2953 1047 3049 Regni.
1090 2952 1321 3054 (apud
1357 2957 1588 3029 Nicol.
1623 2956 1848 3029 Flosc.
1893 2955 2108 3027 verbo
2146 2958 2387 3028 Poena
2425 2975 2499 3026 η.
2545 2955 2614 3027 6.
2616 2951 2693 3050 ),
2731 2955 2859 3044 qui

203 3071 580 3143 cautionem
640 3075 956 3164 praestet
1009 3070 1099 3141 de
1151 3069 1336 3141 bene
1389 3067 1987 3156 administrandO,
2028 3075 2098 3139 et
2135 3066 2630 3157 expendendo,
2690 3084 2855 3137 cum

200 3182 519 3257 mandato
570 3180 977 3272 subscripto
1014 3179 1106 3251 ab
1146 3177 1522 3252 Ordinario
1573 3187 1644 3251 et
1695 3179 1979 3252 duobus
2030 3176 2571 3269 capitularibus.
2632 3173 2738 3271 (S.
2774 3175 2849 3249 C.

197 3284 417 3382 Episc.
450 3302 520 3366 et
555 3291 814 3384 Regul.
849 3293 1041 3383 apud
1078 3293 1309 3365 Nicol.
1346 3293 1478 3363 loc.
1512 3293 1633 3364 cit.
1673 3291 1711 3364 4
1722 3289 1957 3386 652.).
1991 3288 2301 3373 Quorum
2338 3288 2854 3361 Canonicorum

193 3402 358 3476 alter
407 3407 714 3498 eligatur
774 3404 867 3475 ab
931 3403 1310 3496 Episcopo,
1368 3405 1547 3477 alter
1599 3425 1639 3475 a
1693 3402 2047 3494 Capitulo‚
2106 3401 2179 3473 S.
2232 3400 2307 3474 C.
2364 3399 2604 3493 Episc.
2663 3400 2855 3492 apud

189 3513 408 3588 Nicol.
449 3520 581 3591 loc.
615 3519 739 3590 cit.
775 3517 991 3590 4654.
1050 3514 1197 3589 Nec
1245 3516 1394 3588 ullo
1451 3516 1656 3588 modo
1703 3517 2046 3605 pecunias
2085 3514 2508 3585 mulctarum
2547 3513 2741 3606 apud
2774 3530 2853 3584 se

187 3629 482 3703 retineat
517 3628 966 3701 Ordinarius.
1026 3625 1134 3722 (S.
1177 3626 1642 3720 Congregatio
1677 3624 1917 3719 Episc.
1961 3633 2032 3699 et
2080 3619 2341 3716 Regul.
2390 3625 2581 3718 apud
2618 3625 2850 3697 Nicol.

187 3734 312 3808 loc.
353 3740 474 3812 cit.
517 3737 804 3832 4596.).

325 3849 490 3922 216.
548 3847 637 3921 111
692 3851 1205 3942 depositarium
1262 3851 1427 3942 eligi
1479 3850 1742 3939 debet,
1801 3850 2039 3941 quoad
2101 3849 2252 3921 fieri
2310 3855 2584 3941 potest,
2642 3865 2857 3919 cano-

183 3958 385 4031 nicus
432 3962 865 4033 cathedralis
918 3964 1114 4034 iuxta
1160 3959 1579 4052 Fagnanum
1633 3960 1806 4053 Cap.
1847 3960 2254 4052 Presbyteri
2291 3980 2366 4032 n.
2399 3958 2521 4032 33.
2562 3959 2647 4031 de
2683 3960 2859 4030 Poe-

187 4070 329 4152 nis,
364 4079 426 4144 et
459 4070 832 4145 Monacell.
877 4073 1114 4144 Form.
1159 4072 1288 4165 leq.
1331 4074 1444 4146 tit.
1492 4072 1558 4145 4.
1606 4075 1840 4145 Form.
1888 4072 2006 4146 43.
2049 4093 2124 4143 n.
2170 4071 2238 4143 7.
2282 4077 2347 4143 et
2391 4091 2565 4161 seq„
2622 4077 2702 4142 ut
2753 4069 2854 4140 le-

183 4182 376 4270 gitur
421 4185 613 4277 apud
667 4184 740 4257 S.
798 4182 871 4257 C.
930 4184 1007 4254 in
1060 4182 1226 4254 folio
1279 4185 1677 4256 Bisacct’en.
1741 4185 1811 4254 1.
1853 4181 2058 4254 Mart.
2124 4184 2339 4253 1738.
2395 4178 2469 4274 ξ.
2531 4181 2852 4252 Examen

182 4315 219 4356 α
260 4297 388 4384 qui
420 4290 873 4391 (canonicus)
917 4313 1093 4366 suae
1145 4294 1787 4367 administrationis
1839 4298 2256 4384 quotannis,
2316 4299 2692 4383 praesente
2728 4288 2856 4362 Ca-

181 4425 218 4465 »
255 4407 509 4492 pitulo,
551 4410 901 4479 rationem
943 4406 1290 4493 reddat»;
1346 4412 1419 4477 et
1454 4412 1799 4478 consonat
1840 4405 2210 4477 Lavalten.
2260 4405 2376 4474 14.
2420 4400 2586 4476 Iun.
2634 4404 2848 4474 1642.

171 4506 362 4604 (lib.
401 4517 514 4590 47.
565 4519 825 4592 decret.
874 4537 1047 4611 paq.
1089 4517 1212 4590 55.
1229 4511 1324 4613 ),
1381 4537 1465 4590 ac
1523 4517 1735 4591 civit.
1801 4515 2187 4591 castellan.
2231 4515 2447 4589 4592.
2506 4510 2685 4613 (lib.
2732 4513 2823 4588 47
2834 4568 2853 4587 .

175 4623 437 4702 decret.
464 4649 639 4724 paq.
679 4630 805 4702 55.
807 4625 877 4726 ).
