3497 5235
557 301 634 364 46
824 256 829 259 ι
1325 303 1612 365 butruntio
1653 304 1705 364 8.
1735 304 2157 380 Congregttionia
2197 305 2424 366 Gonoilss.

557 440 916 528 initiandi,
972 445 1139 513 ante
1192 440 1699 530 cuiuscumque
1748 438 2034 513 Ordinis
2081 443 2262 516 sacri
2317 443 2818 533 receptionem,
2869 443 3007 534 piis
3050 462 3205 518 me-

558 552 1050 640 ditationibuS,
1108 552 1315 642 vulgo
1352 551 1842 643 spiritualibus
1876 553 2253 641 exercitiis,
2295 560 2550 625 vacent
2581 570 2709 644 per
2742 554 3014 645 aliquot
3049 555 3201 629 dies

559 664 634 736 in
677 664 919 752 aliqua
954 664 1160 735 domo
1196 663 1548 754 religiosa.

702 770 907 848 XIII.
968 775 1073 846 An
1123 792 1369 846 omnes
1421 774 1765 865 praedicti
1820 782 2050 847 vestes
2102 774 2357 867 iugiter
2420 775 2746 849 deterant
2812 777 3202 866 clericales,

563 894 633 961 et
685 906 803 973 an,
862 885 1095 977 quoad
1148 884 1277 956 fori
1330 885 1801 977 privilegium,
1858 892 2228 958 serventur
2272 887 2613 978 disposita
2666 907 2707 960 a
2757 896 3213 964 sacrosancta

564 999 845 1087 Synodo
894 994 1305 1068 Tridentina
1356 1015 1535 1067 sess.
1575 998 1695 1067 ΞΒ.
1738 1015 1895 1091 cap.
1940 998 2008 1068 6.
2054 998 2140 1070 de
2180 998 2457 1070 reform.
2511 1005 2581 1072 et
2617 1019 2656 1070 a
2694 996 3215 1073 Constitutione

566 1111 760 1183 SSmi
797 1107 878 1180 D.
918 1106 1004 1179 N.
1046 1103 1411 1180 Benedicti
1442 1104 1574 1178 ΡΡ.
1617 1104 1820 1178 XIII.
1864 1110 1935 1180 in
1990 1109 2236 1181 eodem
2290 1108 2595 1185 Concilio
2646 1107 2967 1183 Romano
3021 1129 3217 1185 ema-

568 1228 765 1293 nata.

712 1327 901 1402 XIV.
966 1328 1068 1401 An
1118 1328 1523 1401 habeantur
1574 1328 2045 1403 conferentiae
2097 1331 2493 1423 theologiae
2546 1334 2856 1421 moralis,
2912 1352 3039 1407 seu
3093 1352 3213 1407 ca-

568 1460 775 1514 suum
829 1442 1453 1527 conscientiae,.et
1504 1439 1720 1510 etiam
1771 1460 2130 1515 sacrorum
2199 1443 2500 1532 rituum,
2559 1451 2630 1517 et
2697 1451 2870 1534 quot
2938 1444 3216 1517 vicibus

569 1554 992 1641 habeantur,
1049 1559 1117 1624 et
1169 1552 1290 1641 qui
1342 1550 1480 1622 illis
1531 1550 1905 1641 intersint,
1963 1558 2034 1625 et
2107 1554 2400 1643 quinam
2481 1555 2834 1646 profectus
2910 1574 2998 1629 ex
3077 1555 3222 1629 illis

573 1665 957 1737 habeatur.

721 1775 874 1849 XV.
930 1774 1233 1858 Quinam
1282 1774 1426 1846 sint
1476 1792 1702 1847 mores
1756 1776 1919 1849 cleri
1973 1778 2384 1866 saecularis,
2441 1786 2511 1853 et
2564 1798 2656 1851 an
2690 1779 2982 1872 aliquod
3016 1778 3096 1853 in
3129 1796 3214 1853 eo

576 1889 766 1964 adsit
813 1887 1262 1976 scandalum,
1321 1885 1513 1976 quod
1564 1886 1867 1959 remedio
1922 1888 2235 1981 indigeat
2288 1890 2693 1980 potentiori.

584 2185 705 2261 IV.
766 2190 864 2261 De
913 2194 1165 2281 quo-rto
1215 2185 1578 2260 relationis
1630 2186 1858 2278 capite
1906 2188 2001 2260 ad
2059 2187 2320 2261 clerum
2371 2190 2761 2283 reputarem
2801 2189 3223 2283 pertinente.

737 2448 835 2525 In
875 2451 1008 2523 hoe
1060 2446 1291 2539 capite
1343 2448 1841 2540 exponendum
1895 2451 2053 2524 erit.

736 2559 793 2634 1.
858 2560 958 2634 An
1011 2557 1402 2653 Regulares
1452 2576 1693 2633 curam
1748 2561 2146 2635 animarum
2198 2571 2643 2654 exercentes,
2685 2562 2807 2653 qui
2840 2506 3231 2655 episcopali

589 2674 1082 2760 iurisdictioni,
1138 2671 1522 2743 visitationi
1574 2677 1643 2744 et
1694 2675 2108 2746 correctioni
2184 2674 2489 2747 subsunt
2557 2676 2631 2746 in
2682 2676 2815 2763 iis,
2872 2691 3058 2765 quae
3136 2674 3232 2746 ad

590 2806 831 2860 curam
868 2783 1227 2877 pertinent
1278 2788 1349 2855 et
1397 2782 2083 2857 administrationem
2119 2785 2759 2873 sacramentorum,
2798 2803 3057 2857 munus
3090 2785 3233 2858 sibi

586 2899 1036 2972 commissum
1089 2894 1394 2967 fideliter
1443 2894 1883 2985 adimpleant
1940 2897 2139 2970 iuxta
2190 2916 2317 2985 ea,
2384 2916 2569 2988 quae
2634 2899 2707 2971 in
2775 2895 3233 2989 praecedenti

589 3012 823 3101 capite
877 3009 1064 3081 dicta
1118 3012 1287 3078 sunt
1336 3006 1424 3078 de
1479 3007 1807 3098 parochis
1841 3009 2353 3081 saecularibus,

736 3116 832 3190 II.
891 3120 996 3189 An
1052 3118 1310 3207 aliquis
1360 3112 1735 3209 Regularis
1789 3124 1987 3190 extra
2027 3121 2528 3193 monasterium
2567 3120 2825 3211 degat3
2883 3138 2974 3195 an
3012 3117 3238 3210 aliqui

592 3234 829 3307 adsint
881 3233 953 3304 in
1004 3230 1333 3318 dioecesi,
1391 3248 1433 3300 a
1485 3232 1632 3302 suis
1684 3231 2194 3323 superioribuS,
2235 3233 2530 3304 servatis
2565 3231 2957 3320 servandiS,
2999 3231 3235 3319 eiecti,

591 3346 702 3420 vel
755 3345 1014 3434 aliquis
1066 3342 1281 3415 fuerit
1332 3337 1706 3432 Regularis
1758 3342 1944 3414 intra
1984 3343 2290 3415 claustra
2329 3343 2735 3415 monasterii
2773 3343 3065 3435 degens,
3103 3344 3234 3415 sed

594 3458 716 3547 qui
770 3461 968 3527 extra
1020 3471 1105 3527 ea
1158 3453 1255 3525 ita
1309 3454 1579 3525 notorie
1631 3453 2038 3543 deliquerit,
2095 3462 2174 3527 ut
2248 3455 2512 3547 populo
2586 3455 2923 3527 scandalo
2993 3454 3238 3544 iuerit;

594 3574 667 3640 et
718 3564 1071 3656 quomodo
1124 3563 1198 3635 in
1249 3562 1442 3636 hisce
1496 3564 1781 3637 casibus
1831 3567 1903 3637 in
1954 3567 2054 3638 sic
2089 3565 2588 3657 delinquentes
2623 3567 3236 3640 animadverterit.

737 3673 874 3749 III.
936 3677 1041 3747 An
1093 3694 1222 3748 sua
1275 3674 1760 3749 iurisdictione
1815 3677 2139 3769 delegata
2193 3696 2363 3749 usus
2413 3680 2506 3751 sit
2555 3679 2629 3749 in
2682 3678 3034 3771 explenda
3071 3677 3242 3749 visi-

594 3790 864 3864 tatione
913 3794 1393 3862 conventuum
1443 3794 1515 3860 et
1553 3790 2000 3879 granciarum
2037 3790 2648 3878 monasteriorum,
2689 3791 2762 3861 in
2802 3788 3063 3879 quibus
3098 3784 3247 3861 Re-

600 3902 826 3994 ligiosi
880 3918 1024 3973 non
1077 3898 1371 3971 aluntur
1419 3898 1495 3970 in
1546 3917 1840 3971 numero
1885 3920 1925 3970 a
1961 3901 2182 3973 sacris
2213 3896 2851 3974 Constitutionibus
2888 3898 3233 3990 praefixo,

599 4020 671 4087 ct
724 4013 1016 4103 quinam
1066 4016 1237 4083 sunt
1286 4006 1801 4103 Religiosorum
1856 4029 2081 4084 mores
2113 4063 2133 4100 ,
2190 4012 2265 4084 in
2340 4011 2546 4085 dictis
2624 4010 3093 4086 conventibus
3167 4018 3243 4084 et

607 4124 910 4215 granciis
960 4122 1399 4214 degentium.

747 4230 869 4304 IV.
928 4231 1274 4325 Denique,
1333 4251 1426 4304 an
1479 4232 1771 4324 aliquod
1819 4228 2085 4308 habeat
2138 4254 2294 4308 cum
2347 4233 2823 4328 Regularibus
2858 4234 3249 4309 offendicu-

605 4345 746 4416 lum
802 4344 874 4416 in
925 4346 1257 4418 exercitio
1309 4344 1822 4428 iurisdictionis
1871 4348 2241 4440 delegatae
2293 4348 2365 4420 in
2420 4349 2556 4420 illis
2610 4348 2925 4436 casibus,
2959 4348 3038 4419 in
3090 4347 3251 4436 qui-

602 4458 741 4528 bus
789 4456 1036 4530 eadem
1073 4459 1208 4548 ipsi
1245 4457 1511 4530 tributa
1550 4464 1657 4530 est
1691 4478 1731 4530 a
1769 4479 1967 4533 sacro
2001 4457 2305 4533 Concilio
2341 4456 2778 4547 Tridentino,
2818 4458 2928 4530 vel
2962 4478 3004 4530 a
3043 4457 3256 4529 Sum-

609 4587 874 4641 morum
929 4567 1347 4642 Pontificum
1400 4568 2064 4660 ConstitutionibuS,
2105 4580 2171 4645 et
2217 4575 2582 4664 signanter
2618 4591 2658 4642 a
2695 4568 2900 4643 Bulla
2935 4567 3243 4642 Clemen-

604 4681 697 4753 tis
750 4679 985 4773 Papae
1022 4678 1146 4772 X.,
1190 4699 1373 4771 quae
1425 4682 1674 4773 incipit
1730 4686 2077 4775 superna.
