3497 5235
503 384 510 391 .
599 295 718 359 240
1358 294 1727 353 butruntionin
1770 295 1822 352 8.
1852 293 2035 367 Oongr.
2060 292 2207 352 (ione.
2245 292 2515 367 expetitio.

604 459 642 504 ›
682 448 1078 522 mosynam,
1111 430 1551 502 consuetudo
1586 428 1994 500 huiusmodi
2025 428 2380 500 servanda
2411 433 2546 499 est.
2580 428 2653 499 S.
2678 425 2751 497 C.
2777 423 3223 520 Epis-..Apru—

600 570 637 615 ι
681 545 838 617 tina
891 563 1007 615 seu
1068 543 1477 615 Theramen.
1520 543 1592 612 7.
1632 540 1842 613 Febr.
1892 540 2140 627 1615„
2181 538 2252 611 S.
2296 538 2514 630 Cong.
2554 538 2768 612 Conc.
2810 539 2880 610 in
2910 541 3225 631 Aquilone

602 681 640 723 ›
680 657 754 727 2.
797 652 961 725 Iun.
1010 655 1225 726 1696.

750 769 913 838 192.
961 792 999 834 ›
1040 762 1223 838 Item
1273 767 1332 836 si
1384 761 1782 856 Episcopus
1834 763 2282 835 consueverit
2336 763 2624 853 eligere,
2674 767 2744 834 et
2798 764 3226 835 communitas

603 902 642 946 :v
682 879 984 966 solvere,
1023 875 1188 947 talis
1240 876 1685 948 consuetudo
1738 876 2089 947 servanda
2142 881 2295 963 est3
2355 875 2630 965 absque
2680 892 2808 962 e0,
2867 875 3049 965 quod
3094 875 3230 945 uni-

600 1015 640 1057 »
679 990 980 1061 versitas
1015 1008 1140 1061 seu
1178 988 1651 1061 communitas
1688 989 1909 1078 possit
1948 988 2416 1078 praetendere
2452 987 3034 1058 nominationem.
3065 984 3130 1058 S.
3159 985 3223 1057 C.

600 1125 638 1167 ι»
679 1101 752 1171 in
811 1100 1149 1173 03tunen.
1196 1099 1312 1171 15.
1353 1095 1532 1169 Nov.
1579 1099 1793 1169 1692.
1838 1106 1908 1171 et
1963 1101 2035 1170 in
2089 1100 2380 1172 Bovien.
2423 1100 2543 1171 20.
2588 1095 2753 1169 Iun.
2800 1099 3011 1170 1693.

748 1212 912 1282 193.
959 1236 994 1278 ›
1037 1208 1109 1282 Si
1146 1217 1386 1281 autem
1424 1212 1900 1282 communitas
1933 1229 2060 1282 seu
2099 1211 2553 1298 universitaS‚
2594 1210 2706 1281 vel
2754 1210 3079 1282 dominus
3117 1209 3234 1280 loci

601 1348 639 1393 ›
678 1322 1091 1412 temporalis
1147 1322 1495 1409 nominat,
1536 1330 1606 1394 et
1646 1341 1789 1393 non
1827 1323 2037 1395 solvit
2071 1324 2625 1413 eleemosynam,
2668 1327 2868 1409 tunc,
2909 1322 3040 1392 nisi
3089 1339 3237 1392 con-

598 1460 636 1502 »
675 1433 981 1505 suetudo
1019 1439 1206 1503 esset
1261 1433 1844 1504 immemorabilis
1881 1440 1951 1505 et
1987 1434 2317 1525 probata,
2362 1440 2602 1524 posset
2638 1440 2707 1505 et
2754 1432 3047 1505 deberet
3092 1429 3241 1522 Epi·

597 1570 636 1614 :v
675 1563 933 1635 scopus
977 1543 1112 1614 hoc
1167 1543 1278 1614 ius
1331 1544 1751 1635 impugnare
1806 1552 1878 1616 et
1930 1545 2073 1616 sibi>
2121 1546 2533 1633 vindicare,
2592 1544 3010 1636 deputando
3060 1562 3241 1635 prae-

596 1682 634 1724 »
676 1657 1062 1728 dicatorem
1103 1672 1229 1744 pro
1266 1655 1550 1743 lubitu3
1613 1657 1682 1727 in
1721 1656 1854 1727 hoc
1907 1658 2096 1726 enim
2135 1676 2306 1729 casu
2359 1658 2559 1728 nulla
2612 1658 2969 1730 concurrit
3021 1657 3243 1744 aequi-

594 1793 632 1835 »
676 1776 811 1856 taS,
852 1786 1089 1857 neque
1139 1766 1342 1839 adest
1380 1768 1994 1857 correspectivitas
2036 1768 2544 1840 nominationis
2582 1768 2674 1840 ad
2710 1768 3238 1858 eleemosynam,

594 1905 632 1947 ›
674 1885 753 1952 ut
807 1879 1012 1950 docet
1062 1877 1459 1950 Cardinalis
1511 1880 1599 1951 de
1652 1876 1848 1950 Luca
1886 1880 2144 1951 Adnot.
2187 1878 2284 1951 ad
2339 1880 2731 1954 Concilium
2775 1878 3244 1951 Tridentin‘um

598 2018 636 2060 ι»
678 1993 981 2064 discurs.
1014 1988 1088 2062 3.
1132 2011 1206 2061 η.
1243 1988 1313 2062 6.
1352 2015 1389 2058 »

750 2104 914 2175 194.
961 2126 998 2167 (ι
1038 2100 1524 2174 Communitas
1560 2102 1730 2175 dare
1768 2103 1983 2175 debet
2023 2103 2639 2193 praedicatoribus
2677 2105 3076 2176 mercedem
3109 2100 3243 2174 dari

596 2241 634 2283 ›
675 2215 1002 2301 solitam,
1062 2232 1193 2286 nec
1246 2220 1482 2306 potest
1531 2215 1761 2306 ipsam
1835 2215 2256 2286 imminuere
2327 2222 2399 2287 et
2452 2217 2790 2288 reducere
2843 2215 2941 2286 ad
3005 2222 3246 2286 certam

597 2351 635 2396 ›
675 2345 969 2418 parvam
1024 2326 1529 2414 quantitatem.
1573 2323 1679 2417 (S.
1722 2324 1797 2397 C.
1839 2325 2051 2399 Cone.
2096 2329 2168 2397 in
2218 2328 2589 2399 Viterbien.
2629 2328 2837 2400 Civit.
2881 2326 3103 2399 Vetul.
3142 2323 3249 2396 Se-

596 2464 631 2506 »
674 2437 943 2527 ptemb.
992 2438 1204 2507 1620.
1248 2444 1316 2507 et
1371 2437 1638 2528 pluries
1695 2441 1766 2510 S.
1815 2440 1887 2513 C.
1932 2440 2168 2527 Episc.
2226 2444 2290 2511 et
2345 2440 2588 2531 Requi.
2656 2440 2850 2529 apud
2907 2436 3132 2510 Nicol.
3184 2438 3249 2506 in

591 2574 631 2617 ›
674 2547 979 2621 Floscul.
1019 2547 1217 2620 verb.
1263 2550 1756 2623 Praedicator.
1804 2571 1876 2621 n.
1914 2547 2105 2646 21).

739 2686 776 2731 ›
816 2659 1211 2752 Episcopus
1265 2664 1744 2751 praetendens
1796 2664 2380 2736 communitatem
2417 2663 2643 2735 teneri
2683 2670 3053 2752 praestare
3090 2660 3253 2731 elee-

592 2799 630 2844 ›
672 2792 1040 2863 mosynam
1112 2765 1237 2861 p'ro
1307 2773 1798 2865 praedicatore
1850 2772 2337 2861 Cathedralis,
2411 2780 2697 2845 tenetur
2762 2775 2912 2862 ipse
2971 2772 3256 2864 probare

589 2912 627 2957 ›
670 2885 1257 2957 consuetudinem
1297 2884 1957 2957 immemorabilem.
2002 2882 2105 2978 (S.
2136 2883 2208 2955 C.
2245 2883 2455 2956 Conc.
2491 2886 2561 2954 in
2596 2887 2895 2957 Sutrino
2935 2887 3026 2957 10
3061 2882 3248 2954 Mart.

590 3022 629 3066 ›
675 2997 886 3067 1618.
930 3001 1001 3066 et
1042 2995 1155 3066 10.
1200 2992 1337 3067 Iul.
1386 2996 1600 3066 1627.
1643 2999 1835 3087 apud
1882 2994 2272 3068 Barbosam
2307 2998 2381 3067 in
2420 2998 2712 3068 Summa
2746 2999 2991 3087 Apost.
3038 2994 3251 3067 Decis.

589 3133 628 3173 ι
671 3108 886 3180 verbo
942 3108 1407 3179 Praedicator
1461 3127 1660 3177 num.
1708 3107 1940 3203 107.).
1977 3133 2013 3175 ι»

738 3217 903 3290 195.
966 3242 1002 3285 ‹
1034 3215 1401 3290 Habentes
1455 3220 1566 3289 ius
1611 3219 2028 3290 nominandi
2084 3219 2646 3310 praedicatorem
2683 3218 3261 3310 quadragesima·

588 3358 626 3400 ι»
670 3333 804 3404 lem
843 3330 1108 3403 debent
1165 3331 1362 3401 illum
1418 3333 1788 3402 nominare
1842 3337 1911 3402 et
1966 3339 2421 3420 praesentare
2460 3327 2808 3422 Episcopo
2852 3331 2927 3401 in
2969 3328 3263 3401 termino

584 3470 622 3515 ›
666 3465 706 3514 a
763 3442 1044 3532 Synodo
1098 3441 1517 3513 dioecesana
1583 3445 2064 3534 praescripto,
2141 3443 2251 3514 vel
2307 3448 2475 3514 ante
2538 3443 2801 3514 festum
2851 3439 3261 3513 Nativitatis

584 3581 623 3625 ›
663 3555 748 3626 D.
793 3553 878 3626 N.
923 3552 981 3625 Ι.
1025 3553 1099 3626 C.
1131 3607 1150 3642 ,
1210 3557 1321 3627 vel
1377 3555 1659 3626 duobus
1713 3557 2083 3628 mensibus
2137 3563 2303 3628 ante
2355 3554 3039 3646 Quadragesimam,
3098 3555 3265 3625 alias

585 3694 623 3737 ι»
663 3670 1056 3740 nominatio
1110 3668 1508 3739 devolvitur
1560 3670 1649 3738 ad
1687 3666 2144 3758 Episcopum.
2205 3664 2324 3764 (S.
2367 3666 2440 3739 C.
2483 3667 2746 3738 Concil.
2792 3668 2863 3737 in
2904 3667 3258 3738 Narnien.

585 3806 623 3848 ι»
663 3782 783 3852 24.
833 3779 1037 3851 Febr.
1101 3781 1315 3851 1625.
1374 3787 1442 3851 et
1497 3781 1569 3850 in
1634 3781 1983 3851 Theanen.
2032 3781 2147 3849 14.
2210 3780 2432 3869 April.
2497 3776 2762 3874 1685.)
2816 3776 2944 3850 Vel
3005 3778 3265 3851 debent

583 3918 621 3961 ι»
661 3901 1119 3983 praesentare
1173 3889 1523 3981 Episcopo
1579 3892 1763 3962 intra
1822 3910 2135 3963 mensem
2186 3888 2362 3961 Nov.
2405 3888 3015 3980 Quadragesimae
3070 3904 3268 3979 prae-

584 4029 621 4074 »
664 4006 1079 4090 cedentem3
1137 4010 1208 4075 et
1260 4005 1317 4074 si
1373 4010 1872 4093 praesentatus
1926 4004 2140 4074 fuerit
2193 4004 2522 4089 reiectus,
2580 4003 2795 4072 alium
2854 4019 2985 4090 per
3046 4007 3267 4072 totum

582 4143 620 4186 ι»
663 4137 983 4190 mensem
1042 4115 1369 4187 liecemb.
1417 4117 1785 4187 nominare
1841 4123 1911 4187 et
1965 4121 2451 4205 praesentare,
2518 4114 2696 4184 alias
2750 4131 2875 4203 pro
2931 4114 3068 4184 illa
3124 4111 3269 4182 vice

581 4253 619 4296 ι»
662 4230 773 4301 ius
810 4231 1219 4300 amitterent
1255 4234 1326 4298 et
1364 4228 1454 4297 ad
1492 4225 1925 4316 Episcopum
1964 4227 2483 4313 devolveretur,
2524 4230 2596 4297 et
2631 4226 2910 4296 solitam
2955 4226 3270 4298 eleemo-

579 4363 617 4409 >
658 4360 908 4431 synam
946 4340 1184 4410 adbuc
1217 4346 1640 4430 cogerentur
1679 4339 1979 4425 solvere,
2024 4346 2101 4410 ut
2140 4338 2407 4428 pluries
2445 4337 2757 4407 decrevit
2796 4332 2866 4405 S.
2902 4332 2985 4406 C.
3026 4333 3267 4425 Episc.

579 4473 618 4517 :v
657 4456 728 4521 et
779 4449 1037 4542 Regul.
1083 4450 1273 4541 apud
1327 4447 1702 4541 Pignatelli
1756 4457 1809 4522 t.
1852 4450 1924 4522 4.
1975 4450 2289 4524 Consult.
2329 4448 2502 4521 206.
2548 4468 2744 4519 num.
2786 4447 2909 4519 54.

727 4561 890 4632 196.
954 4560 1092 4633 «Si
1149 4569 1390 4634 tamen
1447 4562 1840 4634 nominatio
1903 4569 1975 4632 et
2027 4562 2510 4651 praesentatio
2563 4559 3096 4651 praedicatoris
3153 4556 3277 4627 fiat

579 4699 617 4744 ›
656 4674 736 4745 in
771 4691 848 4745 re
883 4674 1162 4764 integra
1216 4675 1431 4765 paulo
1483 4680 1642 4765 post
1695 4676 2079 4746 terminum
2133 4673 2483 4764 elapsum,
2541 4672 2824 4744 admitti
2868 4670 3104 4744 debet
3138 4665 3282 4742 sal-
