3497 5235
573 283 689 346 170
1319 282 1690 344 mtmtimt·
1729 283 1785 342 s.
1813 283 2000 358 οοψ.
2024 283 2172 342 σοι..
2212 283 2482 359 expo-isso.

569 430 858 496 vacante,
910 429 1176 505 possunt
1223 431 1368 506 post
1412 438 1675 496 annum,
1729 429 1793 484 et
1843 417 2001 484 intra
2047 437 2285 484 annum
2332 417 2583 484 arctatis
2628 417 2988 485 concedere
3019 418 3230 485 dimis-

567 523 802 600 sorias,
856 523 971 588 nisi
1026 522 1247 588 iisdem
1316 523 1469 588 haec
1533 522 1791 588 facultas
1837 521 2039 586 ablata
2090 520 2306 587 suerit.
2364 521 2709 599 Eamdem,
2754 524 2802 586 si
2855 540 2934 586 ex
2987 521 3229 588 indulto

569 628 924 703 obtineant,
975 646 1120 692 cum
1169 625 1303 691 aliis
1350 624 1821 690 communicare
1868 643 1996 689 non
2044 635 2330 704 possunt.
2384 624 2611 690 Vicarii
2663 624 3038 711 Apostolici,
3088 623 3231 706 Epi-

561 749 758 816 scopo
808 728 1153 796 interdicto
1202 726 1518 812 deputati,
1573 738 1863 813 possunt,
1903 744 1978 791 eo
2013 728 2200 791 etiam
2236 738 2515 803 mortuo,
2568 727 2719 792 dare
2768 724 3229 792 dimissorias.-

570 837 680 900 74.
717 831 1183 899 Declarationes
1230 834 1294 897 S.
1336 833 1405 896 C.
1446 833 1640 896 Cone.
1678 830 1741 894 in
1779 830 2032 903 Eleon„
2070 828 2173 895 ubi
2213 830 2394 916 plura
2430 831 2733 895 hactenus
2767 833 3049 916 exposita
3085 849 3229 894 con·

564 935 919 1003 firmantur.
957 974 997 986 -
1036 939 1143 1000 75.
1184 935 1533 1020 Episcopus
1581 933 1969 999 dimissorias
2015 953 2143 998 non
2181 932 2488 998 concedat
2536 932 2654 998 nisi
2708 934 2825 998 iam
2864 930 3231 997 examinatis

565 1061 633 1105 ac
669 1040 969 1125 probatis.
1001 1038 1379 1124 Episcopus,
1416 1035 1517 1101 cui
1553 1035 1947 1102 dimissoriae
1981 1035 2238 1111 dantur,
2275 1048 2487 1122 potest
2518 1035 2898 1101 attestationi
2935 1034 3228 1120 Episcopi

565 1142 950 1210 dimittentis
1007 1140 1316 1216 credere,
1382 1138 1495 1205 sed
1546 1159 1671 1204 non
1725 1151 2006 1205 tenetur.
2056 1174 2099 1186 -
2148 1142 2257 1204 76.
2310 1139 2663 1224 Episcopus
2724 1135 3043 1202 auxiliaris
3105 1154 3229 1201 non

563 1257 824 1312 tenetur
871 1244 1198 1330 inquirere
1243 1260 1441 1326 super
1475 1241 1843 1309 ordinandis
1888 1240 1963 1305 ab
2004 1240 2361 1319 Ordinario,
2400 1241 2500 1306 vel
2537 1240 2833 1327 Capitulo
2864 1241 2979 1304 sibi
3017 1239 3235 1305 dimis-

443 1374 462 1393 ·
558 1348 664 1413 sis.
697 1347 824 1417 Sed
860 1356 1070 1433 potest
1104 1357 1168 1410 et
1201 1343 1397 1410 debet
1430 1364 1509 1409 ex
1546 1345 1701 1411 iusta
1740 1364 1920 1409 causa
1954 1343 2029 1409 ab
2058 1342 2459 1409 ordinatione
2485 1342 2825 1409 abstinere.
2847 1378 2891 1390 -
2918 1345 3024 1408 77.
3058 1342 3231 1408 Idem

448 1454 455 1459 '
557 1448 608 1516 si
643 1470 771 1516 non
820 1470 899 1515 ex
946 1449 1170 1516 stricto
1205 1448 1370 1524 iure,
1421 1449 1642 1514 saltem
1678 1467 1753 1512 ex
1791 1446 2234 1513 convenientia
2271 1446 2617 1513 dicendum
2665 1445 2926 1512 videtur
2958 1445 3037 1511 de
3074 1464 3229 1529 quo·

560 1572 818 1639 cunque
852 1553 1168 1639 Episcopo
1217 1552 1377 1616 circa
1412 1550 1528 1615 sibi
1567 1553 1880 1618 dimissos.
1925 1552 2272 1638 Episcopus
2306 1550 2636 1617 dimittens
2671 1561 2882 1634 potest
2915 1550 3231 1634 Episcopo

560 1657 932 1725 ordinaturo
983 1672 1250 1721 examen
1283 1653 1787 1719 ordinandorum
1822 1655 2246 1720 committere.
2277 1690 2321 1703 -
2361 1658 2465 1720 78.
2507 1653 2812 1721 Subditus
2843 1652 2980 1717 sine
3011 1650 3232 1717 dimis-

555 1760 738 1826 soriis
787 1757 1138 1834 ordinatus,
1192 1769 1256 1822 et
1306 1757 1477 1821 iuxta
1527 1755 1771 1841 aliquos
1804 1758 1989 1822 etiam
2026 1769 2383 1822 tonsuratus
2414 1757 2895 1843 suspensionem
2935 1754 3226 1830 incurrit,

556 1882 762 1948 usque
810 1860 964 1927 dum
1015 1862 1331 1945 Episcopo
1378 1861 1647 1945 proprio
1697 1859 2011 1925 videatur.
2068 1861 2418 1948 Episcopus
2475 1863 2612 1925 sine
2664 1857 3077 1934 dimissoriis,
3128 1857 3231 1922 vel

556 1963 1093 2031 testimonialibus
1125 1960 1403 2027 scienter
1436 1962 1735 2027 ordinans
1768 1963 2045 2027 alienum
2079 1963 2432 2041 subditum,
2469 1982 2591 2049 per
2620 1981 2856 2027 annum
2895 1964 3033 2048 ipso
3071 1959 3229 2026 lacto

553 2066 972 2155 suspenditur
1018 2064 1095 2129 ab
1143 2063 1450 2130 Ordinum
1501 2066 1861 2131 collatione.
1902 2064 1963 2133 Si
2003 2076 2321 2131 tonsuram
2360 2066 2588 2132 eodem
2625 2066 2816 2132 modo
2851 2063 3225 2138 contulerit,

557 2189 590 2235 a
640 2181 936 2235 tonsurae
985 2166 1321 2234 collatione
1385 2168 1533 2232 item
1581 2188 1699 2254 per
1743 2187 1979 2232 annum
2029 2168 2465 2254 suspenditur.
2525 2167 2921 2233 Dimissoriae
2956 2188 3084 2234 non
3118 2190 3227 2237 ex·

550 2272 797 2358 spirant
845 2281 1047 2336 morte
1098 2268 1531 2345 concedentiS,
1584 2269 1873 2355 adeoque
1924 2270 2275 2356 Episcopus
2323 2272 2565 2356 poterit
2598 2270 2806 2336 adhuc
2837 2270 3047 2337 alieno
3079 2272 3227 2339 sub-

555 2377 689 2445 dito
735 2376 1003 2442 Ordines
1049 2374 1365 2441 conferre.
1419 2377 1696 2439 Tonsura
1743 2375 1882 2438 sine
1924 2373 2273 2439 rationabili
2313 2393 2493 2438 causa
2527 2372 2830 2457 denegari
2868 2393 2997 2440 non
3033 2373 3230 2441 debet

562 2480 646 2555 ei,
699 2480 806 2565 qui
857 2478 933 2544 ad
984 2477 1367 2543 beneficium
1417 2476 1779 2543 nominatus
1828 2489 1947 2542 est.
2483 2478 2488 2484 ’

699 2651 820 2723 62.
879 2648 1128 2723 Merito
1181 2649 1470 2740 quidem
1526 2649 1900 2722 instructio
1964 2653 2207 2720 nostra
2277 2649 2353 2719 in
2415 2649 2646 2739 capite
2715 2647 2808 2720 ab
2861 2646 3218 2741 Episcopo

551 2762 909 2836 referente
960 2761 1291 2852 requirit,
1332 2780 1426 2832 an
1481 2779 1606 2852 per
1654 2780 1732 2833 se
1787 2761 2052 2851 ipsum,
2092 2759 2202 2832 vel
2255 2778 2384 2851 per
2449 2761 2669 2832 alium
2734 2779 2975 2834 sacras
3024 2764 3218 2834 ordi-

551 2875 882 2947 nationes
917 2874 1335 2966 expleverit.
1392 2869 1570 2944 Nam
1625 2870 2041 2946 Tridentina
2095 2872 2426 2962 Synodus
2466 2875 2644 2944 Sess.
2675 2871 2799 2946 23.
2832 2892 2993 2964 cap.
3017 2872 3093 2947 3.
3134 2876 3219 2947 de

550 2986 707 3076 Res.
750 2988 1113 3078 conceptis
1146 2983 1387 3055 verbis
1425 2984 1795 3075 praecipit,
1838 2991 1918 3056 ut
1955 3007 1993 3049 ‹
2032 2979 2366 3075 Episcopi
2407 3003 2533 3076 per
2569 3002 2645 3055 se
2683 2985 2875 3078 ipsos
2911 2981 3221 3059 Ordines

551 3123 591 3166 ι
629 3097 1028 3171 conserant.
1084 3092 1285 3178 Quod
1337 3095 1396 3167 si
1449 3095 1898 3187 aegritudine
1952 3095 2220 3168 luerint
2263 3095 2614 3186 impediti,
2670 3095 2998 3168 subditos
3051 3116 3223 3170 suos

548 3232 590 3277 »
629 3228 774 3282 non
826 3209 1060 3297 aliter,
1102 3226 1320 3298 quam
1372 3206 1734 3299 probatos,
1778 3213 1848 3279 et
1900 3209 2346 3280 examinatos
2380 3207 2474 3279 ad
2509 3207 2728 3279 alium
2783 3204 3223 3300 Episcopum

546 3344 586 3390 ι
625 3319 1060 3392 ordinandos
1111 3318 1506 3391 dimittant.
1551 3344 1589 3384 ιι
1629 3315 1844 3390 Porro
1893 3319 2076 3391 nihil
2130 3321 2501 3410 antiquius
2554 3338 2714 3392 esse
2792 3321 3008 3393 debet
3044 3318 3226 3413 Epi-

542 3433 804 3522 scopiS,
861 3432 994 3502 nisi
1050 3437 1130 3502 ut
1183 3448 1308 3521 por
1358 3449 1436 3502 se
1488 3448 1847 3502 sacrorum
1902 3432 2209 3505 militum
2262 3432 2620 3506 delectum
2676 3432 2974 3520 faciant3
3048 3453 3221 3506 nam

540 3541 633 3613 de
686 3543 1109 3615 auctoritate
1163 3544 1236 3614 S.
1276 3539 1664 3633 Epiphanii
1719 3544 1794 3614 in
1849 3543 2133 3615 HaereS.
2177 3544 2469 3616 Aerian.
2528 3564 2710 3617 ann.
2754 3544 2875 3618 75.
2915 3547 3017 3618 ait
3073 3547 3225 3618 cla-

540 3653 867 3726 rissimus
918 3650 1362 3745 Pignatellus
1423 3655 1735 3729 Consutt.
1774 3653 1940 3727 158.
1975 3659 2144 3727 tom.
2181 3653 2299 3727 40.
2344 3654 2564 3729 n.32.
2628 3678 2666 3723 ‹
2708 3658 2997 3729 Summa
3036 3656 3224 3730 haec

544 3781 584 3834 ν
625 3783 779 3836 esse
830 3765 1115 3836 videtur
1163 3761 1675 3858 Episcoporum
1731 3766 1978 3857 gloria,
2038 3767 2230 3856 quod
2285 3773 2525 3858 patres
2578 3767 2651 3838 in
2703 3768 2968 3859 populo
3028 3769 3227 3841 chri-

544 3900 584 3949 >
623 3876 858 3949 stiano
910 3878 983 3949 in
1037 3877 1495 3949 Sacramento
1548 3877 2019 3950 ordinationis
2091 3885 2462 3969 generent.
2522 3879 2917 3970 Singularis
2968 3897 3225 3953 eorum

545 4011 585 4057 ι
622 3987 800 4061 haec
854 3990 1377 4081 praerogativa,
1435 3989 1628 4079 quod
1682 4008 1828 4062 non
1904 3996 2187 4063 tantum
2259 3990 2487 4080 fllioS,
2542 3991 2729 4064 sicut
2780 3993 3221 4084 presbyteri,

546 4123 586 4169 ι
624 4119 867 4173 verum
922 4102 1137 4174 etiam
1191 4107 1433 4192 patres
1487 4120 1824 4192 generare
1875 4099 2196 4193 possint!
2242 4127 2282 4173 ι
3272 4183 3277 4192 ‚

691 4215 811 4285 63.
867 4210 1202 4296 Quamvis
1237 4218 1477 4285 autem
1514 4211 1725 4287 Conc.
1770 4211 1961 4287 Trid.
1993 4212 2241 4287 Patres
2277 4216 2561 4289 unicam
2590 4224 3012 4292 recenseant
3048 4237 3236 4291 cau-

538 4341 692 4396 sam
744 4325 1240 4415 impedimenti
1315 4324 1408 4396 ab
1486 4325 1937 4418 aegritudine
2012 4326 2433 4418 profectam,
2490 4347 2578 4400 ex
2630 4348 2773 4420 qua
2832 4331 2993 4404 licet
3043 4327 3232 4424 Epi-

535 4436 769 4528 scopis
820 4436 1147 4509 subditos
1198 4456 1366 4511 suos
1419 4436 1579 4510 aliis
1628 4434 2001 4529 Episcopis
2052 4438 2492 4512 ordinandos
2525 4440 2910 4530 dimittere,
2952 4442 3235 4516 nihilo-

537 4545 776 4617 minus
829 4565 973 4620 non
1043 4549 1142 4621 ita
1195 4550 1421 4641 rigide
1490 4549 1748 4621 literali
1826 4550 2285 4642 dispositioni·
2347 4551 2867 4624 inhaerendum
2920 4560 3076 4643 est,
3136 4562 3234 4629 ut

539 4655 910 4748 quaelibet
962 4659 1101 4731 alia
1155 4678 1401 4748 causa,
1441 4678 1628 4750 quae
1665 4662 1759 4732 sit
1796 4662 2031 4753 gravis
2065 4668 2137 4734 et
2169 4663 2650 4754 rationalium,
2705 4666 2993 4739 exclusa
3046 4685 3235 4741 cen-
