3497 5235
582 292 703 355 296
1344 292 1713 351 lustrationis
1755 292 1808 350 Β.
1837 292 2019 366 Congr-
2049 291 2196 350 Gonu.
2237 290 2508 365 expositio.

581 425 862 491 refertur
909 444 974 490 n.
1016 426 1121 490 69.
1177 433 1241 490 et
1288 427 1394 491 60.
1432 460 1476 473 -
1508 428 1615 489 55.
1656 426 1736 490 At
1772 435 2060 489 constare
2093 422 2291 489 debet
2326 421 2407 488 de
2440 420 2910 509 impedimento
2941 422 3020 488 ab
3053 421 3250 511 aegri-

581 528 808 595 tudine
855 527 1245 603 dimanante,
1298 525 1380 591 de
1425 528 1690 592 servitio
1728 540 2017 613 tempore
2048 526 2324 591 sanitatis
2357 523 2758 591 laudabiliter
2787 526 3125 610 praestito,
3175 523 3253 591 de

578 633 882 719 qualitate
929 629 1389 717 aegritudinis,
1444 649 1607 717 quae
1671 629 1809 695 talis
1856 649 1985 697 non
2032 632 2152 706 sit,
2204 640 2274 695 ut
2322 627 2434 693 diu
2484 627 2709 694 urbem
2759 629 3139 705 circumire,
3190 638 3251 693 et

581 747 776 802 noctu
825 746 1043 799 coetus
1089 733 1266 798 adire
1313 734 1670 818 permittat.
1706 769 1750 780 -
1798 735 1903 797 56.
1962 735 2178 817 ltaque
2228 731 2426 795 iurata
2475 728 2732 795 accedat
2779 730 3017 797 medici
3069 729 3249 797 fides.

658 841 764 905 57.
805 835 1049 904 Sufficit
1099 847 1310 901 tamen
1358 835 1646 913 morbus,
1701 835 1810 921 qui
1862 835 2011 900 licet
2046 854 2166 920 per
2203 853 2271 899 se
2316 834 2499 910 levis,
2538 830 2790 918 gravior
2825 833 2905 899 ob
2937 852 3251 900 accessum

583 944 662 1011 ad
711 941 976 1008 chorum
1006 940 1256 1005 evadat.
1283 974 1327 986 -
1359 942 1468 1005 58.
1506 942 1632 1004 Nec
1683 937 1899 1015 officit,
1952 939 2000 1003 si
2051 958 2242 1025 aeger
2272 935 2733 1023 aliquantisper
2763 936 3045 1003 sanitatis
3078 956 3253 1003 causa

580 1069 616 1114 a
663 1046 854 1112 domo
904 1053 1109 1118 exeat,
1161 1043 1379 1107 velex
1413 1041 1814 1108 medicorum
1862 1039 2255 1127 praescripto
2303 1039 2380 1104 ad
2428 1039 2650 1106 balnea
2696 1040 2800 1104 vel
2836 1058 3050 1105 aerem
3087 1057 3255 1105 com-

579 1148 958 1217 mutandum
992 1146 1117 1211 alio
1164 1164 1231 1209 se
1280 1142 1633 1210 transferat.
1657 1180 1700 1191 -
1735 1146 1842 1209 59.
1881 1146 2047 1222 Quae
2084 1143 2386 1209 hactenus
2419 1142 2588 1209 dicta
2617 1153 2765 1208 sunt
2801 1142 3254 1209 confirmantur

581 1274 661 1320 ex
710 1250 1139 1317 declaratione
1190 1247 1251 1312 in
1302 1249 1636 1312 Nucerina
1687 1250 1857 1312 Serv.
1913 1246 2084 1310 chor.
2143 1249 2249 1311 17.
2286 1245 2470 1310 Febr.
2516 1248 2739 1323 1838„
2793 1257 2855 1312 et
2901 1248 3249 1330 Aquilam,

581 1357 684 1422 16.
727 1358 865 1419 Iun.
910 1355 1102 1418 1745.
1141 1387 1185 1399 -
1218 1353 1324 1415 60.
1363 1351 1531 1427 Quae
1579 1348 1986 1415 antecedenti
2039 1367 2310 1415 numero
2357 1349 2561 1432 posita
2609 1360 2784 1426 sunt,
2822 1347 3096 1415 minime
3142 1367 3250 1434 pu-

577 1468 773 1546 gnant
819 1474 964 1520 cum
1016 1454 1115 1530 iis,
1170 1472 1334 1540 quae
1380 1471 1653 1517 numero
1686 1456 1794 1516 54.
1835 1451 2175 1537 praemissa
2226 1450 2515 1516 fuerunt.
2543 1486 2586 1498 -
2622 1454 2728 1516 61.
2768 1454 2832 1518 S.
2873 1454 2945 1517 C.
2989 1450 3252 1519 concilii

575 1561 639 1625 in
676 1561 1069 1624 Avenionen.
1123 1554 1409 1632 resolvit,
1461 1553 1694 1621 medici
1744 1555 2178 1619 attestationes
2226 1544 2362 1618 e’sse
2412 1552 2652 1619 debere
2703 1554 2958 1631 iurataS,
2997 1565 3064 1620 et
3097 1552 3251 1620 reci-

576 1660 846 1747 piendas
895 1678 1030 1724 esse
1077 1679 1110 1723 a
1160 1657 1478 1745 Capitulo,
1531 1657 1680 1724 licet
1727 1656 2136 1724 habitualiter
2184 1667 2247 1720 et
2294 1654 2625 1742 periodice
2660 1654 3008 1721 exhibitas:
3066 1656 3252 1721 licere

576 1775 1018 1831 verumtamen
1054 1761 1346 1849 Capitulo
1394 1759 1648 1825 visitare
1684 1759 2032 1837 infirmum,
2086 1770 2176 1836 et,
2227 1759 2278 1823 si
2330 1758 2411 1824 de
2460 1777 2609 1823 vera
2660 1757 3028 1824 infirmitate
3075 1758 3250 1824 dubi-

580 1878 775 1944 tetur,
829 1863 1400 1949 Archiepiscopum
1451 1863 1538 1928 uti
1591 1882 1774 1951 posse
1830 1864 1970 1929 iure
2016 1882 2159 1928 suo.
2198 1898 2242 1910 -
2289 1865 2396 1926 62.
2452 1865 2691 1927 Caecus
2754 1860 2925 1928 inter
2975 1862 3252 1928 infirmos

576 1966 1012 2035 accensendus
1061 1978 1173 2032 est.
1204 2002 1247 2013 -
1282 1968 1391 2031 63.
1446 1965 1939 2032 Distributiones
1985 1962 2389 2053 percipiendi
2442 1964 2580 2029 iure
2634 1964 2685 2030 is
2732 1965 2977 2050 potitur
3024 1984 3107 2030 ex
3154 1963 3251 2031 die

574 2081 934 2136 contractae
985 2068 1351 2145 caecitatis;
1404 2068 1696 2153 adeoque
1746 2068 2230 2134 distributiones
2280 2080 2541 2135 eatenus
2583 2067 2746 2135 forte
2782 2081 3077 2157 negatae,
3112 2081 3252 2136 sunt

575 2173 1113 2239 restituendae.-
1147 2174 1256 2238 64.
1295 2171 1496 2235 Aliter
1542 2171 1891 2238 dicendum
1943 2182 2036 2237 est
2083 2172 2164 2238 de
2213 2172 2640 2250 caecutiente,
2693 2172 2811 2238 nisi
2864 2172 2943 2238 ob
2976 2174 3249 2260 peculia·

576 2294 676 2340 res
725 2275 1223 2340 circumstantias
1279 2292 1424 2340 cum
1475 2295 1551 2340 eo
1600 2275 2068 2362 indulgentiam
2131 2272 2497 2340 adhibuerit
2546 2274 2905 2361 Apostolica
2955 2275 3177 2342 Sedes,
3213 2312 3251 2324 -

576 2381 685 2441 65.
724 2379 1042 2462 Tempore
1090 2377 1284 2463 pestis
1339 2378 1581 2443 absenti
1631 2377 1954 2444 debentur
2001 2376 2526 2455 distributiones,
2586 2380 2634 2442 si
2689 2379 2859 2444 idem
2908 2378 3250 2466 diligenter

570 2477 818 2543 servire
866 2479 1088 2545 solitus
1137 2478 1376 2558 fuerit,
1431 2492 1493 2546 et
1539 2481 1588 2544 si
1637 2480 1953 2567 probetur
1999 2480 2280 2569 legitima
2329 2480 2755 2547 consuetudo.
2806 2482 3108 2569 Episcopi
3160 2484 3248 2547 iu-

571 2580 739 2646 dicio
791 2583 1124 2648 remissum
1174 2594 1291 2661 est,
1347 2585 1600 2671 quando
1649 2581 1848 2671 pestis
1898 2584 2126 2650 iustam
2172 2585 2492 2652 absentiae
2541 2604 2788 2651 causam
2842 2584 3237 2672 suppeditet.

570 2718 615 2731 -
649 2687 758 2749 66.
798 2688 1030 2752 Iustam
1078 2706 1324 2753 causam
1373 2687 1640 2772 praebet
1701 2687 2035 2754 inimicitia
2086 2700 2406 2754 contracta
2456 2689 2536 2753 ob
2586 2687 2892 2776 principis
2958 2687 3249 2775 indigna-

575 2788 842 2865 tionem,
882 2800 945 2854 et
978 2791 1329 2875 quamlibet
1378 2791 1674 2859 iniustam
1721 2791 2189 2869 molestiam,·si
2228 2793 2606 2877 ceteroquin
2653 2793 2877 2858 absens
2910 2791 3251 2876 diligenter

573 2889 889 2958 inservire
949 2893 1172 2959 solitus
1228 2892 1444 2959 suerit.
1482 2926 1528 2945 -
1575 2897 1685 2959 67.
1739 2894 1915 2960 Idem
1965 2894 2310 2962 dicendum
2357 2904 2455 2960 est
2502 2893 2584 2960 de
2635 2895 2744 2971 iis,
2801 2894 2910 2980 qui
2965 2892 3247 2959 obsecuti

571 2992 890 3059 Pontificis
937 2995 1358 3081 prohibitioni
1409 2996 1492 3062 de
1539 2996 1840 3081 precibus
1881 3015 2011 3063 non
2046 2996 2414 3076 recitandiS,
2465 2997 2569 3063 vel
2617 3015 2748 3063 non
2782 2995 3038 3063 edendo
3084 2997 3245 3061 iura-

566 3108 788 3162 mento
841 3096 1007 3163 iussu
1056 3099 1365 3184 principis
1412 3099 1751 3166 saecularis
1800 3119 1835 3165 e
1886 3101 2024 3164 loco
2073 3100 2249 3164 abire
2284 3099 2477 3165 coacti
2516 3098 2780 3164 fuerint.
2812 3102 2993 3165 -68.
3038 3098 3244 3164 Distri-

567 3198 864 3265 butiones
894 3202 1290 3288 percipiunt,
1324 3200 1430 3284 qui
1468 3200 1756 3266 indebite
1788 3219 2042 3266 carcere
2076 3201 2477 3279 detinentur,
2517 3199 2873 3269 dummodo
2907 3200 3249 3287 diligenter

568 3302 881 3368 inservire
913 3304 1079 3368 soliti
1118 3302 1405 3380 fuerint3
1460 3305 1755 3369 iniustam
1805 3303 2249 3371 detentionem
2283 3304 2659 3392 comprobat
2706 3305 3051 3382 sententia,
3089 3320 3246 3389 quae

570 3402 635 3469 in
685 3422 821 3469 rem
872 3404 1209 3470 iudicatam
1261 3406 1646 3473 transiverit.
1675 3445 1718 3456 -
1754 3411 1859 3472 69.
1901 3408 2230 3473 Sententia
2265 3407 2545 3492 propitia
2579 3417 2905 3484 censetur,
2957 3426 3075 3492 qua
3108 3402 3247 3490 quis

568 3505 918 3572 absolvitur
963 3525 1110 3571 cum
1156 3508 1431 3572 clausula
1478 3529 1556 3574 ea>
1588 3509 1897 3574 kactenus
1929 3510 2217 3575 deductis
2268 3529 2396 3574 non
2430 3518 2744 3575 constare.
2786 3508 2996 3574 Aliter
3027 3519 3138 3583 est,
3187 3506 3242 3570 si

572 3609 715 3694 quis
764 3608 1123 3675 dimittatur
1170 3628 1313 3674 cum
1372 3612 1643 3676 clausula
1692 3632 1773 3687 ea>¹
1815 3631 1936 3695 quo
1983 3615 2167 3677 satis.
2224 3616 2312 3676 De
2361 3612 2630 3677 clausula
2681 3631 2809 3675 non
2860 3612 3244 3676 molestetur.

566 3747 611 3759 -
648 3715 752 3777 70.
797 3715 956 3777 Cum
1007 3714 1070 3777 in
1122 3717 1184 3780 S.
1226 3715 1298 3779 C.
1335 3715 1546 3798 Episc.
1584 3725 1648 3779 et
1698 3716 1925 3802 Regul.
1981 3715 2242 3799 quidam
2289 3714 2588 3780 sacerdos
2636 3713 2718 3779 de
2766 3712 3112 3779 homicidio
3141 3727 3246 3774 ac-

570 3828 820 3881 cusatus
869 3817 1072 3901 prima
1121 3817 1439 3881 sententia
1489 3817 1786 3883 dimissus
1834 3816 2054 3882 fuisset
2104 3837 2250 3882 cum
2300 3827 2648 3903 praecepto
2697 3816 2769 3880 de
2799 3835 2863 3880 se
2893 3829 3243 3899 repraesen-

570 3920 792 3993 tando,
845 3919 940 3984 vel
987 3922 1167 3984 novis
1213 3920 1796 4004 supervenientibus
1829 3920 2116 3994 indiciis,
2172 3919 2398 3984 eadem
2451 3923 2514 3986 S.
2549 3922 2783 4006 Congr.
2843 3920 2902 3984 ei
2954 3915 3240 3984 distribu-

570 4022 776 4087 tiones
826 4041 955 4088 non
1002 4022 1224 4087 deberi
1277 4021 1642 4088 declaravit.
1672 4058 1715 4069 -
1752 4025 1858 4087 71.
1901 4026 2060 4088 Cum
2109 4033 2322 4087 tamen
2376 4023 2569 4087 altera
2615 4021 2930 4088 sententia
2966 4020 3249 4087 edictum

570 4123 824 4201 suisset,
879 4127 1088 4190 locum
1139 4144 1267 4190 non
1317 4144 1451 4190 esse
1501 4125 1921 4203 resumendae
1971 4143 2174 4190 novae
2224 4125 2663 4212 inquisitioni,
2724 4125 2841 4190 nisi
2895 4144 3039 4191 cum
3083 4138 3248 4188 nova

569 4227 802 4293 indicia
855 4238 919 4293 et
969 4247 1131 4293 nova
1182 4226 1455 4294 deducta
1501 4229 2067 4316 supervenissent,
2123 4227 2345 4294 eadem
2399 4216 2461 4294 S.
2504 4232 2738 4315 Congr.
2796 4226 3169 4303 declaravit,
3211 4245 3247 4288 a

566 4329 675 4395 die
723 4329 986 4395 huiusce
1033 4331 1388 4397 sententiae
1435 4330 1920 4397 distributiones
1968 4330 2216 4408 deberi,
2273 4331 2346 4395 iis
2399 4332 2708 4417 exceptis,
2755 4349 2921 4415 quae
2956 4345 3258 4415 praesen-

568 4431 736 4499 tibus
785 4435 1129 4502 debentur.
1174 4473 1217 4484 -
1269 4440 1373 4502 72.
1430 4441 1565 4502 Duo
1615 4448 1827 4503 textus
1881 4441 2039 4522 Cap.
2076 4456 2191 4503 un..
2256 4438 2794 4503 Consuetudinem
2842 4437 2914 4501 de
2961 4455 3081 4501 non
3114 4452 3244 4497 res.

565 4536 637 4599 in
687 4537 754 4599 6.
810 4547 874 4601 et
931 4540 1081 4623 Cap.
1144 4541 1305 4604 Cum
1352 4559 1481 4604 non
1529 4541 1766 4615 deceat,
1821 4541 1892 4604 de
1926 4542 2127 4605 Elect.
2169 4544 2240 4605 in
2277 4541 2345 4604 6.
2402 4542 2483 4607 ita
2534 4532 2981 4616 conciliantur,
3032 4549 3093 4604 ut
3130 4534 3254 4600 ab·

560 4638 729 4703 senti
784 4653 1052 4725 propter
1087 4645 1426 4708 utilitatem
1462 4644 1765 4709 ecclesiae
1801 4643 2159 4709 debeantur
2189 4642 2679 4708 distributiones
2728 4642 2906 4707 iuxta
2945 4642 3251 4727 primum,
