3497 5235
809 382 1378 483 CONSPECTUS
1438 386 1719 482 HUIUS
1781 388 2058 483 PRIMI
2113 386 2628 484 VOLUMINIS

733 1118 1043 1185 Praelatio
1089 1123 1362 1187 auctoris
1457 1168 2659 1188 ...........
2751 1138 2902 1203 paq.
2972 1121 3047 1183 111

734 1221 1237 1289 praefatiuncula
1287 1224 1551 1291 editoris
1571 1269 2778 1290 ...........
2833 1223 3043 1301 ,»XV

731 1325 1096 1391 Dissertatio
1145 1326 1394 1413 praevia
1443 1326 1521 1393 de
1575 1326 1948 1392 visitatione
1999 1331 2328 1394 Sacrorum
2381 1324 2701 1390 Liminum
2757 1371 2774 1387 .
2874 1349 2911 1390 ν
3006 1328 3039 1390 1

377 1426 537 1492 Cn.
590 1429 636 1492 Ι.
734 1430 904 1505 Quae
953 1418 1143 1494 fuerit
1191 1429 1511 1495 Ecclesiae
1557 1428 1889 1516 disciplina
1936 1429 2096 1496 circa
2157 1431 2362 1517 legem
2410 1439 2603 1493 status
2661 1426 2916 1492 dioece-

773 1550 930 1597 seon
965 1530 1317 1609 reserendi‚
1354 1542 1421 1597 et
1453 1536 1565 1601 SS.
1597 1534 1726 1598 AA.
1761 1535 1879 1597 LL.
1914 1531 2234 1609 visitandi,
2271 1543 2610 1615 antequam
2646 1529 2804 1599 Sixti
2834 1532 2909 1595 V.

775 1632 1042 1698 Constit.
1095 1633 1390 1720 prodiret
1451 1681 2775 1699 ............
2781 1676 2786 1681 >
2876 1652 2914 1695 »
3006 1633 3046 1696 9

466 1757 503 1798 ν
593 1736 663 1798 11.
731 1738 822 1799 De
872 1735 1142 1802 utilitate
1192 1748 1258 1803 et
1303 1736 1681 1804 necessitate
1716 1736 2102 1805 Visitationis
2150 1740 2258 1805 SS.
2299 1739 2452 1813 LL.,
2496 1746 2562 1801 et
2592 1734 2914 1801 relationis

774 1847 972 1902 status
1021 1838 1466 1917 ecclesiarum,
1531 1840 1745 1927 deque
1811 1843 2168 1906 iuramento
2227 1851 2289 1906 et
2338 1840 2458 1917 iis,
2511 1858 2673 1923 quae
2724 1841 2786 1904 in
2837 1856 2916 1902 eo

779 1937 1035 2005 edendo
1081 1952 1420 2008 servantur
1456 1990 2774 2009 ............
2875 1963 2913 2006 »
2966 1944 3046 2007 18

469 2066 504 2107 »
582 2043 681 2106 111.
734 2042 999 2119 Quinam
1050 2048 1159 2112 SS.
1199 2047 1329 2110 ΑΑ.
1369 2048 1488 2110 LL.
1542 2045 1841 2123 visitare,
1906 2056 2271 2129 statumque
2320 2043 2685 2111 dioeceseos
2735 2042 2915 2109 exhi-

772 2145 932 2211 bere
981 2156 1343 2225 teneantur,
1397 2159 1462 2213 et
1510 2167 1826 2233 quaenam
1875 2148 2331 2235 impedimenta
2382 2145 2607 2214 iustam
2657 2163 2917 2212 excusa-

778 2250 1015 2316 tionem
1062 2250 1486 2337 suppeditent
1566 2297 2764 2318 ...........
2867 2269 2905 2312 »
2954 2252 3037 2314 24

461 2374 497 2416 »
568 2352 672 2415 lv.
726 2355 817 2416 De
865 2353 1109 2418 ratione
1161 2352 1540 2419 conficiendi
1591 2354 1965 2420 relationem
2009 2365 2207 2420 status
2254 2353 2662 2420 ecclesiarum
2752 2401 2768 2417 .
2868 2373 2906 2416 »
2958 2355 3036 2417 31

460 2478 497 2519 ν
590 2456 664 2518 V.
727 2456 987 2531 Quando
1036 2458 1145 2525 SS.
1188 2458 1316 2522 ΑΑ.
1360 2460 1481 2523 LL.
1518 2458 1783 2534 visitari,
1838 2467 1902 2523 et
1947 2469 2143 2525 status
2190 2458 2414 2524 relatio
2464 2452 2748 2522 exhiberi
2798 2455 2912 2522 de-

769 2556 914 2624 beat
960 2605 2770 2626 ................
2870 2582 2909 2625 ³>
2958 2561 3045 2626 35

460 2679 498 2722 »
570 2663 673 2726 VI.
728 2663 923 2739 Quam
973 2665 1286 2730 rationem
1333 2677 1549 2731 servet
1595 2668 1658 2733 S.
1700 2668 1772 2730 C.
1813 2667 2009 2730 Conc.
2051 2662 2114 2728 in
2164 2663 2607 2748 expendendis
2655 2661 2906 2728 relatio-

772 2765 996 2841 nibus,
1050 2775 1114 2831 et
1164 2768 1477 2853 responsis
1525 2766 1932 2834 remittendis
2044 2812 2770 2831 .......
2873 2786 2910 2827 »
2958 2765 3042 2828 37

723 2867 1066 2933 Instructio
1117 2874 1253 2937 Sac.
1296 2872 1530 2955 Congr.
1570 2872 1770 2935 Cone.
1821 2886 2017 2954 super
2071 2865 2264 2932 modo
2321 2865 2699 2933 conficiendi
2748 2865 2908 2931 rela-

773 2969 984 3037 tiones
1027 2982 1228 3037 status
1276 2972 1685 3037 ecclesiarum
1807 3015 2770 3034 .........
2869 2986 2907 3029 »
2957 2969 3041 3030 42

730 3235 1065 3320 Expositio
1114 3233 1547 3302 instructionis
1594 3238 1659 3302 S.
1701 3239 1938 3322 Congr.
1980 3235 2246 3301 Concilii
2281 3279 2769 3298 .....
2873 3258 2908 3299 »
2959 3234 3042 3297 50

1394 3512 1653 3577 CAPUT
1700 3511 2005 3575 PRIMUM

708 3717 792 3763 ΒΕ
839 3716 1042 3764 muno
1086 3716 1471 3763 RELATIONIS
1520 3717 1795 3774 CAPITE,
1848 3716 2252 3762 PERTINENTE
2299 3715 2388 3761 Al>
2436 3714 2692 3761 STA‘run

1275 3819 1630 3866 uenustas
1680 3820 2131 3867 namnum—:n-

725 4002 1044 4068 Institutio
1091 4001 1399 4069 dioecesis
1444 4045 2763 4068 ............
2861 4023 2897 4064 »
2949 4002 3033 4064 50

461 4105 483 4165 —10
456 4002 479 4065 u·-

488 4105 509 4167 -ι
487 4048 501 4063 ·

518 4153 531 4167 0

370 4107 410 4182 ἓ
726 4103 1008 4170 Confinia
1055 4103 1364 4170 dioecesis
1446 4148 2765 4170 ............
2864 4127 2900 4168 ι»
2950 4105 3034 4167 53

366 4210 406 4285 5
454 4208 550 4269 HI.
724 4207 1059 4294 privilegia
1096 4219 1160 4272 et
1207 4209 1687 4295 praerogativae
1721 4207 2122 4296 episcopatus
2153 4217 2258 4273 aut
2289 4205 2766 4292 patriarchatus.
2863 4226 2899 4268 »
2951 4206 3032 4268 59

366 4312 406 4387 g
455 4308 566 4372 lv.
721 4311 1038 4375 Numerus
1086 4309 1439 4386 civitatum,
1495 4310 1908 4396 oppidorum,
1961 4321 2068 4376 aut
2116 4310 2427 4386 locorum,
2463 4328 2626 4394 quae
2660 4307 2906 4394 episco-

765 4412 976 4496 patui,
1029 4412 1626 4499 archiepiscopatui,
1677 4427 1783 4481 aut
1831 4413 2274 4500 patriarchatui
2323 4412 2605 4478 subiecta
2652 4423 2824 4476 sunt.
2859 4435 2894 4476 »
2946 4412 3029 4475 66

367 4518 407 4593 g
454 4516 532 4580 V.
722 4517 929 4582 Status
976 4515 1390 4594 cathedralis,
1442 4516 2009 4601 metropolitanae,
2061 4527 2168 4582 aut
2214 4512 2641 4602 patriaichalis
2698 4513 2904 4578 eccle·

764 4615 922 4694 siae,
978 4636 1101 4684 una
1148 4638 1294 4684 cum
1342 4638 1612 4685 numero
1662 4619 2113 4685 canonicorum
2162 4629 2228 4684 et
2274 4620 2586 4695 aliorum,
2637 4616 2900 4684 servitio
