3497 5235
631 320 747 381 466
1372 314 1741 378 Initrnttoni·
1779 317 1833 374 Β.
1861 316 2045 390 Oongr.
2073 316 2223 375 ῦοιο.
2266 314 2542 390 expo-itio.

608 454 953 529 ’sionibus
1020 454 1110 525 ad
1161 452 1548 524 relationes
1614 469 1830 542 super
1895 456 2089 522 statu
2140 449 2602 523 ecclesiarum
2654 448 2967 519 solemne
3035 445 3282 532 habet,

633 568 1034 640 absolutam
1104 560 1611 635 Benedictinae
1676 559 2211 633 Constitutionis
2279 560 2809 631 observantiam
2878 560 3288 651 praecipere

633 688 704 754 et
763 696 1040 770 urgere.

776 794 945 865 381.
1001 788 1255 873 Quaeri
1308 794 1588 880 posset,
1663 806 1759 859 an
1808 786 2110 858 binandi
2162 784 2472 857 facultas
2528 783 2820 856 concedi
2894 790 3131 895 quea}
3165 800 3291 873 pro

620 905 883 978 diebus
934 922 973 976 e
1027 903 1363 974 festorum
1416 899 1578 971 albo
1630 899 2074 990 dispunctis3
2132 903 2207 967 at
2257 895 2489 968 facilis
2538 896 2869 986 negativa
2922 896 3290 987 responsio

612 1017 918 1103 subest,
993 1010 1580 1104 quandoquidem
1647 1011 1879 1082 omnis
1949 1009 2336 1081 necessitas
2405 1006 2684 1078 exsulat
2736 1024 2895 1077 cum
2950 1005 3292 1077 audiendi

629 1129 821 1213 Sacri
891 1131 1350 1218 praeceptum
1423 1141 1566 1194 non
1635 1126 1913 1213 urgeat.
1971 1119 2061 1192 Et
2127 1137 2302 1192 sane
2365 1120 2438 1191 S.
2495 1117 2571 1189 C.
2629 1116 2703 1189 C.
2762 1119 2838 1189 in
2892 1119 3288 1209 Linqonen.

628 1246 749 1316 23.
808 1238 966 1311 Ian.
1029 1240 1243 1310 1847.
1293 1254 1419 1326 per
1474 1237 1667 1307 Sum.
1717 1252 1912 1325 pree.
1988 1232 2289 1304 binandi
2351 1230 2763 1303 facultatem
2833 1230 3152 1301 coercuit
3201 1229 3292 1301 ad

610 1356 847 1427 festos
896 1358 1180 1422 tantum
1230 1348 1321 1420 de
1370 1353 1780 1438 praecepto.
1847 1342 2001 1416 Vid.
2059 1345 2506 1417 Auxitanam
2556 1338 2704 1411 VV.
2757 1336 2882 1412 SS.
2939 1338 3088 1411 LL.
3130 1359 3294 1412 mox

627 1466 750 1539 cit.
806 1462 880 1558 ἓ.
946 1462 1280 1535 Tandem.
1337 1454 1522 1538 Quin
1574 1476 1734 1529 cum
1788 1454 2181 1547 Episcopus
2215 1452 2646 1526 Namurceu.
2703 1450 2779 1524 S.
2817 1450 2896 1525 C.
2933 1450 3030 1524 R.
3072 1471 3297 1545 expo·-

614 1577 914 1663 suisset,
976 1592 1015 1643 a
1067 1569 1401 1643 fidelibus
1452 1588 1626 1642 suae
1679 1568 2022 1641 dioecesis
2073 1568 2225 1639 dies
2278 1584 2404 1656 per
2458 1567 2815 1639 indultum
2853 1566 2947 1637 cl.
2990 1585 3091 1637 m.
3133 1565 3298 1638 Car-

607 1687 851 1760 ·dinal.
909 1683 1344 1774 Caprarau.
1405 1681 1478 1754 d.
1536 1684 1608 1754 9.
1670 1679 1892 1772 April.
1958 1679 2171 1750 1802.
2230 1678 2612 1770 abrogatos
2649 1679 2748 1750 uti
2789 1676 3016 1749 festos
3049 1677 3293 1750 obser-

626 1800 807 1887 vari,
864 1801 1323 1888 peteretque,
1395 1800 1475 1865 ut
1525 1792 1663 1864 sibi
1716 1791 2223 1863 concederetur
2275 1789 2581 1862 facultas
2632 1788 3098 1881 permittendi
3163 1790 3296 1862 ite-

625 1911 978 1982 rationem
1029 1906 1368 1978 Sacrificii
1420 1905 1559 1978 illis
1610 1903 2145 1989 sacerdotibuS,
2203 1902 2471 1992 quibus
2526 1903 2640 1974 die
2693 1900 3106 1989 Dominico,
3141 1925 3146 1929 ·
3181 1903 3292 1974 vel

628 2022 807 2095 festo
858 2021 946 2093 de
997 2027 1378 2113 praecepto
1429 2016 1619 2089 hanc
1671 2016 1792 2088 ille
1843 2015 2202 2087 licentiam
2256 2015 2426 2085 dare
2480 2020 2976 2102 consueverat,
3042 2013 3291 2087 retulit

604 2149 1073 2226 ‘responsumt
1106 2128 1262 2203 Non
1291 2129 1652 2221 expedire,
1686 2134 1763 2199 ut
1790 2133 2072 2201 constat
2097 2143 2184 2197 ex
2211 2128 2646 2198 Namurcen.
2687 2126 2804 2195 11.
2835 2122 3038 2218 Sept.
3074 2127 3284 2198 184¹.

628 2245 823 2336 apud
873 2243 1266 2316 Gardellin.
1338 2259 1535 2312 num.
1596 2241 1815 2311 4932.
2195 2332 2200 2337 .

775 2357 943 2427 382.
1001 2351 1477 2425 Nihilominus
1528 2352 2126 2443 indulgentiorem
2161 2367 2237 2421 se
2275 2348 2608 2440 praebuit
2657 2345 2730 2420 S.
2771 2348 3028 2442 Congr.
3073 2350 3285 2423 Cone.

605 2465 975 2557 Episcopo
1013 2464 1472 2556 Argentinen.
1514 2465 1628 2535 die
1670 2465 1784 2534 17.
1827 2464 2141 2553 Septem.
2188 2463 2400 2532 1859.
2442 2455 2936 2556 (Aryentinen.
2982 2464 3289 2541 Induiti-

608 2597 748 2671 ’ρι’-ν
805 2582 997 2652 Sum.
1048 2573 1312 2674 pree).
1370 2576 1541 2648 Cum
1594 2577 1783 2649 enim
1839 2575 1955 2647 ille
2008 2569 2081 2646 S.
2122 2571 2340 2666 Cong.
2397 2575 2786 2663 retulisset,
2828 2576 3082 2649 fideles
3118 2595 3289 2649 suae

627 2691 970 2762 dioecesis
1021 2689 1306 2761 nonnisi
1361 2689 1746 2780 aegerrime
1820 2685 2160 2779 passuros
2213 2683 2470 2758 Missae
2521 2687 2847 2760 sacrificii
2919 2689 3290 2761 auditione

625 2804 888 2895 privari
941 2804 1055 2875 die
1108 2805 1334 2893 primo
1386 2803 1556 2873 anni
1613 2804 1685 2873 in
1738 2799 1918 2872 festo
1969 2798 2567 2888 CircumcisioniS,
2610 2801 2733 2889 qui
2788 2801 2969 2888 dies,
3019 2802 3288 2893 quippe

608 2914 719 2986 ‘ab
774 2914 1050 2986 indulto
1101 2913 1456 2985 Cardinal.
1514 2911 1822 3002 Caprara
1876 2910 2288 3002 abrogatuS,
2351 2930 2496 2983 non
2552 2915 2656 2985 uti
2710 2913 2865 2985 dies
2914 2913 3145 2985 festus
3177 2913 3296 2987 ei>-

626 3026 1090 3113 clesiasticus,
1147 3025 1274 3097 sed
1325 3043 1517 3096 mere
1566 3025 1670 3096 uti
1725 3025 1950 3096 festus
2003 3025 2228 3096 civilis
2282 3023 2698 3112 colebatur,
2770 3021 2940 3095 Emi*
2995 3022 3289 3115 Patres»,

606 3143 706 3208 ‘ut
762 3137 998 3228 populi
1054 3138 1423 3228 pietatem,
1482 3138 1603 3225 qui
1641 3135 2107 3207 nihilominus
2158 3153 2322 3206 eum
2359 3136 2546 3208 diem
2584 3136 2687 3207 uti
2725 3136 3298 3209 ecclesiasticum

602 3247 1152 3336 considerabat,
1209 3246 1731 3337 quodammodo
1783 3254 2362 3319 remuneraretur
2415 3266 2499 3319 ac
2551 3249 2777 3338 magis
2828 3250 3295 3336 accenderet,

602 3357 1041 3431 facultatem
1094 3359 1292 3431 dedit
1341 3355 1689 3449 Episcopo
1742 3358 2202 3450 permittendi
2256 3358 2619 3448 parochiS,
2678 3359 2800 3448 qui
2855 3359 3117 3431 diebus
3153 3359 3303 3430 Do-

625 3472 905 3543 minicis
956 3478 1028 3542 et
1079 3470 1276 3543 festis
1328 3470 1626 3542 binandi
1695 3473 1835 3542 iam
1909 3475 2260 3562 potestate
2316 3470 2782 3558 fruebantur,
2840 3479 2921 3544 ut
2974 3474 3092 3546 die
3146 3473 3310 3547 Cir-

623 3583 1072 3654 cumcisionis
1125 3582 1375 3655 eadem
1427 3584 1532 3655 uti
1585 3590 1874 3674 possent
1904 3603 2036 3675 pro
2071 3584 2312 3675 qratia
2364 3585 2464 3654 ad⁴
2496 3585 3062 3674 quinquennium
3093 3587 3308 3677 sacto

596 3696 824 3766 ‘verbo
875 3715 1032 3766 cum
1089 3697 1332 3778 SSmQ
1387 3696 1509 3785 qui
1561 3693 1632 3766 S.
1691 3692 2271 3786 Congregationis
2322 3681 2832 3768 resolutionem
2896 3697 3111 3786 plene
3161 3717 3312 3790 ap—

596 3805 976 3895 ·probavit.
1042 3807 1238 3877 Anno
1296 3808 1511 3878 1878.
1570 3807 1684 3878 die
1735 3808 1859 3878 24.
1925 3807 2096 3897 Aug.
2156 3808 2292 3879 hoc
2328 3807 2516 3878 idem
2571 3808 2642 3878 S.
2686 3807 2761 3878 C.
2811 3805 2889 3878 C.
2931 3812 3308 3881 concessit

620 3934 751 4006 pro
802 3917 1129 4007 pluribus
1199 3918 1396 3990 festis
1463 3925 1534 3990 et
1603 3918 1969 4008 aliquibus
2021 3920 2177 3990 aliis
2232 3919 2534 4005 diebuS,
2603 3937 2734 4008 pro
2783 3921 3026 4010 qratia
3079 3921 3312 3991 iuxta

611 4028 837 4118 petita
890 4030 1405 4121 Archiepiscopi
1450 4031 1797 4101 Turonen.
1839 4036 1905 4101 et
1957 4030 2281 4122 Episcopi
2335 4031 2726 4122 Linqonen.
2767 4029 2864 4100 ad
2897 4031 3320 4121 quinquen-

620 4140 878 4221 nium,
954 4142 1144 4231 facto
1213 4141 1415 4214 verbo
1464 4160 1622 4212 cum
1701 4144 1939 4215 SSffw.
2000 4138 2209 4234 (Vide
2262 4140 2435 4213 Acta
2505 4139 2578 4212 S.
2637 4138 2840 4212 Sedis
2892 4141 3033 4212 vol.
3105 4138 3310 4215 xil.

594 4268 788 4341 pag.
845 4251 1308 4347 232.-236.).

771 4364 939 4434 383.
995 4361 1294 4444 Quando
1346 4363 1725 4457 parochuS‚
1783 4371 1908 4436 aut
1960 4365 2142 4436 alius
2193 4363 2527 4436 sacerdos
2580 4363 2880 4436 binandi
2935 4361 3315 4441 facultate

591 4474 870 4560 utitur,
929 4475 1342 4563 prohibetur
1392 4477 1680 4548 omnino
1717 4494 1844 4565 pro
1880 4476 2239 4549 secundae
2286 4473 2542 4549 Missae
2579 4477 3051 4568 applicatione
3083 4478 3325 4552 elee-

624 4601 986 4671 mosynam
1026 4589 1420 4679 percipere:
1464 4606 1677 4676 quam
1709 4588 2251 4678 prohibitionem
2292 4608 2417 4679 pro
2456 4589 2815 4662 constanti
2851 4608 2933 4663 ac
2963 4597 3325 4679 generali

597 4693 865 4778 regula
916 4698 1253 4784 servari,.
1285 4700 1595 4770 ostendit
1644 4700 1835 4773 dicta
1889 4698 2158 4773 Bened.
2219 4697 2410 4771 XIV.
2468 4699 2891 4774 constitutio
2942 4707 3014 4772 et
3056 4700 3329 4782 disci-
