3497 5235
538 206 653 271 182
1289 210 1659 270 Iusti-notionis
1699 209 1753 267 8.
1781 208 1965 283 Oongr.
1992 211 2140 271 Ocno.
2179 214 2451 289 expositio.

537 342 801 415 duatae
854 343 1193 416 ecclesiae
1246 347 1476 417 coetui
1537 363 2007 437 personarum
2071 347 2336 420 diversi
2398 346 2542 419 sere
2597 347 2860 438 ingenii
2908 367 3161 424 concre-

537 456 715 543 dita,
756 455 849 526 ad
902 474 984 527 ea
1038 457 1332 529 vitanda
1384 458 1748 549 sapienter
1798 459 2305 531 decreverunt:
2364 468 2444 533 ut
2491 481 2527 524 ι
2566 456 2981 550 Capitulum,
3016 463 3163 534 sede

539 591 580 636 ι
619 576 957 656 vacante,
1005 568 1380 641 officialem
1433 587 1560 642 seu
1616 566 1998 658 vicarium,
2042 570 2227 643 inira
2280 578 2437 643 octo
2492 572 2645 643 dies
2697 578 2852 663 post
2901 579 3167 644 mortem

539 702 578 748 ›
617 675 952 772 Episcopi
1004 681 1461 768 constituere,
1522 680 1628 752 vel
1683 682 2111 755 existentem
2164 683 2585 755 confirmare
2620 684 2903 754 omnino
2956 691 3170 755 tenea-

540 815 578 856 »
621 798 762 879 tur,
803 793 926 881 qui
978 792 1227 864 saltem
1280 794 1355 863 in
1409 794 1560 864 iure
1613 794 1955 865 canonico
1992 796 2085 866 sit
2138 793 2409 882 doctor,
2451 795 2561 866 vel
2614 795 3036 882 licentiatuS,
3072 794 3171 867 vel

540 925 578 969 ›
618 902 797 974 alias
849 911 1199 993 quantum
1253 904 1404 975 fieri
1459 906 1718 995 poterit
1771 904 2094 978 idoneus.
2139 903 2212 977 Si
2264 925 2467 979 secus
2522 906 2786 979 iactum
2833 906 3054 994 fuerit,
3091 905 3168 976 ad

538 1037 576 1080 ›
618 1010 1241 1105 Metropolitanum
1295 1016 1664 1107 deputatio
1718 1017 2123 1090 huiusmodi
2177 1016 2620 1107 devolvatur,
2672 1025 2743 1090 et
2797 1019 2857 1090 si
2907 1018 3174 1090 ecclesia

536 1146 574 1189 ›
615 1124 768 1217 ipsa
807 1124 1349 1217 metropolitana
1387 1127 1626 1218 fuerit,
1670 1135 1794 1200 aut
1847 1135 2205 1222 exempta,
2246 1127 2825 1222 capitulumque,
2877 1137 2952 1202 ut
2995 1147 3178 1220 prae-

533 1256 574 1301 »
614 1233 864 1323 fertur,
907 1238 1277 1330 negligens
1328 1239 1568 1328 fuerit,
1609 1246 1786 1313 tunc
1838 1242 2199 1331 antiquior
2263 1238 2662 1333 Episcopus
2722 1262 2811 1315 ex
2862 1243 3177 1332 suffraga-

535 1370 574 1416 ›
614 1348 769 1419 neis
821 1350 896 1420 in
948 1347 1525 1440 metropolitana,
1575 1358 1646 1423 et
1697 1353 2166 1444 propinquior
2230 1349 2626 1446 Episcopus
2678 1356 2752 1426 in
2819 1358 3179 1443 exempta,

532 1484 573 1529 ι
612 1457 971 1533 vicarium
1025 1466 1247 1553 possit
1298 1464 1734 1535 constituere
1775 1489 1813 1530 ›
1886 1461 2111 1558 (Sess.
2154 1464 2275 1535 24.
2335 1482 2494 1555 cap.
2558 1466 2673 1537 16.
2718 1466 2802 1538 de
2865 1459 3179 1558 Reform).

684 1600 722 1641 ›
763 1572 1184 1646 Huiusmodi
1224 1593 1388 1647 vero
1445 1573 1817 1647 Decretum
1855 1576 2049 1646 varie
2099 1567 2551 1666 interpretati
2586 1581 2754 1647 sunt
2792 1576 3048 1668 privati
3082 1592 3186 1645 ca-

532 1688 954 1759 nonicarum
1009 1705 1244 1759 rerum
1297 1689 1700 1780 scriptores.
1741 1685 2046 1769 Quidam
2101 1688 2291 1758 enim
2330 1695 2791 1777 censuerunt,
2836 1703 3039 1780 posse
3070 1681 3186 1755 Ca-

529 1798 840 1890 pitulum
875 1801 949 1871 in
984 1798 1487 1871 constituendo
1525 1795 1800 1871 vicario
1838 1800 2151 1889 aliquam
2192 1800 2701 1872 iurisdictionis
2756 1808 3033 1891 partem
3066 1795 3189 1868 sibi

530 1928 938 1999 reservare;
996 1910 1115 1982 alii
1168 1916 1630 2000 putaverunt,
1689 1909 1798 1981 fas
1850 1928 2004 1982 esse
2057 1908 2379 2004 Capitulo
2434 1911 2523 1982 ad
2589 1917 2862 1983 certum
2918 1917 3189 1999 tempus

536 2020 886 2096 vicarium
940 2025 1326 2114 deputare;
1383 2042 1517 2096 nec
1567 2023 1981 2110 defuerunt,
2039 2025 2164 2115 qui
2201 2024 2528 2097 arbitrati
2565 2029 2761 2111 sunt,
2802 2024 3021 2097 licere
3070 2018 3188 2093 Ca·-

529 2137 784 2232 pItu10‚
839 2132 1196 2207 vicarium
1249 2152 1376 2226 pro
1429 2134 1726 2208 arbitrio
1777 2154 2163 2225 removere,
2222 2142 2294 2208 et
2346 2136 2565 2208 alium
2617 2135 3089 2208 substituere.

678 2270 717 2316 ›
758 2244 1183 2319 Recensitae
1236 2248 1662 2338 scriptorum
1731 2249 2133 2320 sententiae
2186 2269 2226 2319 a
2280 2248 2650 2319 nonnullis
2718 2245 3070 2338 Capitulis
3119 2244 3197 2315 li-

528 2357 790 2430 benter
839 2366 1181 2450 exceptae
1234 2365 1444 2430 sunt:
1503 2378 1644 2449 quo
1692 2359 1959 2431 factum
2014 2367 2148 2446 est,
2191 2366 2271 2432 ut
2323 2362 2396 2431 in
2451 2360 2587 2431 hac
2638 2378 2713 2432 re
2761 2366 2909 2432 tam
2967 2355 3198 2448 magni

531 2471 872 2541 momenti
926 2469 1345 2561 disciplinae
1385 2471 1833 2543 uniformitas
1885 2469 2250 2556 deficeret,
2291 2477 2361 2542 et
2398 2467 2895 2544 Tridentinum
2954 2466 3202 2540 Decre-

529 2589 682 2656 tum
721 2588 1044 2674 optatum
1103 2583 1317 2655 finem
1371 2584 1582 2675 plene
1636 2601 1782 2656 non
1836 2584 2249 2677 attingeret.
2292 2579 2632 2665 Quamvis
2667 2589 2911 2656 autem
2953 2583 3203 2655 Sacrae

531 2691 745 2767 Urbis
793 2692 1389 2788 Congregationes
1442 2697 1570 2768 has
1610 2697 2032 2784 sententias,
2072 2696 2222 2768 suis
2255 2699 2613 2787 responsis
2650 2697 2723 2767 in
2759 2694 3059 2769 casibus
3093 2708 3205 2764 oc-

531 2806 1010 2896 currentibuS,
1052 2808 1319 2898 pluries
1355 2807 1921 2899 reprobaverint,
1964 2808 2062 2880 ita
2099 2813 2178 2879 ut
2230 2825 2318 2878 ex
2356 2826 2600 2879 earum
2653 2807 3025 2897 responsis
3060 2822 3204 2874 ma-

528 2916 785 2990 nifeste
814 2926 1185 3009 appareat,
1228 2937 1414 3009 quae
1451 2918 1664 2992 luerit
1699 2937 1901 2992 mens
1937 2916 2225 2991 Patrum
2262 2914 2837 2990 Tridentinorum
2874 2918 2952 2989 in
2991 2915 3208 2988 eden-

527 3030 617 3104 do
672 3028 963 3104 Decreto
997 3033 1328 3123 superius
1378 3031 1643 3119 relato;
1703 3039 2023 3105 attamen
2060 3050 2220 3104 cum
2275 3031 2593 3102 nondum
2630 3030 2869 3102 omnia
2924 3028 3201 3116 ubique

527 3141 622 3213 ad
655 3160 813 3213 eam
869 3150 1178 3216 mentem
1216 3143 1403 3234 exigi
1454 3143 1853 3229 videamuS‚
1896 3142 1986 3214 ad
2024 3142 2583 3215 submovendam
2620 3158 2912 3232 prorsus
2950 3156 3213 3229 quam-

523 3252 699 3325 libet
749 3253 1224 3326 dubitationis
1274 3273 1563 3327 causam
1614 3256 1724 3325 vel
1778 3254 2180 3340 obtentum,
2234 3253 2485 3325 iisdem
2541 3253 2903 3343 responsis
2957 3258 3036 3323 et
3089 3248 3213 3321 de-

526 3364 1039 3439 clarationibus
1074 3365 1519 3458 Apostolicae
1548 3367 1992 3439 auctoritatis
2028 3365 2243 3437 robur
2278 3364 2759 3436 adiiciendum
2791 3379 3205 3435 censemus.

526 3473 864 3557 Quocirca
919 3484 1111 3549 motu
1158 3479 1467 3570 proprio,
1509 3497 1594 3550 ac
1627 3484 1822 3551 certa
1875 3477 2175 3549 scientia
2227 3484 2294 3550 et
2348 3484 2624 3548 matura
2678 3474 3215 3548 deliberatione

525 3582 826 3676 Nostris,
883 3588 1115 3679 deque
1176 3589 1618 3683 Apostolicae
1673 3586 2051 3661 Potestatis
2106 3589 2555 3680 plenitudine
2615 3588 3077 3660 declaramus
3142 3591 3219 3658 et

527 3697 1018 3771 decernimus:
1079 3707 1297 3774 totam
1352 3703 1785 3774 ordinariam
1837 3698 2165 3795 Episcopi
2221 3700 2807 3784 iurisdictionem,
2848 3717 3050 3789 quae
3090 3717 3219 3769 va-

527 3826 658 3881 cua
713 3811 883 3883 sede
935 3809 1339 3906 Episcopali
1393 3814 1483 3885 ad
1534 3812 1941 3905 Capitulum
1993 3819 2315 3900 venerat,
2357 3813 2451 3884 ad
2502 3809 2857 3884 vicarium
2895 3810 2995 3882 ab
3058 3810 3217 3901 ipso

524 3924 659 3996 rite
712 3927 1176 3998 constitutum
1228 3929 1517 4000 omnino
1567 3929 1920 4016 transire;
1977 3946 2109 4000 nec
2161 3927 2384 3999 ullam
2434 3926 2649 3999 huius
2684 3923 3221 3997 iurisdictionis

522 4041 804 4126 partem
855 4055 1060 4128 posse
1113 4034 1517 4129 Capitulum
1569 4040 1706 4112 sibi
1761 4059 2168 4127 reservare,
2227 4058 2464 4129 neque
2519 4055 2723 4131 posse
2777 4036 2868 4108 ad
2918 4043 3223 4109 certum

526 4152 597 4218 et
649 4146 1018 4220 delinitum
1073 4153 1357 4243 tempus
1390 4147 1745 4222 vicarium
1785 4153 2213 4224 constituere
2269 4153 2635 4241 multoque
2682 4149 2919 4220 miuus
2969 4164 3228 4219 remo·

523 4276 715 4347 vere,
755 4259 882 4333 sed
935 4277 1095 4331 eum
1168 4262 1239 4331 in
1292 4260 1523 4334 officio
1593 4280 2012 4353 permanere
2065 4280 2439 4354 quousque
2510 4280 2737 4334 novus
2797 4257 3224 4352 Episcopus

521 4364 832 4442 Litteras
887 4369 1349 4463 ApostolicaS,
1415 4372 1504 4445 de
1556 4375 1815 4447 collato
1867 4374 2003 4446 sibi
2058 4371 2518 4467 Episcopatu,
2575 4373 2928 4468 CapItuIO,
2994 4373 3221 4443 iuxta

529 4476 868 4553 Boniiacii
922 4479 1120 4554 VIII.
1179 4482 1751 4558 Praedecessoris
1803 4483 2036 4560 Nostri
2104 4486 2698 4560 Constitutionem
2751 4480 3221 4579 (Extravag.

524 4593 899 4666 Iniunctae
950 4594 1040 4666 de
1091 4597 1435 4670 electione
1487 4598 1674 4674 inter
1723 4597 2047 4696 comm),
2103 4601 2219 4672 vel
2277 4597 2602 4691 Capitulo
2654 4596 3083 4685 deficiente,
3148 4595 3226 4669 ei
