3497 5235
995 341 1240 422 Gapfm.
1282 345 1352 404 De
1394 340 1837 406 olero‘moului.
1880 347 1933 422 ἓ.
1964 346 2013 405 8.
2715 339 2831 405 4¹0

192 479 347 551 dum
400 477 519 565 sit,
563 496 653 549 an
707 485 898 552 recte
952 499 1035 552 ac
1085 481 1296 571 plene
1356 480 1672 572 suppleri
1725 486 1942 570 queat
1997 496 2123 571 per
2190 478 2528 551 vicarium
2578 496 2832 571 perpe-

187 597 377 663 tuum
432 590 506 661 in
560 590 857 663 ecclesia
910 592 1150 682 aliqua
1189 593 1562 683 designata
1615 592 2218 664 constituendum.
2260 589 2350 662 Et
2391 610 2591 677 sane,
2633 589 2705 663 S.
2747 588 2824 663 C.

187 698 386 774 Cone.
420 703 495 772 in
531 703 803 775 Lunen.
851 705 1241 776 Sarzanen.
1285 703 1702 776 Dismembr.
1734 723 2017 795 paroec.
2053 705 2173 775 27.
2208 703 2567 803 Septemb.
2612 705 2825 776 1732.

187 832 336 886 cum
390 813 481 886 de
551 817 756 885 venia
830 817 1214 905 quamdam
1283 815 1841 888 dismembrandi
1912 815 2364 908 parochiam,
2430 834 2828 907 novamque

186 927 495 1018 erigendi
549 932 939 1019 rogaretur,
981 927 1054 1000 in
1109 935 1556 1000 antecessum
1609 928 1871 1018 inquiri
1927 930 2156 1017 iussit,
2213 949 2304 1001 an
2358 928 2617 1000 vic-arla
2672 947 2833 1020 per-

186 1044 392 1129 petua
445 1040 776 1111 constitui
816 1046 1077 1130 posset.
1118 1036 1451 1122 Quamvis
1504 1047 1739 1112 autem
1782 1041 2085 1132 populus
2137 1060 2261 1132 pro
2307 1042 2631 1132 paroecia
2684 1040 2831 1113 dis-

185 1149 642 1223 membranda
694 1152 971 1223 enixius
1009 1152 1332 1241 instaret,
1372 1152 1443 1223 S.
1488 1150 1560 1223 C.
1603 1153 1864 1243 populo
1910 1172 2225 1226 annuere
2280 1153 2532 1238 noluit,
2575 1151 2831 1225 edixit-

187 1279 318 1351 quc*
356 1286 394 1329 ι
434 1261 848 1353 erigendam
898 1272 1314 1356 perpetuam
1368 1265 1726 1338 vicariam.
1771 1291 1810 1333 ν
1848 1261 2041 1346 Quae
2081 1265 2465 1337 declaratio
2518 1265 2590 1337 S.
2631 1261 2705 1336 C.
2747 1261 2821 1336 C.

187 1372 476 1448 fortasse
531 1375 747 1448 movit
800 1375 874 1447 S.
916 1372 1131 1466 Cong.
1174 1373 1415 1469 Episc.
1475 1385 1544 1450 et
1596 1374 1855 1468 Regul.
1917 1378 1990 1449 in
2050 1378 2346 1470 Carpen.
2406 1375 2824 1449 Dismembr.

180 1505 454 1578 paroec.
496 1488 615 1558 22.
657 1484 969 1578 Septem.
1016 1489 1261 1577 1855„
1303 1495 1379 1560 ut
1433 1490 1506 1560 in
1558 1490 1915 1561 simillimo
1968 1508 2163 1578 casu,
2208 1508 2365 1561 cum
2423 1490 2494 1560 in
2550 1488 2833 1561 consul-

185 1602 450 1672 tatione
487 1599 577 1671 de
614 1618 803 1671 more
840 1601 1028 1691 typis
1066 1600 1431 1691 impressa,
1476 1608 1545 1672 et
1583 1597 1776 1672 Emis
1815 1597 2142 1673 Patribus
2168 1601 2559 1674 distributa
2596 1618 2833 1673 exem-

185 1711 374 1801 plum
415 1718 840 1784 memoratae
868 1730 1125 1783 causae
1161 1714 1431 1785 Lunen.
1479 1715 1873 1786 Sarzanen.
1909 1713 2291 1805 allegatum
2332 1712 2608 1801 fuisset,
2641 1732 2833 1786 cam·

189 1821 340 1896 dem
396 1825 941 1897 declarationem
994 1823 1277 1912 cderet;
1334 1827 1595 1898 etenim
1649 1826 1960 1898 decrevit
2012 1826 2160 1897 loco
2212 1828 2579 1918 paroeciae
2631 1826 2833 1899 inde-

187 1936 563 2027 pendentis
598 1956 681 2009 ac
715 1936 976 2009 liberae
1031 1936 1259 2008 locum
1296 1955 1450 2009 esse
1486 1936 1815 2010 erectioni
1849 1937 2161 2010 vicariae
2192 1946 2597 2033 perpetuae,
2640 1944 2835 2033 post-

185 2067 396 2139 quam
451 2049 876 2123 ordinarius
929 2048 1271 2121 docuisset
1321 2048 1404 2121 cle
1455 2068 1767 2141 conqrua
1817 2048 2200 2121 dotatione.

325 2162 497 2233 290.
537 2157 956 2233 Huiusmodi
1010 2161 1343 2232 vicariam
1396 2162 1663 2251 erigere
1715 2168 1949 2251 potest
2001 2159 2396 2253 Episcopus
2432 2162 2522 2235 ob
2576 2162 2832 2235 allatas

184 2289 436 2344 causas
485 2273 703 2345 ctiam
752 2274 826 2345 in
877 2273 1193 2346 ecclesiis
1254 2272 1825 2364 parochialibus,
1884 2292 2070 2363 quae
2140 2275 2350 2347 alicui
2406 2276 2832 2348 monasterio

181 2387 429 2458 unitae
479 2389 692 2475 sunt,
748 2386 1025 2457 etiamsi
1095 2386 1504 2457 monasterii
1574 2383 1986 2476 Superiores
2055 2387 2580 2487 contradicant..
2630 2384 2721 2459 Et
2772 2387 2831 2459 si

184 2514 497 2589 congrua
550 2498 678 2570 dos
726 2498 986 2570 vicario
1023 2498 1480 2570 constituitur
1515 2497 1832 2586 aliunde,
1873 2504 1943 2569 et
1998 2499 2285 2571 minime
2321 2518 2404 2571 cx
2442 2499 2649 2572 bonis
2686 2516 2835 2571 mo·

180 2611 477 2683 nasterii
544 2628 670 2683 seu
737 2609 1158 2705 parochiae,
1216 2617 1451 2705 potest
1500 2610 1713 2684 ctiam
1784 2611 2209 2685 erectionem
2283 2631 2618 2704 peragere
2672 2630 2830 2687 cum

176 2722 332 2795 iure
385 2723 651 2796 liberae
704 2723 1126 2812 collationis,
1178 2729 1459 2795 servato
1511 2742 1887 2796 concursu.
1945 2721 2017 2796 S.
2075 2722 2152 2796 C.
2209 2722 2282 2798 C.
2340 2725 2664 2798 Brixien.
2712 2725 2827 2797 10.

177 2832 388 2908 Mart.
431 2842 501 2908 et
552 2836 673 2907 22.
714 2832 876 2907 Iun.
922 2835 1134 2907 1743.
2628 2914 2637 2922 ‚
2852 2907 2857 2911 ,

327 2949 497 3020 291.
537 2945 681 3021 Nec
731 2948 1327 3039 praetereundum
1378 2947 1512 3020 boc
1563 2949 1714 3021 loco
1769 2954 1901 3036 est,
1961 2949 2149 3040 quod
2202 2946 2412 3020 Conc.
2453 2943 2643 3018 Trid.
2685 2951 2834 3018 sta-

172 3061 318 3134 tuit
358 3062 534 3132 Sess.
578 3059 649 3132 7.
684 3079 842 3151 cap.
875 3058 946 3131 7.
979 3059 1060 3133 de
1103 3060 1444 3152 Reform„
1473 3065 1548 3131 ut
1587 3061 1657 3130 in
1694 3061 2007 3133 ecclesiis
2048 3057 2600 3152 parochialibus,
2643 3076 2828 3147 quae

171 3172 740 3260 cathedralibuS,
780 3172 1170 3263 collegiatis
1223 3179 1293 3244 et
1345 3173 1478 3265 piis
1530 3172 1686 3244 aliis
1740 3172 2312 3263 quibuscumque
2366 3170 2536 3242 locis
2589 3170 2833 3243 unitae

168 3291 375 3373 sunt,
417 3282 747 3377 Episcopi
799 3284 1098 3356 sollicite
1151 3291 1426 3361 curent.
1487 3303 1627 3375 quo
1692 3302 1819 3375 per
1887 3285 2179 3357 idoneos
2246 3284 2548 3359 vicarios
2620 3283 2835 3356 etiam

151 3403 582 3490 perpetuos,
636 3397 779 3467 nisi
830 3396 999 3488 ipsis
1076 3396 1482 3470 ordinariis
1541 3415 1675 3488 pro
1743 3397 1915 3469 bono
1981 3398 2433 3470 ecclesiarum
2500 3394 2838 3488 reqimine

162 3508 389 3580 aliter
436 3507 757 3600 expedire
808 3507 1185 3591 videbitur,
1222 3509 1631 3580 animarum
1681 3528 1856 3581 cura
1894 3509 2347 3582 laudabiliter
2398 3513 2831 3582 exerceatur.

154 3618 372 3703 Quae
423 3619 635 3691 verba
672 3621 774 3691 sic
818 3639 859 3691 a
911 3620 1317 3692 doctoribus
1351 3620 1825 3712 explicantur,
1869 3629 1947 3693 ut
1984 3623 2335 3713 appositio
2392 3621 2629 3694 vicarii
2682 3620 2832 3691 sive

148 3732 530 3828 perpetui,
570 3732 717 3803 sive
770 3732 1177 3822 temporalis
1229 3733 1539 3823 pendeat
1601 3730 1692 3804 ab
1746 3733 2041 3805 arbitrio
2111 3729 2648 3805 ordinariorum
2700 3749 2833 3822 pro

153 3845 868 3918 circumstantiarum
923 3845 1263 3918 varietate
1323 3845 1779 3918 moderanda
1822 3843 2150 3940 (Barbas.
2198 3848 2311 3920 Ius
2350 3846 2553 3918 Pont.
2591 3843 2711 3915 lib.
2754 3842 2826 3918 3.

147 3979 222 4033 c.
273 3957 359 4031 6.
397 3977 472 4029 u.
520 3955 636 4029 Η.
677 3963 748 4030 et
800 3955 968 4028 alibi
1007 3975 1165 4028 cum
1219 3954 1668 4054 Galtemart.)
1704 3955 1889 4040 Quin
1925 3961 2141 4031 ctiam
2178 3955 2249 4031 S.
2292 3956 2365 4028 C.
2406 3955 2617 4030 Conc.
2661 3974 2836 4046 quo-

142 4071 623 4160 tiescumque
673 4087 759 4140 ex
813 4068 1274 4141 relationibus
1326 4064 1836 4164 Episcoporum
1888 4071 1976 4143 de
2030 4070 2487 4142 ecclesiarum
2542 4086 2830 4140 suarum

138 4189 373 4256 statu
422 4181 920 4273 deprehendit,
963 4198 1205 4252 curam
1259 4179 1697 4253 habitualem
1754 4200 1974 4274 penes
2028 4182 2232 4253 modo
2288 4187 2671 4252 memorata
2720 4197 2838 4251 sa-

139 4314 282 4372 cra
350 4295 678 4369 instituta
732 4295 1067 4383 residere,
1109 4296 1462 4368 actualem
1498 4314 1659 4368 vero
1695 4314 1914 4390 pones
1966 4313 2187 4367 unum
2239 4296 2347 4366 vel
2404 4295 2669 4386 plures,
2711 4292 2835 4383 qui

140 4419 422 4483 tamen
472 4409 565 4481 ad
616 4415 873 4480 nutum
920 4414 1216 4499 possunt
1267 4428 1307 4478 a
1361 4408 1695 4499 parochia
1733 4408 2069 4493 amoveri,
2110 4406 2355 4478 sedulo
2410 4413 2651 4478 monet
2694 4405 2835 4476 An-

133 4520 468 4609 tistites,
508 4526 588 4592 ut
641 4520 955 4607 videant,
997 4538 1090 4590 an
1127 4518 1530 4590 huiusmodi
1568 4520 1666 4591 rei
1704 4519 2142 4591 exercendae
2194 4518 2611 4609 paroecialis
2655 4516 2836 4589 ratio

129 4637 224 4709 in
293 4633 554 4724 populi
607 4632 1108 4705 detrimentum
1162 4630 1394 4719 cedat,
1437 4639 1504 4703 et
1557 4650 1649 4703 an
1690 4632 1912 4723 magis
1964 4631 2324 4722 expediat,
2369 4636 2444 4702 ut
2499 4628 2836 4721 parochia

120 4752 527 4844 perpetuo
576 4745 649 4821 in
703 4746 991 4820 titulum
1044 4744 1145 4816 ita
1196 4743 1627 4837 conteratur,
1669 4750 1746 4819 ut
1799 4745 1951 4819 eius
2002 4749 2231 4818 rector
2264 4745 2420 4817 sine
2470 4744 2836 4818 canonicis
