3497 5235
572 247 688 310 402
1308 246 1680 305 hott-notioni·
1721 244 1774 303 8.
1806 242 1990 319 congr.
2020 244 2167 303 Onne.
2209 243 2480 319 expositio.

574 408 611 452 »
667 381 944 473 sigilliS,
988 389 1065 453 ut
1119 386 1363 468 antea,
1420 380 1868 471 obsignetur.
1928 375 2164 467 FideS,
2220 397 2348 451 seu
2388 376 2873 450 attestationes
2910 375 3097 448 clam
3133 394 3245 450 ce-

575 520 608 554 »
671 493 923 565 lebrati
982 491 1412 564 matrimonii
1467 512 1507 562 a
1561 489 1873 582 parocho
1925 490 2038 561 vel
2089 490 2485 579 sacerdote,
2538 488 2662 579 qui
2710 489 2897 560 vices
2950 488 3245 579 parochi

575 632 612 674 »
673 607 917 698 gessit,
955 603 1392 689 exarandae,
1434 601 1783 693 vobisque
1834 600 2289 674 exhibendae
2335 600 2905 674 transcribantur
2944 602 3019 670 in
3058 601 3246 674 dicto

574 743 611 787 ›
669 716 875 803 libro,
933 719 1142 806 prout
1206 716 1467 801 iacent,
1525 714 1614 785 de
1669 713 1882 785 verbo
1935 713 2028 784 ad
2082 714 2407 802 verbum,
2466 734 2509 785 a
2575 731 2877 804 persona
2950 734 2990 786 a
3045 713 3249 787 vobis

577 853 614 897 »
670 828 1113 920 deputanda,
1171 843 1358 916 quae
1410 825 1602 917 apud
1654 844 1903 897 omnes
1974 827 2406 916 integritatis
2459 824 2885 916 probatique
2939 824 3250 924 nominis

579 964 618 1009 ιι
676 939 1121 1011 luculentum
1199 935 1466 1007 habeat
1544 938 2055 1025 testimonium.
2140 935 2351 1009 Fides
2401 955 2568 1009 vero
2619 944 2691 1010 et
2752 938 3253 1011 attestationes

581 1077 618 1121 ›
674 1052 869 1142 ipsae
923 1052 997 1121 in
1048 1049 1406 1121 secretiori
1461 1048 1613 1122 loco
1666 1054 1901 1122 sartae
1957 1054 2334 1138 tectaeque
2386 1068 2429 1119 a
2480 1047 2682 1122 vobis
2746 1055 3145 1122 serventur.
3208 1074 3247 1118 ι

724 1164 893 1235 257.
950 1159 1152 1243 Quod
1204 1161 1263 1231 si
1316 1179 1402 1233 ex
1456 1161 1863 1233 huiusmodi
1918 1162 2196 1233 occulto
2248 1162 2697 1234 matrimonio
2749 1161 3030 1234 soboles
3081 1179 3259 1233 ena-

577 1281 843 1364 scatur,
883 1292 1030 1345 non
1083 1272 1352 1345 debent
1399 1273 1687 1363 parochi
1727 1274 1800 1343 in
1837 1272 2019 1344 libro
2056 1272 2511 1364 baptismatis
2545 1280 2924 1366 parentum
2962 1274 3256 1346 nomina

576 1406 974 1476 recensere,
1013 1387 1141 1457 sed
1195 1386 1328 1477 ipsi
1385 1394 1745 1477 parenteS,
1789 1387 1913 1475 qui
1952 1387 2367 1474 ceteroquin
2404 1388 2776 1460 occasione
2813 1388 2967 1461 initi
3010 1388 3256 1460 matri-

579 1500 797 1573 monii
851 1498 1114 1570 debent
1167 1518 1206 1570 a
1260 1498 1569 1589 parocho
1624 1497 1759 1570 hac
1811 1499 1900 1570 de
1952 1517 2027 1571 re
2083 1500 2380 1589 moneri,
2422 1498 2600 1571 illud
2651 1499 2887 1573 facere
2949 1499 3250 1588 debent,

579 1619 661 1685 ut
710 1607 1059 1703 Episcopo
1112 1610 1202 1682 de
1254 1616 1582 1700 suscepta
1638 1611 1832 1702 prole
1886 1615 1956 1683 et
2007 1611 2440 1702 baptismate
2493 1619 2912 1704 regenerata
2949 1619 3143 1685 certo
3184 1616 3255 1684 et

579 1724 954 1817 perspicue
1007 1728 1310 1794 constet.
1359 1720 1758 1814 Episcopus
1793 1729 2034 1795 autem
2072 1722 2375 1795 alterum
2414 1724 2489 1795 in
2527 1724 2952 1797 cancellaria
2995 1724 3250 1797 librum

581 1837 832 1909 eadem
871 1834 1230 1923 cautione,
1275 1852 1416 1923 qua
1457 1834 1636 1905 alter
1673 1835 1763 1906 de
1801 1835 2274 1907 matrimoniis
2309 1835 2632 1926 occultiS‚
2674 1837 3015 1909 custodiri
3054 1854 3252 1907 man·

583 1946 815 2033 dabit,
889 1945 1012 2017 ubi
1067 1951 1444 2035 susceptae
1498 1946 1819 2016 eiusdem
1890 1947 2110 2036 prolis
2165 1954 2235 2019 et
2297 1946 2708 2039 baptizatae
2767 1949 3251 2021 testimonium

585 2060 783 2132 iuxta
837 2059 1314 2148 praescriptas
1367 2073 1490 2146 pro
1546 2057 2017 2129 matrimoniis
2085 2057 2382 2131 occultis
2448 2059 2643 2151 leges
2702 2058 3244 2132 transcribatur.

590 2167 1180 2241 Attestatiouibus
1233 2175 1472 2240 autem
1525 2169 1673 2240 sive
1730 2186 1856 2259 pro
1910 2170 2403 2258 matrimoniis,
2460 2172 2610 2242 sive
2661 2189 2788 2262 pro
2840 2170 3108 2243 sobolis
3141 2188 3249 2241 su-

586 2281 952 2370 sceptione
1006 2297 1093 2351 ex
1148 2288 1450 2368 utroque
1495 2280 1674 2352 libro
1711 2281 1955 2371 petitis
1991 2281 2244 2353 eadem
2281 2281 2532 2354 haberi
2570 2282 2783 2355 debet
2821 2282 3033 2370 fideS,
3072 2298 3249 2372 quae

585 2391 788 2464 libris
838 2391 1374 2483 parochialibus
1423 2391 1673 2465 haberi
1727 2393 2123 2465 consuevit.
2180 2391 2375 2475 Quae
2427 2394 2711 2486 singula
2748 2394 3249 2467 fusiusvioere

589 2507 699 2575 est
749 2503 826 2573 in
888 2510 1272 2575 memorata
1312 2500 1679 2576 Benedicti
1734 2505 2135 2577 sanctione.
2192 2503 2265 2600 ἓ.
2328 2504 2444 2580 Η.
2502 2511 2569 2578 et
2618 2525 2758 2598 seq.

737 2614 909 2686 258.
967 2611 1072 2687 Ex
1126 2616 1514 2707 parochiali
1568 2616 2065 2689 defunctorum
2120 2616 2300 2689 libro
2352 2617 2698 2710 probatur
2733 2619 3040 2690 alicuius
3071 2634 3251 2688 mors

589 2731 661 2798 et
695 2725 918 2813 locuS,
959 2726 1083 2798 ubi
1121 2745 1160 2798 e
1199 2728 1345 2799 vita
1384 2730 1737 2820 migravit.
1782 2726 2032 2823 (Barb.
2066 2729 2151 2801 de
2183 2730 2301 2823 off.
2331 2736 2397 2802 et
2422 2736 2573 2823 pot.
2595 2749 2763 2822 par.
2794 2748 2866 2821 p.
2905 2729 2966 2801 I.
2999 2748 3153 2820 cap.
3178 2726 3243 2799 7.

589 2857 787 2910 num.
850 2837 967 2911 13.
1008 2857 1167 2910 cum
1224 2840 1635 2913 doctoribus
1687 2859 1771 2913 ac
1821 2837 2007 2913 Rota
2061 2840 2325 2913 ibidem
2381 2838 2771 2936 allegatis.)
2818 2837 3003 2922 Quin
3042 2841 3252 2915 etiam

592 2964 678 3020 ex
731 2946 805 3021 S.
865 2946 1049 3022 Rota
1117 2952 1195 3023 in
1250 2953 1496 3026 Elven.
1558 2953 1849 3025 Excom.
1910 2953 1981 3024 7.
2040 2949 2380 3024 Februar.
2439 2972 2679 3025 coram
2729 2952 3018 3027 Merlin.
3073 2954 3252 3024 circa

590 3066 889 3131 mortem
942 3061 1122 3135 fides
1173 3063 1557 3136 adhibetur
1609 3066 1824 3137 etiam
1895 3065 2079 3137 libro
2145 3065 2530 3154 societatis,
2589 3065 2649 3135 si
2712 3065 3252 3138 confraternitas

589 3173 813 3246 habet
864 3193 990 3266 pro
1045 3177 1373 3250 instituto
1447 3176 1584 3249 hoc
1661 3179 1989 3270 generale
2066 3185 2381 3250 mortuos
2453 3178 2846 3270 sepeliendi
2916 3176 3251 3263 officium,

588 3291 801 3377 prout
871 3287 1085 3359 etiam
1157 3307 1244 3359 ex
1313 3288 1493 3360 libro
1569 3288 1970 3379 hospitalis.
2030 3285 2278 3383 (Barb.
2323 3289 2453 3361 loc.
2497 3289 2620 3362 cit.
2664 3308 2738 3361 n.
2786 3289 2905 3363 15.
2956 3294 3026 3360 et
3072 3284 3256 3359 Rota

594 3397 761 3470 Dec.
801 3396 975 3469 244.
1020 3418 1095 3470 η.
1136 3400 1258 3471 22.
1303 3420 1387 3472 ac
1422 3399 1544 3474 23.
1592 3402 1679 3473 Ρ.
1734 3403 1920 3475 VIII.
1968 3395 2310 3495 Recent.).

740 3513 911 3585 259.
972 3510 1509 3586 Sacramentum
1563 3512 2135 3585 Confirmationis
2187 3513 2399 3585 alicui
2452 3510 2672 3585 fuisse
2725 3512 3086 3600 collatum,
3135 3508 3262 3582 de-

593 3631 1034 3696 monstratur
1102 3644 1188 3697 ex
1262 3626 1443 3697 libro
1495 3626 2114 3714 confirmatorum,
2172 3642 2389 3714 quem
2454 3624 2518 3694 si
2574 3641 2848 3713 omnes,
2923 3624 3017 3696 ad
3082 3640 3262 3713 quos

592 3735 792 3806 iuxta
846 3732 1249 3808 Romanum
1303 3735 1592 3809 Rituale
1646 3737 1982 3827 pertinet,
2032 3736 2343 3808 maxima
2380 3737 2832 3808 accuratione
2869 3751 3258 3820 asservare,

594 3846 672 3917 in
708 3864 936 3936 eoque
972 3849 1412 3938 singulorum
1449 3849 2030 3921 confirmatorum
2065 3848 2358 3919 nomina
2394 3847 2738 3919 adnotare
2775 3845 3066 3932 debent,
3105 3852 3259 3918 tum

594 3959 826 4048 magis
863 3961 1169 4031 retinere
1207 3960 1546 4033 iubentur
1582 3961 1658 4050 ii,
1694 3960 1815 4050 qui
1857 3960 2034 4032 forte
2071 3959 2518 4051 privilegium
2555 3958 2903 4046 habeant,
2938 3963 3016 4029 ut
3047 3973 3265 4046 quos-

596 4087 905 4159 cumque
958 4072 1172 4143 etiam
1226 4078 1600 4145 extraneos
1651 4091 1855 4145 sacro
1900 4072 2280 4143 chrismate
2315 4071 2665 4162 inungere
2697 4071 3001 4161 possint3
3039 4067 3263 4141 veluti

593 4200 712 4258 ex.
757 4200 859 4273 gr.
903 4182 992 4254 dc
1043 4179 1221 4254 Ειῑιο
1276 4184 1891 4275 archipresbytero
1960 4180 2264 4274 Capituli
2333 4179 2662 4256 Vaticani
2716 4181 3083 4274 contingit,
3141 4179 3265 4252 cui

592 4289 866 4366 Bened.
904 4291 1093 4366 XIV.
1124 4292 1420 4368 Constit.
1462 4296 1572 4370 Ad
1605 4297 2097 4369 honorandum
2131 4296 2222 4367 27
2263 4289 2472 4366 Mart.
2518 4294 2732 4366 1751.
2773 4293 3028 4368 diebus
3058 4290 3265 4362 festis

598 4403 674 4477 S.
715 4403 900 4480 Petri
956 4427 1042 4481 ac
1091 4407 1165 4481 S.
1207 4407 1409 4483 Pauli
1463 4409 1767 4498 aliisque
1817 4414 2093 4499 septem
2158 4406 2771 4497 subsequentibus
2836 4408 3267 4497 potestatem

594 4513 765 4588 facit
818 4537 1305 4611 quoscumque
1359 4521 1574 4593 etiam
1628 4519 1763 4591 sibi
1804 4539 1946 4591 non
1984 4519 2310 4594 subditos
2347 4518 2843 4592 confirmandi.
2887 4515 2972 4590 In
3007 4514 3270 4589 eadem

598 4628 790 4700 enim
842 4627 1358 4706 Constitutione
1406 4628 1483 4726 ἓ.
1541 4631 1632 4704 Et
1682 4631 1866 4705 sicut
1903 4633 2310 4723 gravissime
2342 4632 2802 4724 praecipitur,
2840 4636 2922 4705 ut
2956 4626 3272 4702 authen-
