3497 5235
1018 324 1137 401 ⁰⁸1²·
1161 327 1255 385 m.
1299 325 1369 384 Do
1408 323 1540 384 clero
1580 321 1851 381 saeculari.
1892 323 1946 397 g.
1974 322 2023 379 8.
2728 311 2843 378 417

197 462 812 548 membrationem,
855 479 936 531 ac
988 459 1425 550 subsequam
1478 458 1773 530 alterius
1822 456 1930 526 vel
1999 449 2308 548 plurium
2373 451 2673 523 aliarum
2722 469 2851 543 pa·

196 574 592 648 rochiarum
649 572 1072 645 erectionem
1125 571 1651 645 deveniendum
1705 576 1838 642 est.

338 687 512 759 286.
555 682 655 757 De
707 684 938 755 tribus
987 683 1180 756 hisce
1234 683 1551 755 articulis
1590 681 1935 753 nonnulla
1988 679 2400 769 singulatim
2438 673 2851 748 adnotanda

199 806 604 871 occurrunt.
649 795 751 868 Ad
802 798 1137 886 primum,
1190 797 1313 885 qui
1368 795 1719 887 capellani
1774 791 2204 866 coadiutoris
2272 789 2851 862 constitutionem

198 910 514 1000 respicit,
555 908 951 981 notandum
1002 915 1138 995 est,
1181 905 1370 997 quod
1426 907 1499 978 in
1551 903 1846 977 Constit.
1904 900 2154 975 Innoc.
2213 897 2417 972 XIII.
2477 898 2854 991 Apostolici

201 1021 612 1103 ministerii,
650 1039 863 1110 quam
901 1016 1169 1091 Bened.
1211 1014 1418 1089 XIII.
1462 1017 1982 1089 observandam
2020 1015 2241 1087 edixit
2275 1016 2347 1086 in
2389 1012 2598 1087 Conc.
2638 1010 2848 1084 Rom.

204 1153 317 1204 an.
366 1133 618 1217 1725„
658 1132 748 1203 ad
803 1150 877 1202 n.
925 1131 1036 1200 r1.
1082 1132 1180 1203 ita
1233 1130 1592 1221 provisum
1645 1137 1797 1202 est:
1842 1152 1880 1193 α
1918 1124 2206 1209 Quoties
2256 1129 2501 1216 itaque
2571 1128 2643 1198 in
2699 1125 2855 1197 aliis

207 1268 241 1311 ›
280 1242 814 1335 parochialibus
865 1242 1226 1330 ecclesiiS,
1285 1261 1498 1332 quae,
1556 1251 1635 1315 ut
1685 1240 2109 1333 praefertur,
2166 1241 2411 1313 unitae
2464 1259 2608 1310 non
2662 1239 2849 1326 sint,

206 1382 241 1426 ›
279 1355 675 1445 oportuerit
725 1373 813 1425 ex
865 1354 1109 1444 aliqua
1164 1356 1348 1426 iusta
1403 1373 1616 1426 causa
1663 1352 2017 1445 provideri
2068 1371 2196 1443 per
2248 1352 2693 1423 coadiutores
2729 1369 2860 1441 pa-

208 1494 242 1535 »
279 1466 661 1539 rochorum
712 1473 837 1537 aut
904 1484 1030 1557 per
1082 1467 1379 1538 vicarios
1451 1467 1957 1556 temporarioS,
2009 1483 2219 1536 curae
2272 1465 2404 1536 erit
2454 1460 2852 1554 Episcopis,

209 1605 244 1645 »
282 1597 411 1671 pro
464 1578 633 1649 data
684 1576 819 1649 sibi
873 1599 913 1648 a
967 1574 1376 1650 Tridentino
1430 1577 1713 1669 Synodo
1767 1584 2118 1669 potestate
2171 1584 2443 1667 partem
2498 1575 2855 1648 fructuum

211 1716 246 1760 ›
284 1688 671 1782 praedictis
722 1690 1252 1762 coadiutoribus
1305 1698 1430 1762 aut
1475 1692 1755 1762 vicariis
1809 1690 2343 1781 assignandam,
2387 1690 2858 1762 determinare

212 1828 247 1868 ›
287 1802 363 1871 in
418 1819 502 1872 ea
556 1801 983 1891 quantitate,
1044 1819 1228 1890 quae
1279 1821 1404 1892 pro
1457 1822 1584 1874 suo
1637 1802 1970 1893 prudenti
2027 1801 2319 1873 arbitrio
2373 1808 2443 1873 et
2496 1801 2862 1872 conscien-

211 1913 387 1983 »tia
442 1912 872 1984 conveniens
925 1913 1307 2002 videbitur,
1367 1916 1638 1988 ratione
1691 1916 2019 1987 videlicet
2070 1913 2318 1986 habita
2371 1915 2727 1987 redituum
2792 1919 2861 1987 et

211 2052 248 2092 ›
289 2023 923 2096 emolumentorum
977 2026 1315 2097 ecclesiae
1366 2028 1815 2118 parochialis,
1865 2030 1939 2100 in
1993 2047 2135 2117 qua
2189 2030 2511 2119 deputati
2566 2029 2858 2116 fuerint,

211 2161 249 2204 »
290 2154 569 2207 necnon
622 2137 960 2227 inspectis
1012 2139 1539 2212 conditionibus
1591 2141 1750 2225 loci,
1796 2159 2089 2212 numero
2143 2143 2579 2229 animarum,
2637 2140 2867 2231 quali-

212 2272 250 2315 »
292 2254 441 2319 tate
493 2247 755 2319 laboris
817 2256 884 2321 et
940 2250 1346 2338 quantitate
1416 2253 1940 2342 impensarum,
2000 2271 2180 2341 quas
2248 2254 2601 2326 commissi
2654 2251 2867 2323 officii

214 2386 251 2426 ›
294 2360 680 2431 necessitas
729 2364 1237 2454 postulaverit.
1296 2360 1495 2445 Quod
1549 2367 1606 2436 si
1662 2367 1949 2455 parochi
2020 2366 2110 2437 ab
2163 2364 2534 2459 Episcopis
2586 2366 2863 2453 moniti,

212 2495 250 2536 »
293 2489 604 2561 congruo
641 2474 906 2546 eisdem
945 2483 1259 2569 tempore
1297 2478 1635 2569 praelim,
1678 2481 2124 2552 coadiutores
2162 2482 2308 2554 sive
2345 2482 2643 2553 vicarios
2692 2486 2872 2552 tem-

214 2606 252 2650 »
294 2583 640 2673 porarios,
700 2588 982 2675 quoties
1031 2606 1210 2680 opus
1263 2589 1517 2678 fuerit,
1578 2607 1936 2664 assumere
1990 2593 2476 2686 neglexerint,
2535 2598 2870 2685 poterunt

212 2697 430 2786 »ipsi
483 2693 813 2790 Episcopi
858 2719 1004 2788 θος,
1047 2720 1225 2790 quos
1276 2703 1442 2776 huic
1481 2707 1755 2775 muneri
1810 2706 2101 2790 idoneos
2154 2707 2586 2792 censuerint,
2628 2712 2871 2776 aucto-

213 2834 255 2876 »
296 2810 507 2881 ritate
560 2813 844 2902 propria
896 2813 1239 2903 deputare
1302 2835 1464 2889 cum
1519 2816 2002 2906 assignatione
2065 2819 2470 2889 antedictae
2495 2816 2868 2906 ,portionis

213 2946 256 2987 ›
297 2920 687 2992 fructuum.
729 2919 817 2994 Et
871 2923 1353 3014 nihilominuS,
1397 2927 1518 2998 ubi
1573 2930 1787 3000 etiam
1833 2930 2178 3022 praedicti
2233 2931 2703 3014 coadiutores,
2746 2935 2870 2999 aut

212 3057 253 3100 >
294 3032 537 3102 vicarii
592 3037 996 3124 temporarii
1035 3056 1073 3106 a
1125 3039 1451 3130 parochis
1504 3041 1850 3112 nominati
1886 3043 1998 3113 vel
2051 3043 2391 3131 assumpti
2448 3040 2737 3126 inerint,
2780 3038 2870 3110 de

207 3168 252 3213 ›
294 3163 537 3216 eorum
592 3145 978 3220 idoneitate
1014 3147 1380 3241 Episcopis
1434 3158 1759 3224 constare
1814 3171 1939 3243 per
1985 3172 2283 3225 examen
2338 3152 2626 3238 debeat,
2668 3157 2873 3221 ante-

206 3283 250 3322 »
296 3274 514 3345 quam
568 3256 659 3328 ad
715 3262 1128 3333 exercitium
1179 3264 1693 3352 admittantur3
1753 3284 1883 3336 nec
1928 3266 2102 3336 satis
2155 3266 2273 3353 sit,
2318 3264 2509 3354 quod
2561 3263 2652 3334 ad
2707 3280 2873 3334 con-

205 3394 249 3433 »
295 3366 644 3440 sessiones
713 3370 1109 3444 audiendas
1179 3381 1390 3446 antea
1445 3374 1707 3448 suerint
1763 3376 2180 3466 approbati,
2242 3377 2376 3447 nisi
2430 3375 2590 3446 aliis
2659 3373 2875 3445 etiam

204 3507 248 3548 ι
296 3480 775 3571 qualitatibus
827 3485 917 3556 ad
969 3504 1210 3558 curam
1249 3488 1647 3558 animarum
1704 3497 1891 3560 recte
1935 3489 2401 3560 exercendam
2456 3485 2875 3578 opportunis
2920 3518 2931 3527 ·

202 3622 247 3663 ι
294 3596 603 3688 praediti
641 3605 1054 3671 noscantur.
1095 3595 1367 3680 Quibus
1405 3601 1462 3672 si
1517 3607 1834 3688 careant,
1876 3619 2009 3672 nec
2045 3599 2333 3691 parochi
2371 3598 2633 3671 deinde
2686 3598 2873 3667 intra

202 3735 251 3776 v
300 3707 522 3780 alium
559 3709 863 3780 similem
913 3712 1295 3784 terminum
1347 3712 1439 3784 ab
1473 3710 1842 3806 Episcopis
1878 3712 2443 3804 praefigendum,
2486 3711 2660 3781 alios
2712 3723 2876 3779 vere

202 3849 251 3891 »
302 3822 599 3895 idoncos
652 3825 1201 3913 nominaverint,
1264 3831 1434 3897 tunc
1486 3828 1748 3917 pariter
1818 3826 1909 3897 ad
1960 3827 2151 3918 ipsos
2219 3821 2605 3915 Episcopos
2658 3818 2878 3891 libere

200 3962 250 4005 ι
303 3940 584 4026 spectet
635 3934 1002 4026 deputatio
1073 3956 1231 4009 cum
1285 3937 1475 4009 dicta
1547 3957 1898 4028 congruae
1968 3939 2491 4029 assignatione:
2548 3951 2680 4006 nec
2733 3932 2879 4003 ulla

195 4074 245 4117 ι»
299 4045 773 4137 parochorum
827 4049 1319 4137 contradictiO,
1361 4055 1484 4122 aut
1535 4051 1916 4141 exemptio,
1958 4057 2083 4121 aut
2126 4048 2537 4140 appellatiO,
2580 4050 2704 4116 aut
2758 4063 2884 4116 cu-

190 4185 240 4231 »
298 4159 728 4247 iuscnmque
780 4159 1032 4232 iudicis
1085 4161 1416 4233 inhibitio
1467 4163 1988 4233 exsecutionem
2052 4159 2532 4251 deputationis
2586 4163 2654 4229 et
2708 4156 2885 4227 assi-

187 4296 237 4341 ν
297 4271 665 4362 gnationis
718 4279 949 4345 certae
995 4273 1218 4364 partis
1271 4271 1627 4345 fructuum
1682 4273 1755 4343 in
1808 4271 2092 4344 casibus
2128 4272 2535 4362 praemissis
2585 4286 2885 4362 suspen-

184 4412 234 4456 >
293 4381 472 4455 dere
524 4384 774 4476 possit,
817 4387 1157 4475 itemque,
1200 4403 1343 4457 non
1396 4384 1726 4456 obstante
1791 4382 2111 4472 qualibet
2181 4382 2534 4455 contraria
2587 4398 2893 4474 consue-A

184 4523 234 4568 ν
295 4496 589 4586 tudine,
631 4496 845 4567 etiam
901 4496 1470 4568 immemorabili.
1516 4520 1553 4563 a»
1878 4479 1883 4488 ’

372 4609 546 4680 287.
603 4605 806 4690 Quod
856 4609 968 4680 ius
1019 4610 1326 4700 parocho
1379 4612 1563 4680 inest
1615 4625 1986 4700 personae,
2040 4627 2224 4697 quae
2277 4606 2413 4679 sibi
2468 4607 2885 4680 adiutricem

167 4724 409 4803 ferat
460 4736 695 4813 opem,
738 4722 814 4792 in
865 4720 1151 4795 casibus
1206 4722 1412 4794 modo
1476 4721 1832 4813 expressis
1886 4718 2412 4810 nominandae,
2471 4720 2648 4793 illud
2700 4720 2889 4793 idem

447 4870 635 4916 tumr.
671 4866 804 4915 Vixit.
834 4865 972 4914 Sacr.
1002 4865 1147 4921 lim„
1174 4864 1290 4912 edit.
1321 4863 1416 4913 111.
1449 4862 1547 4912 Vol.
1575 4863 1617 4912 1.
2621 4865 2677 4911 27
