3497 5235
583 320 708 383 242
1343 320 1715 379 hott-ustionis
1757 319 1811 376 8.
1838 318 2022 393 Oongr.
2048 317 2196 377 Gonu.
2234 321 2506 395 expositio.

579 460 732 522 215.
778 456 1148 520 Muictarum
1200 452 1627 538 depositarius
1675 452 1970 536 deputari
2023 452 2237 519 debet.
2275 454 2388 531 Qui
2426 453 2782 517 cautionem
2833 452 3140 537 praebeat
3176 450 3243 517 de

582 558 746 623 bene
793 579 824 622 a
853 555 1296 622 induisti-ando
1345 567 1410 620 et
1459 556 1765 620 rationem
1820 554 2073 619 reddat.
2115 558 2471 641 Episcopus
2510 556 2769 620 mulctas
2800 553 2973 638 apud
3003 574 3073 616 se
3108 556 3242 617 reti·

581 678 738 725 nere
786 680 913 725 non
964 658 1192 737 debet.x
1216 694 1261 706 -
1294 660 1448 723 216.
1487 656 1918 744 Depositarius
1951 658 2222 746 eligatur
2255 658 2427 725 inter
2457 658 2806 724 Canonicos
2842 655 3242 734 cathedralis,

581 761 636 827 si
686 761 824 827 fieri
873 771 1112 846 potest.

733 1016 904 1087 206.
945 1010 1251 1087 Mulctac
1286 1014 1745 1103 pecuniariae
1779 1012 2037 1084 solutio
2082 1013 2153 1085 in
2190 1014 2578 1086 vindictam
2619 1013 2877 1104 patrati
2913 1012 3244 1100 criminiS,

585 1128 868 1200 tametsi
924 1125 1158 1197 sobrie
1211 1124 1302 1196 ab
1359 1121 1728 1215 Episcopis
1782 1125 2333 1218 praescribenda
2368 1177 2388 1213 ,
2455 1143 2968 1217 saepenumero
3020 1130 3247 1196 tamen

585 1239 678 1309 ad
730 1238 1103 1310 criminum
1158 1237 1650 1309 coercitionem
1703 1236 2173 1307 saluberrima
2229 1238 2665 1328 agnoscitur.
2733 1233 2918 1307 Hinc
2968 1232 3252 1307 Triden-

585 1351 733 1421 tiua
764 1348 1093 1439 Synodus
1128 1366 1489 1419 sacrorum
1520 1367 1875 1419 canonum
1906 1349 2326 1441 disciplinae
2356 1349 2781 1434 adimerem,
2809 1348 3250 1441 pecuniarias

580 1479 851 1552 poenas
886 1459 1267 1549 aliquoties
1322 1460 1731 1549 imponendi
1774 1465 2196 1549 potest-item
2253 1456 2622 1551 Episcopis
2676 1459 3091 1531 vindicavit.
3152 1455 3252 1530 Sic

583 1572 660 1643 in
704 1591 861 1662 cap.
896 1570 968 1643 3.
1009 1589 1176 1640 3633.
1208 1570 1332 1641 25.
1374 1570 1457 1641 de
1497 1572 1806 1655 Rffform.
1850 1571 2205 1643 decrevit:
2268 1594 2304 1635 ι
2340 1568 2583 1644 Liceat
2635 1572 2739 1643 eis
2790 1566 3247 1664 (Episcopis),

586 1709 624 1751 ›
663 1683 722 1754 si
775 1682 1111 1772 expedire
1165 1680 1549 1767 videbitur,
1610 1683 1681 1753 in
1736 1686 1973 1754 causis
2020 1684 2349 1756 civilibus
2401 1683 2493 1755 ad
2546 1683 2779 1755 forum
2830 1683 3252 1754 ecciesiasti-

585 1817 624 1861 ›
665 1813 822 1865 curn
862 1791 1392 1883 quomodolibet
1433 1794 1961 1884 pertinentibus
1994 1804 2241 1868 contra
2281 1813 2768 1885 quoscumque
2795 1796 3010 1866 etiarn
3048 1795 3253 1868 iaieos

588 1929 627 1973 ›
671 1924 793 1996 per
847 1905 1147 1978 mutet-as
1185 1906 1662 1993 pecuniarias,
1704 1924 1891 1995 quae
1930 1908 2100 1977 locis
2136 1908 2273 1997 piis
2310 1906 2403 1978 ibi
2442 1906 2946 1992 existentibuS‚
2987 1924 3073 1977 eo
3113 1907 3253 1996 ipso

588 2041 627 2084 »
669 2034 810 2105 quo
846 2025 1094 2088 exacta
1133 2015 1425 2103 fuerint,
1462 2019 1999 2108 assignentur.»
2043 2015 2295 2091 Itidem
2330 2020 2507 2091 Sess,
2531 2019 2601 2093 6.
2635 2040 2697 2092 c.
2728 2019 2797 2091 1.
2831 2018 2914 2091 de
2945 2019 3248 2110 Reform.

584 2127 834 2198 eadem
890 2125 1219 2217 Synodus
1257 2124 1646 2220 Episcopus
1698 2131 1856 2200 siue
1908 2148 2122 2201 causa
2178 2130 2492 2222 iegitima
2536 2151 2576 2201 a
2613 2131 2763 2202 suis
2814 2128 3253 2201 dioecesibus

583 2236 923 2309 absentes
962 2256 1187 2327 poena
1225 2240 1591 2311 mulctarit
1629 2241 2034 2312 omissionis
2063 2249 2361 2331 quartae
2391 2244 2613 2333 partis
2653 2242 3009 2314 fructuum
3052 2242 3253 2312 unius

585 2351 756 2419 anni
811 2349 1125 2420 fabricae
1179 2351 1518 2423 ecciesiae
1566 2360 1636 2424 et
1678 2353 2119 2442 pauperibus
2173 2354 2302 2425 ioci
2358 2374 2483 2446 per
2536 2352 2986 2444 Superiorem
3040 2352 3257 2424 eccie-

585 2461 951 2531 siasticum
1006 2462 1626 2552 appticanuorum.
1687 2462 1774 2534 Et
1815 2467 1882 2534 in
1923 2466 2044 2536 cit.
2108 2468 2287 2538 8333.
2327 2467 2450 2538 25.
2494 2485 2651 2556 cap.
2698 2464 2815 2537 Μ.
2862 2465 3254 2564 inolericos

584 2571 1153 2660 concubinariOS‚
1215 2593 1338 2666 per
1375 2576 1834 2649 monitionem
1894 2595 2034 2648 non
2092 2578 2613 2669 resipiscentcS,
2669 2594 2898 2670 paena
2938 2573 3259 2648 animad-

581 2686 789 2756 vertit
827 2687 1246 2775 privationis
1299 2689 1548 2759 tertiae
1604 2691 1827 2779 partis
1881 2688 2237 2762 fructuum
2293 2708 2580 2761 suorum
2620 2688 3129 2761 beneficiorum
3176 2705 3253 2757 ac

584 2797 1009 2886 pensionum
1069 2822 1104 2863 ι
1139 2817 1326 2887 quae
1383 2798 1694 2870 fabricae
1728 2800 2071 2871 ccclesiae
2124 2809 2250 2873 aut
2301 2802 2501 2873 atteri
2560 2801 2675 2891 pio
2730 2800 2907 2885 1000,
2966 2798 3253 2869 arbitrio

590 2933 627 2976 »
669 2906 998 3002 Episcopi
1037 2912 1469 3002 appucctur:
1499 2936 1537 2978 ›
1595 2919 1957 2984 crescente
1996 2931 2159 2984 vero
2196 2914 2670 3000 contumacia,
2709 2911 2997 2982 eosdem
3034 2911 3257 2981 omni-

580 3019 721 3092 bus
772 3023 1028 3112 spoliat
1087 3023 1598 3095 beneficiorum
1653 3022 2002 3094 fructibus
2054 3043 2136 3094 ac
2192 3024 2686 3114 proventibus,
2744 3041 2926 3112 quos
2962 3021 3252 3114 proinde

583 3133 970 3225 praedictis
1026 3136 1294 3225 pariter
1351 3135 1523 3206 locis
1577 3136 1718 3226 piis
1771 3137 2113 3227 applicari
2169 3136 2703 3228 praescribitur.

729 3245 899 3315 207.
962 3245 1047 3316 At
1104 3246 1297 3318 videt
1354 3248 1882 3336 unusquisque,
1924 3248 2266 3320 eiusmodi
2311 3265 2578 3340 poenas
2629 3246 2811 3337 exigi
2870 3244 3095 3317 solum
3132 3239 3255 3336 pe‘r

585 3357 1018 3428 sententiam
1071 3359 1507 3444 iudicialem,
1563 3365 1636 3430 et
1676 3378 1889 3430 causa
1929 3359 2243 3450 cognita,
2302 3377 2444 3429 non
2482 3376 2645 3429 vero
2680 3364 2879 3430 extra
2920 3356 3255 3427 iudicium

583 3485 626 3537 a
679 3467 1063 3540 diffamatis
1114 3471 1204 3541 de
1256 3472 1500 3559 atiquo
1554 3473 1876 3557 crimine,
1935 3477 2016 3542 ut
2064 3471 2252 3542 iliius
2302 3470 2654 3542 solutione
2708 3468 3107 3540 iudiciaiem
3146 3466 3257 3535 in-

583 3580 1044 3668 quisitionem
1081 3585 1387 3668 evitent3
1450 3606 1485 3647 «
1522 3585 1618 3655 ita
1657 3584 1846 3656 enim
1901 3581 2014 3675 (ut
2068 3583 2307 3655 verbis
2345 3591 2505 3655 utar
2545 3579 2911 3653 Benedict.
2954 3574 3129 3648 xlv,
3170 3575 3256 3646 de

586 3714 624 3756 ι»
672 3691 840 3776 Syn.
885 3693 1102 3766 dioec.
1146 3695 1265 3767 lib.
1311 3692 1398 3764 X.
1443 3715 1600 3785 cap.
1645 3694 1716 3767 9.
1762 3715 1836 3764 n.
1880 3694 1949 3765 7.
1993 3697 2115 3783 qui
2168 3694 2595 3766 auctoritate
2648 3693 2903 3764 nititur
2941 3687 3250 3779 Fagnani

587 3824 625 3869 ›
675 3802 843 3892 Ctp.
888 3800 1367 3897 irrefragabili
1422 3803 1495 3898 ξ.
1536 3805 1851 3877 Ceterum
1889 3824 2082 3875 num.
2119 3805 2236 3877 15.
2278 3806 2362 3876 de
2402 3806 2533 3897 Off.
2582 3801 2794 3899 Ord.)
2851 3802 3253 3873 viderentur

588 3936 626 3980 x·
669 3913 926 3988 delicta
982 3937 1124 3989 non
1180 3919 1459 4009 puniri,
1528 3917 1653 3989 sed
1709 3916 2040 4004 tolerari,
2097 3923 2169 3988 et
2222 3918 2571 4006 pecuniae
2622 3917 2977 3987 solutione
3028 3913 3255 4000 impu·

593 4050 632 4097 ›
674 4028 861 4101 nitas
912 4030 1051 4100 erni
1105 4029 1606 4119 delinquendi.
1645 4053 1683 4095 ι»

731 4142 903 4213 208.
965 4137 1159 4212 Idem
1215 4138 1538 4212 Pontifex
1593 4141 1723 4211 loc.
1767 4140 1891 4211 cit.
1935 4159 2010 4210 n.
2050 4137 2124 4211 8.
2168 4145 2403 4210 monet
2456 4139 2671 4211 etiam
2725 4135 3132 4227 Episcopos,
3168 4133 3253 4200 ut

582 4272 794 4345 parce
832 4252 921 4324 ad
960 4253 1095 4323 boc
1130 4252 1520 4323 remedium
1562 4257 1956 4339 recurrant,
2017 4279 2053 4313 ι
2086 4269 2177 4321 ne
2231 4250 2556 4321 videatur
2591 4245 3062 4342 (Episcopus)
3100 4242 3254 4311 mas

587 4390 627 4431 x·
670 4364 848 4435 ferre
904 4383 1028 4455 pro
1081 4370 1382 4455 quaestu
1439 4370 1509 4434 et
1565 4366 1911 4454 pecuniae
1965 4362 2463 4452 emungendae
2516 4380 2758 4432 causa.
2797 4385 2835 4427 ι»
2918 4355 2999 4429 ld
3067 4353 3253 4426 enim

586 4476 658 4546 S.
701 4472 775 4544 C.
818 4473 1028 4546 Cone.
1073 4476 1292 4547 menti
1345 4493 1735 4546 consonum
1776 4492 1929 4546 esse
1966 4474 2326 4558 declarat;
2384 4481 2454 4546 et
2489 4492 2663 4545 sane
2699 4468 2837 4561 (sic
2874 4471 2992 4541 ilie
3032 4463 3249 4557 pergit

586 4584 829 4674 aliqua
862 4587 1313 4675 particutaria
1356 4584 1667 4658 referens
1703 4585 2091 4680 exemptio:
2138 4608 2173 4649 ‹
2201 4582 2417 4657 lussit
2453 4582 2945 4657 'tridentinum
2979 4573 3245 4652 Sae;s.5.

585 4724 626 4768 ι
665 4715 823 4787 cap.
861 4697 936 4768 2.
978 4698 1062 4769 cle
1097 4698 1448 4789 Reform„
1483 4706 1565 4772 ut
1617 4701 2020 4769 animarum
2073 4694 2409 4769 Rectores
2441 4696 2678 4769 diebus
2728 4696 2983 4767 saltem
3022 4683 3259 4763 Domi-
