3497 5235
509 344 593 407 78
1269 343 1642 403 humationi·
1683 344 1736 401 S.
1767 342 1950 418 Oougr.
1981 342 2131 402 Oeno.
2171 343 2442 417 expositio.

520 507 557 547 »
598 482 774 568 erit,
814 498 1021 553 secus
1056 479 1300 553 licebit
1333 495 1550 569 super
1601 479 1687 550 iis
1722 478 2113 568 celebrare,
2155 498 2298 550 non
2334 480 2665 553 obstante
2703 480 2839 553 levi
2877 481 3195 553 fractura

517 617 555 660 ν
597 595 670 664 in
723 595 870 664 uno
920 592 1029 664 vel
1084 593 1304 664 altero
1354 610 1604 663 cornu.
1647 588 1952 680 Reliqua
2005 597 2246 663 autem
2283 593 2537 663 altaria
2576 599 2855 664 sacrato
2906 598 3196 664 tantum

518 705 837 796 »lapide
891 706 1268 791 instructa,
1324 704 1385 774 si
1438 703 1621 793 lapis
1676 703 1808 774 iste
1859 704 2136 794 integer
2185 703 2305 786 sit,
2363 703 2625 775 violata
2682 705 2970 774 minime
3025 722 3199 775 cen-

517 841 554 885 »
595 817 822 889 senda
873 821 1072 901 sunt,
1129 833 1211 887 ac
1265 814 1387 886 ubi
1463 815 1772 913 primum
1847 814 2362 903 reparationes,
2445 814 2709 905 quibus
2786 817 3190 907 indigeant,

516 953 553 997 ι
594 927 921 1018 expletae
977 925 1270 1014 fuerint,
1329 924 1420 996 ad
1472 944 1673 997 sacra
1732 926 2063 1015 mysteria
2117 927 2524 1018 peragenda
2564 933 2731 1018 apta
2767 934 3004 999 erunt.
3062 925 3194 998 Ce-

515 1066 552 1110 ›
595 1049 826 1114 terum
879 1036 1201 1110 vicarius
1233 1044 1470 1109 orator
1506 1039 1578 1108 in
1614 1036 2072 1109 ecclesiarum
2112 1038 2690 1112 reconciliatione
2725 1039 3192 1129 exsequenda

517 1177 554 1221 ι
596 1151 982 1243 prudenter
1032 1169 1108 1223 se
1164 1156 1388 1242 gerat,
1448 1150 1919 1238 eamdemque
1971 1149 2243 1241 private
2295 1157 2367 1222 et
2417 1150 2693 1240 absque
2740 1152 2981 1242 populi
3019 1170 3196 1225 con-

517 1266 810 1335 ›'cursu
861 1262 1014 1334 lieri
1069 1270 1293 1335 curet.
1353 1256 1690 1352 (Carpen.
1735 1263 1807 1332 3.
1854 1257 2060 1332 Mart.
2103 1260 2350 1357 1821).

661 1376 780 1446 58.
823 1373 930 1445 Ad
969 1391 1080 1461 ea,
1123 1390 1308 1462 quae
1343 1374 1671 1463 superius
1719 1377 1924 1466 (paq.
1961 1371 2081 1456 68.
2116 1369 2303 1471 sqs.)
2354 1375 2442 1447 de
2494 1394 2857 1450 sacrarum
2903 1376 3191 1460 aedium

511 1490 817 1563 tuitione
854 1497 925 1562 et
962 1489 1480 1560 restauratione
1518 1486 2004 1577 exposuimus,
2056 1486 2319 1558 addere
2357 1495 2696 1577 praestat,
2738 1489 2811 1559 S.
2854 1484 2931 1557 C.
2973 1487 3187 1559 Conc.

513 1603 588 1673 in
625 1603 775 1674 suis
811 1599 1395 1693 responsionibus
1430 1598 1523 1670 ad
1559 1596 1947 1690 Episcopos
1999 1598 2185 1670 circa
2221 1598 2416 1670 bunc
2450 1601 2857 1686 articulum,
2901 1608 2979 1671 ut
3015 1599 3197 1671 faci-

509 1713 651 1785 lius
686 1720 1047 1786 sternatur
1100 1713 1213 1782 via
1253 1711 1763 1784 refectionibus
1804 1711 2253 1801 perficiendis
2306 1718 2378 1783 et
2428 1729 2673 1783 sacrae
2710 1711 3189 1804 suppellectili

512 1826 1074 1917 comparandae,
1147 1825 1430 1896 solitam
1495 1841 1651 1896 esse
1715 1824 2000 1894 eosdem
2072 1822 2383 1911 hortari,
2460 1830 2538 1895 ut
2607 1820 3194 1894 christifidelium

511 1938 706 2027 piam
743 1935 1244 2008 liberalitatem
1298 1935 1611 2009 excitare
1664 1943 1735 2008 et
1790 1936 2234 2006 inflammare
2270 1941 2521 2007 curent
2557 1935 2891 2006 omnibus
2928 1936 3187 2023 modis,

507 2067 694 2139 quos
753 2067 881 2118 sua
934 2047 1193 2136 cuique
1248 2048 1475 2138 pietas
1527 2054 1597 2119 et
1654 2046 2007 2119 industria
2060 2048 2589 2138 suggesserint,
2656 2066 2740 2118 ac
2802 2049 2874 2118 in
2938 2047 3193 2138 primis

507 2178 642 2232 suo
695 2165 764 2231 et
817 2158 984 2230 cleri
1039 2159 1256 2230 totius
1309 2159 1660 2250 exemplo.

656 2270 984 2345 Ceterum
1038 2272 1160 2362 qui
1213 2273 1418 2363 plura
1471 2273 1650 2344 scire
1703 2280 1995 2363 cuperet
2041 2289 2259 2361 super
2291 2271 2427 2343 hac
2465 2273 2758 2344 materia
2796 2271 3195 2363 reparatio-

508 2403 682 2456 num
734 2386 1223 2471 ecclesiarum,
1281 2392 1351 2456 et
1404 2402 1650 2456 sacrae
1685 2385 2179 2475 supellectiliS‚
2223 2384 2432 2455 adeat
2473 2385 2657 2455 inter
2694 2384 2870 2454 alios
2907 2382 3197 2473 Sperel-

510 2497 685 2568 lium
722 2496 953 2568 Decis.
983 2495 1103 2568 67.
1134 2503 1201 2568 et
1231 2496 1350 2569 68.
1375 2515 1503 2588 per
1531 2503 1695 2578 tot„
1732 2493 2050 2568 Barbosa
2080 2497 2164 2567 de
2189 2496 2360 2588 offic.
2397 2495 2756 2586 Episcopi,
2778 2495 2998 2585 Alleq.
3026 2493 3191 2574 64„

505 2604 732 2699 Crisp.
788 2605 988 2681 Visit.
1039 2614 1230 2699 past.
1280 2609 1365 2680 P.
1402 2609 1507 2680 ΙΙ..
1538 2605 1612 2703 §-
1651 2607 1745 2681 13
1777 2662 1798 2695 ,
1851 2626 2127 2680 necnon
2165 2607 2636 2679 communiter
2671 2626 3030 2678 sacrorum
3069 2625 3193 2676 ca-

508 2738 778 2791 nonum
808 2720 1230 2811 interpretes
1267 2722 1353 2792 ad
1387 2721 1494 2793 tit,
1521 2722 1643 2794 48.
1678 2721 1761 2791 de
1788 2721 2063 2809 aedific.
2098 2725 2164 2792 et
2191 2738 2426 2810 repar.
2459 2719 2701 2789 eccles.
2737 2720 2786 2789 l.
2816 2719 2949 2789 III.
2976 2720 3185 2789 Decr.

654 2834 774 2903 59.
833 2830 1029 2904 Haec
1082 2834 1476 2924 generatim
1529 2835 1618 2905 de
1671 2834 1990 2906 ecclesiis
2047 2832 2490 2924 reparandis,
2531 2837 2602 2903 et
2637 2850 2840 2903 sacra
2893 2829 3193 2923 suppel-

506 2944 741 3016 lectile
795 2946 1278 3033 instruendis3
1337 2945 1710 3036 speciatim
1752 2946 1892 3016 alia
1935 2946 2277 3016 nonnulla
2316 2944 2886 3037 praetermittere
2922 2942 3010 3013 de
3052 2942 3188 3014 bac

506 3057 757 3128 ultima
811 3075 955 3128 non
1007 3063 1368 3150 putamus.
1432 3056 1665 3128 Sacris
1717 3058 2175 3129 ecclesiarum
2214 3058 2541 3144 aedibuS,
2585 3056 3031 3148 potissimum
3069 3072 3193 3126 ca-

501 3168 955 3240 thedralibus
1006 3170 1374 3241 commoda
1429 3175 1628 3260 patet
1678 3170 1839 3257 via,
1917 3188 2059 3259 qua
2131 3170 2521 3242 identidem
2591 3187 2794 3239 sacra
2846 3166 3189 3238 utensilia

503 3280 650 3352 ullo
701 3282 855 3352 sine
907 3288 1199 3371 sumptu
1253 3299 1664 3372 comparare
1717 3282 1858 3352 sibi
1914 3289 2209 3372 queant.
2271 3278 2465 3352 Haec
2501 3287 2608 3351 est
2656 3281 2988 3351 nimirum
3029 3296 3191 3369 spo-

501 3394 713 3474 lium,
768 3410 1023 3482 nempe
1076 3399 1223 3471 tota
1275 3411 1477 3464 sacra
1531 3393 1891 3481 supellex,
1950 3412 2120 3482 qua,
2179 3394 2345 3463 dum
2401 3394 2750 3478 viverent,
2793 3389 3190 3461 utebantur

500 3504 579 3591 ii,
639 3504 762 3593 qui
816 3504 891 3573 in
944 3504 1195 3575 iisdem
1249 3504 1568 3575 ecclesiis
1622 3503 1973 3576 beneficia
2028 3505 2175 3574 sive
2222 3505 2516 3591 maiora,
2558 3504 2709 3573 sive
2750 3502 3021 3571 minora
3059 3499 3194 3569 ob-

504 3618 905 3689 tinuerunt.
966 3613 1246 3687 Utimur
1298 3614 1773 3687 communiter
1827 3615 2037 3686 bodie
2091 3615 2223 3684 boc
2278 3615 2555 3686 invecto
2605 3612 2889 3683 nomine
2928 3611 3136 3701 spolii
3155 3632 3189 3695 ,-

503 3747 946 3818 quamquam
984 3728 1282 3818 spolium
1318 3729 1600 3821 proprie
1638 3735 2009 3820 sumptum
2050 3726 2117 3795 id
2157 3743 2365 3796 omne
2398 3727 2525 3813 sit,
2568 3725 2754 3814 quod
2796 3723 3191 3816 spoliorum

501 3857 722 3910 causa
774 3836 953 3910 Rev.
996 3837 1189 3910 Cam.
1238 3840 1636 3928 Apostolica
1691 3838 1832 3908 sibi
1890 3857 1973 3908 ex
2029 3836 2665 3908 ecclesiasticorum
2738 3833 3186 3905 haereditate

501 3951 842 4022 vindicat.
885 3948 1208 4021 Iamvero
1261 3971 1319 4021 s.
1368 3970 1461 4019 m.
1507 3947 1673 4020 Pius
1709 3946 1790 4019 V.
1841 3950 1909 4019 in
1950 3967 2079 4019 sua
2116 3946 2635 4019 Constitutione
2673 3966 2757 4018 ex
2797 3946 3186 4035 spoliorum

501 4080 760 4152 genere
813 4063 1075 4134 diserte
1128 4061 1441 4132 excludit
1494 4080 1695 4132 sacra
1753 4060 2116 4147 utensilia,
2176 4061 2574 4147 eademque
2628 4058 2763 4128 sub
2802 4059 3025 4148 spolio
3062 4076 3194 4127 ca-

499 4172 670 4243 dere
720 4182 790 4245 et
845 4174 1086 4245 venire
1144 4180 1358 4244 vetat.
1420 4168 1677 4261 Itaque
1715 4171 2102 4242 dicendum
2142 4177 2275 4257 est,
2319 4171 2506 4260 quod
2548 4170 2879 4261 spolium,
2917 4169 3004 4238 de
3042 4186 3189 4256 quo

499 4282 617 4356 hic
670 4285 929 4374 agitur,
990 4285 1370 4376 improprie
1423 4284 1800 4355 dumtaxat
1856 4284 2097 4354 taliter
2151 4282 2442 4352 vocitari
2500 4281 2907 4352 invaluerit.

649 4392 851 4476 Quod
893 4398 1200 4489 pertinet
1237 4397 1324 4466 ad
1366 4395 1773 4465 huiusmodi
1816 4396 2152 4486 spolium,
2198 4392 2571 4465 recolenda
2610 4399 2718 4463 est
2753 4390 3188 4463 Constitutio

499 4508 574 4578 S.
618 4503 717 4576 Pii
775 4504 856 4577 V.
917 4508 1253 4600 incipieu.
1303 4510 1606 4579 Romani
1646 4508 2014 4600 Pontificis
2062 4506 2520 4599 providentia
2573 4506 2687 4576 die
2725 4508 2796 4576 3.
2839 4502 3002 4576 Kal.
3062 4506 3194 4576 Se-

499 4618 850 4708 ptembris
908 4619 1154 4706 1567„
1216 4639 1401 4709 quae
1457 4622 1683 4710 legem
1740 4621 1875 4691 bac
1931 4623 1999 4691 in
2058 4638 2129 4691 re
2185 4619 2377 4707 lacit,
2440 4638 2906 4710 normamque
2962 4620 3188 4691 tradit

497 4733 593 4805 ad
644 4737 1186 4821 controversiaS,
1245 4754 1431 4823 quae
1483 4754 1623 4808 non
1663 4755 1822 4807 raro
1858 4735 2354 4824 suboriuntur,
2396 4736 2486 4807 de
2525 4736 2757 4809 medio
2798 4734 3183 4806 tollendas.
