3497 5235
608 290 726 351 450
1364 290 1731 348 lauti-notionis
1774 289 1826 347 Β.
1855 288 2037 361 Gongr.
2061 288 2212 400 pono.
2256 287 2527 362 expositio.

605 428 821 497 laten.
854 430 919 496 et
945 422 1395 496 Makarsken.
1436 424 1557 493 23.
1589 418 1769 494 Νον.
1808 423 2020 495 1850.
2053 420 2126 516 ἓ.
2162 424 2530 496 Neminem
2563 428 2629 494 et
2664 441 2840 513 seq„
2867 420 3272 494 Ariminen.

610 539 801 632 Offic.
848 536 1153 610 Paroch.
1196 535 1316 606 24.
1357 530 1534 606 Nor.
1584 534 1832 623 1864„
1888 535 2349 609 Arthorinen.
2392 535 2590 606 Miss,
2641 552 2761 626 pr.
2808 552 2971 624 pop.
3023 534 3102 603 9.
3154 527 3281 602 De-

606 648 838 721 cemb.
886 649 1098 721 1865.

753 763 923 833 358.
964 757 1117 831 Hac
1169 761 1397 850 posita
1451 758 1910 830 distinctione
1964 759 2039 828 in
2096 759 2385 832 Oveten.
2434 760 2548 829 18.
2610 754 2957 830 Novemb.
3007 758 3276 844 1826.,

607 873 695 947 de
749 893 892 964 qua
948 875 1023 944 in
1076 872 1264 944 dicto
1297 871 1428 963 sol.
1475 871 1798 943 Salman.
1839 875 1999 962 post
2051 869 2269 942 allata
2324 870 2540 942 verba
2593 888 2823 941 sermo
2874 870 2983 957 fit,
3023 868 3279 941 eadem

607 988 820 1060 Sacra
872 981 1336 1075 Congregatio
1371 981 1786 1068 declaravit,
1826 981 2215 1072 parochum
2271 981 2364 1051 ad
2415 980 2631 1053 binae
2667 977 2925 1052 Missae
2961 979 3285 1052 celebra-

604 1100 872 1171 tionem
924 1097 1215 1167 minime
1283 1096 1556 1183 teneri;
1617 1095 1833 1184 idque
1886 1095 2136 1166 eadem
2191 1096 2264 1165 S.
2323 1091 2542 1185 Cong.
2601 1094 2743 1165 iam
2796 1099 3154 1166 statuerat
3207 1095 3283 1164 in

607 1210 951 1282 Nuscana
1009 1208 1124 1278 17.
1165 1202 1322 1277 Ian.
1371 1207 1584 1277 1756.

753 1319 922 1390 359.
964 1315 1150 1399 Quid
1202 1323 1441 1388 autem
1495 1313 1961 1389 iudicandum
2012 1318 2103 1389 sit
2155 1315 2246 1388 de
2305 1316 2676 1405 facultate,
2737 1334 2924 1406 quae
2976 1317 3104 1387 uni
3160 1335 3287 1407 pa-

606 1430 820 1502 rocho
873 1428 965 1501 ab
1019 1425 1371 1519 Episcopo
1423 1428 1577 1517 fiat,
1620 1427 1978 1517 duplicem
2033 1427 2285 1501 eadem
2338 1428 2454 1500 die
2489 1425 2778 1500 Missam
2831 1428 3281 1516 celebrandi,

607 1539 840 1630 deque
878 1542 1371 1630 eleemosynae
1410 1542 1890 1632 perceptione,
1931 1541 2236 1630 aliisque
2279 1541 2372 1612 ad
2407 1541 2544 1612 hoc
2581 1548 3088 1633 argumentum
3126 1560 3288 1631 per·-

607 1652 1031 1741 tinentibuS,
1073 1670 1160 1723 ex
1197 1651 1513 1745 professo
1567 1653 1641 1722 in
1695 1652 1993 1724 articulo
2039 1652 2110 1723 4.
2169 1656 2292 1742 qui
2346 1654 2664 1743 proxime
2706 1655 3059 1743 sequitur,
3118 1671 3286 1725 exa-

611 1764 1031 1837 minabitur.

753 1880 924 1950 360.
981 1874 1086 1948 Ex
1138 1877 1296 1965 his,
1349 1894 1535 1966 quae
1586 1877 1795 1948 modo
1846 1879 2279 1966 statuimus,
2344 1878 2552 1950 facile
2604 1880 2909 1969 quisque
2965 1877 3277 1969 colliget,

610 1990 803 2081 quod
837 1984 1209 2080 'capellani
1261 1987 1773 2078 parochorum,
1834 2006 2286 2080 quocumque
2340 1990 2632 2062 demum
2684 1992 2974 2063 nomine
3038 1989 3284 2080 appel-

605 2100 875 2192 lentur,
934 2102 1058 2190 qui
1111 2100 1362 2171 iisdem
1425 2100 1754 2191 parochis
1822 2103 2191 2191 suppetias
2260 2101 2498 2174 serunt
2553 2102 2625 2171 in
2678 2103 2778 2172 rei
2849 2101 3281 2194 parochialis

610 2215 1136 2307 procuratione,
1194 2210 1286 2283 ab
1340 2229 1554 2283 onere
1605 2208 1863 2284 Missae
1913 2230 2040 2302 pro
2093 2211 2355 2302 populo
2426 2211 2901 2284 celebrandae
2961 2214 3283 2284 eximan-

609 2335 769 2399 tur:
826 2327 1042 2397 huius
1095 2326 1285 2395 enim
1337 2324 1573 2395 oneris
1636 2323 2104 2396 satisfactioni
2161 2325 2298 2395 iam
2354 2325 2756 2396 consultum
2829 2333 2937 2398 est
2989 2344 3125 2418 per
3174 2344 3282 2395 sa-

611 2438 979 2523 crificium,
1021 2436 1212 2525 quod
1251 2455 1291 2506 a
1330 2435 1658 2527 parochis
1711 2435 2126 2507 titularibus
2179 2438 2421 2529 peragi
2459 2435 2700 2508 debet.
2740 2433 2832 2507 Et
2883 2455 3063 2508 sane
3118 2434 3281 2527 Epi·

610 2566 869 2641 scopus
918 2546 1257 2642 Liparen.
1299 2549 1373 2619 S.
1404 2545 1479 2620 C.
1513 2545 1586 2620 C.
1631 2546 2065 2641 exponebat,
2111 2570 2147 2613 ‹
2191 2549 2264 2619 in
2302 2566 2430 2631 sua
2467 2547 2771 2620 dioecesi
2818 2567 3039 2620 unam
3080 2548 3283 2620 ades·
3342 2608 3353 2626 .

616 2689 653 2730 »
692 2680 767 2734 se
820 2660 1298 2751 parochialem
1352 2660 1752 2746 ecclesiam,
1795 2678 1982 2750 qnae
2036 2660 2467 2732 cathedralis
2519 2668 2651 2733 est.
2694 2659 2889 2733 Haec
2941 2663 3279 2752 parochia

617 2801 654 2842 »
695 2774 935 2866 plures
987 2773 1249 2843 circum
1302 2771 1524 2844 habet
1576 2770 1848 2842 insulas
1900 2773 2088 2843 inter
2140 2791 2215 2844 se
2270 2771 2494 2845 multo
2547 2772 2927 2860 distanteS,
2980 2780 3055 2845 et
3111 2774 3284 2845 una-

614 2914 652 2958 »
691 2903 1022 2977 quaeque
1059 2885 1291 2956 insula
1328 2884 1568 2974 plures
1604 2884 1922 2955 continet
1960 2903 2204 2976 pagoS,
2241 2885 2313 2955 in
2352 2903 2655 2975 quorum
2682 2885 2989 2976 singulis
3031 2903 3277 2972 unum,

616 3026 653 3068 »
692 3000 802 3071 vel
854 2999 996 3070 duo
1048 3003 1218 3069 sunt
1268 2995 1555 3082 sacella,
1606 3014 1733 3085 pro
1790 2995 2053 3084 quibus
2102 2998 2435 3087 regendis
2486 2997 2738 3068 saltem
2794 2999 3283 3090 quadraginta

615 3112 925 3181 »inesse
978 3108 1246 3180 debent
1314 3106 1722 3179 sacerdotes
1775 3108 1944 3179 dicti
1997 3108 2352 3198 capellani
2428 3108 2538 3179 vel
2593 3109 2946 3200 capellani
3024 3113 3279 3200 curati,

613 3247 651 3290 ³>
692 3239 994 3310 quorum
1049 3218 1360 3291 officium
1411 3225 1520 3290 est
1572 3220 1976 3291 concionari
2030 3222 2100 3291 in
2158 3220 2383 3307 festis,
2426 3218 2885 3295 Sacramenta
2938 3219 3291 3296 Euchari-

616 3358 653 3399 »
693 3333 900 3418 stiae,
942 3328 1455 3416 Poeuitentiae,
1498 3326 1878 3403 Extremae
1918 3328 2284 3405 Unctionis
2322 3334 2751 3420 ministrare,
2796 3341 2866 3406 et
2906 3335 3001 3406 ad
3051 3336 3289 3426 sepul-

615 3471 654 3510 »
692 3452 928 3515 turam
982 3442 1328 3513 comitari.
1370 3441 1606 3532 Aliqui
1646 3460 1891 3514 eorum
1943 3445 2156 3515 etiam
2195 3444 2601 3535 baptizant,
2644 3446 2769 3518 sed
2816 3445 3003 3518 liber
3054 3447 3293 3538 bapti-

615 3582 653 3625 »
693 3564 1039 3639 zatorum‚
1079 3554 1262 3626 sicut
1334 3562 1406 3626 et
1457 3554 2036 3626 confirmatorum
2106 3563 2177 3627 et
2231 3562 2665 3627 mortuorum
2736 3558 3003 3629 residet
3068 3576 3291 3649 penes

614 3695 653 3734 »
696 3666 1106 3757 magistrum
1146 3663 1625 3757 capellanum,
1669 3665 1780 3736 vel
1825 3666 2214 3755 parochum
2254 3668 2326 3738 in
2366 3668 2785 3754 cathedrali,
2827 3671 2951 3759 qui
3006 3678 3287 3762 praeest

615 3803 653 3846 a>
694 3776 1055 3863 omnibus,
1104 3782 1174 3847 et
1228 3775 1319 3847 ad
1372 3794 1583 3866 quem
1638 3777 1739 3848 illi
1794 3777 2112 3849 referunt
2163 3778 2702 3852 adnotationem
2754 3780 3287 3871 baptizatorum

616 3915 654 3958 ³>
695 3895 766 3961 et
821 3895 1282 3960 mortuorum.
1327 3913 1364 3954 »
1404 3886 1727 3960 Ceterum
1769 3891 2264 3981 pauperrimus
2303 3899 2454 3964 erat
2508 3893 2841 3983 populuS‚
2886 3914 2971 3967 ac
3016 3896 3291 3967 tenuis-

610 4003 791 4073 sima
844 3999 1373 4090 capellanorum
1450 4019 1790 4091 congrua.
1855 3997 2257 4082 Quaerebat
2311 4004 2525 4094 igitur
2604 4004 2793 4076 idem
2872 4003 3291 4096 Liparensis

610 4109 1034 4204 EpiscopuS,
1077 4131 1170 4183 an
1225 4113 1624 4185 istiusmodi
1675 4115 2028 4205 capellani
2082 4135 2325 4188 curam
2383 4120 2789 4189 animarum
2842 4120 3123 4211 proprie
3182 4119 3296 4190 di-

609 4233 800 4300 ctam
853 4231 1258 4312 exerceant,
1301 4226 1624 4316 adeoque
1681 4246 1774 4298 an
1828 4234 2211 4300 teneantur
2284 4225 2574 4301 Missam
2645 4249 2773 4321 pro
2841 4231 3102 4321 populo
3160 4251 3297 4322 ap-

610 4332 923 4428 plicare?
996 4333 1068 4408 S.
1112 4334 1186 4409 C.
1247 4338 1322 4408 in
1375 4339 1711 4428 Liparen.
1756 4340 1952 4411 Miss,
2014 4359 2148 4430 pro
2192 4359 2356 4432 pop.
2415 4342 2536 4412 23.
2597 4337 2806 4411 Mart.
2875 4343 3083 4413 1861.
3160 4361 3297 4434 per

617 4451 812 4522 Sum.
847 4469 1042 4542 pree.
1083 4451 1495 4542 respondit:
1557 4473 1593 4515 «ι
1628 4447 1838 4523 quta
1873 4469 2208 4541 expressa
2261 4455 2589 4544 negative
2644 4455 2718 4525 in
2773 4453 3135 4524 omnibus.
3166 4480 3210 4522 ι

761 4564 933 4634 361.
977 4558 1233 4634 Itidem
1287 4562 1378 4634 ab
1430 4563 1564 4634 hoc
1617 4571 1992 4654 praecepto
2045 4565 2459 4636 eximuntur
2513 4566 2868 4657 capellani
2926 4565 3297 4655 asylorum

616 4689 744 4764 pro
796 4674 1262 4766 pauperibus,
1303 4694 1691 4764 carcerum,
1733 4676 2334 4764 nosocomiorum,
2378 4677 2822 4768 aliorumque
2876 4679 3297 4755 huiusmodi
