3497 5235
622 274 743 340 262
1389 279 1757 350 humationi·
1798 279 1852 338 8.
1880 269 2064 358 Godgr.
2090 283 2238 343 ῦοιιο.
2278 285 2548 360 expo-itio.

629 412 985 505 negligere
1032 432 1491 506 nequaquam
1527 417 1758 491 decet.
1814 415 2001 491 Hinc
2034 438 2194 492 earn
2232 418 2564 493 dabimus
2614 421 2690 493 in
2741 420 3102 493 volumine
3145 416 3261 494 111.

624 524 760 597 sub
801 543 873 595 n.
906 527 1027 597 21.
1070 523 1439 600 Monemus
1474 531 1793 620 insuper,
1835 531 2028 620 quod
2066 532 2139 603 in
2176 528 2388 603 Cone.
2429 528 2639 603 Rom.
2674 532 3058 622 appendice
3100 553 3165 604 n.
3189 534 3263 608 X.

621 636 1047 709 describitur
1099 646 1429 711 accurata
1484 640 1890 730 methodus,
1948 643 2151 714 cuius
2187 642 2502 734 vestigiis
2554 644 2701 715 sive
2736 644 3090 733 notarius,
3141 646 3266 718 sive

621 749 928 821 vicarius
977 749 1336 840 foraneuS,
1378 758 1502 824 aut
1537 752 1842 842 quilibet
1878 754 2217 826 ecclesiae
2269 759 2499 828 rector
2549 756 2913 845 insistenS,
2955 757 3269 830 articula-

619 861 751 932 tim
788 860 1122 932 facillimo
1159 863 1442 955 negotio
1477 864 1824 937 conficere
1860 865 2083 955 possit
2120 866 2601 938 inventarium
2633 865 3270 964 bonorum,·cuius-

622 990 927 1063 cumque
983 975 1256 1063 generis
1293 993 1377 1046 ea
1413 975 1586 1062 sint,
1645 993 1832 1066 quae
1883 976 1974 1047 ad
2027 977 2388 1068 ecclesias,
2446 977 2600 1051 loca
2635 978 2754 1070 pia
2789 979 2901 1051 vel
2936 978 3267 1054 beneficia

620 1085 1053 1174 pertineant.
1098 1082 1182 1157 Id
1218 1092 1463 1159 autem
1513 1087 1775 1159 idcirco
1828 1088 2252 1166 adnotatum
2297 1087 2676 1178 voluimus,
2735 1096 2813 1162 ut
2847 1109 2973 1181 pro
3006 1109 3090 1163 re
3123 1097 3270 1163 nata

621 1195 1017 1285 AntistiteS,
1075 1198 1201 1287 qui
1252 1195 1559 1270 Concilio
1610 1195 1938 1271 Romano
1989 1208 2287 1291 parent,
2341 1201 2633 1272 omnino
2684 1201 3154 1292 provideant,
3201 1208 3271 1275 ut

618 1305 850 1378 eidem
903 1307 1237 1380 methodo
1288 1309 1381 1381 ab
1435 1310 1547 1399 iis,
1588 1309 1681 1382 ad
1735 1329 1917 1400 quos
1965 1313 2305 1402 pertinet,
2347 1313 2732 1405 diligenter
2784 1312 3264 1403 inhaereatur3

618 1419 743 1508 qui
778 1437 941 1492 vero
992 1438 1140 1492 non
1191 1420 1529 1510 subsunt,
1585 1440 1909 1496 normam
1946 1432 2017 1497 et
2054 1425 2462 1515 exemplum
2513 1423 2603 1495 ab
2658 1425 2911 1498 eadem
2955 1425 3273 1499 methodo

615 1531 991 1621 arripiant.

761 1639 927 1717 Post
998 1645 1173 1716 haec
1244 1645 1441 1718 iuvat
1491 1646 1734 1737 aliqua
1787 1646 2095 1720 subdere
2158 1648 2247 1721 de
2300 1647 2801 1720 emolumentis
2868 1666 2954 1720 ex
3003 1647 3278 1720 iurisdi-

617 1756 850 1830 ctione
887 1763 957 1829 et
990 1757 1222 1849 sigillo
1274 1758 1919 1849 proficiscentibuS,
1974 1767 2130 1832 tum
2167 1777 2330 1831 cum
2366 1759 2610 1832 sedem
2650 1760 3137 1851 episcopalem
3166 1779 3273 1830 va-

613 1886 775 1941 care
828 1870 1240 1962 contingat3
1298 1870 1654 1961 siquidem
1705 1888 2051 1962 persaepe
2103 1889 2188 1943 ea
2225 1872 2298 1943 in
2336 1889 2410 1943 re
2447 1889 2594 1942 non
2626 1871 2783 1943 leve
2829 1871 3274 1944 dissidiorum

617 1998 904 2072 germen
959 1982 1301 2072 exsurgit.
1359 1977 1446 2053 In
1500 2000 1642 2071 quo
1692 1982 1907 2055 liceat
1959 1985 2034 2054 in
2085 1983 2402 2055 medium
2442 1981 2782 2072 proferre,
2824 2001 3010 2073 quae
3064 1982 3272 2054 habet

609 2093 865 2182 folium
899 2091 971 2163 S.
1012 2089 1087 2164 G.
1131 2090 1342 2165 Conc.
1385 2094 1459 2165 in
1498 2096 1795 2166 Ianuen.
1838 2095 2486 2167 Emolumentorum
2518 2096 2642 2167 23.
2673 2091 3017 2167 Februar.
3068 2094 3266 2166 1856.

609 2202 683 2299 ἓ.
725 2206 1104 2279 Attamen:
1162 2227 1199 2270 ιι
1231 2202 1523 2278 Indubii
1576 2207 1752 2278 iuris
1803 2206 1995 2297 apud
2048 2224 2298 2278 omnes
2332 2214 2467 2296 est,
2508 2205 2747 2278 omnia
2800 2205 3273 2278 emolumenta

612 2336 780 2388 »ex
834 2317 1318 2390 iurisdictione
1370 2322 1440 2389 et
1493 2317 1723 2410 sigillo
1777 2325 2094 2409 tempore
2147 2318 2338 2392 sedis
2384 2317 2708 2391 vacantis
2757 2316 3265 2408 provenientia,

609 2450 649 2495 ›
690 2427 1016 2500 deductis
1052 2430 1385 2520 expensis
1420 2448 1546 2519 pro
1585 2429 1860 2518 charta,
1903 2448 2092 2517 cera,
2135 2428 2479 2501 ministris
2514 2429 2750 2500 curiae
2788 2432 2859 2500 et
2896 2427 3268 2514 similibuS,

609 2562 649 2607 ›
691 2558 971 2613 necnon
1023 2559 1148 2632 pro
1201 2541 1580 2614 honorario
1633 2538 1893 2614 Vicarii
1945 2540 2371 2633 Capitularis
2421 2540 2873 2629 necessariiS,
2927 2537 3267 2633 Episcopo

610 2674 649 2719 ›
687 2654 1074 2725 successori
1110 2671 1267 2725 esse
1303 2655 1763 2726 reservanda.
1823 2652 2089 2727 Textus
2139 2662 2246 2727 est
2292 2671 2672 2745 expressus
2712 2653 2789 2724 in
2829 2653 3159 2726 Clement.
3200 2650 3265 2724 6.

608 2785 647 2830 ›
686 2781 843 2853 cap.
889 2767 1249 2837 Statutum
1299 2766 1383 2838 de
1435 2766 1654 2841 Elect.
1695 2773 1762 2839 et
1797 2768 2018 2840 Elect.
2067 2772 2318 2857 potest.
2357 2805 2407 2819 -
2445 2769 2805 2840 Statutum
2848 2784 3055 2855 super
3085 2762 3267 2836 bonis

605 2896 644 2941 ›
683 2893 767 2946 ac
820 2876 1177 2949 Praelatis
1233 2878 1747 2952 cathedralium
1791 2880 2227 2972 reqularium
2277 2884 2342 2951 et
2394 2878 2929 2969 colleqiatarum
2960 2874 3273 2948 ecclesia·-

606 3009 645 3054 ›
684 3004 844 3057 rum
894 2988 1238 3072 dimissis,
1291 2996 1419 3063 aut
1467 2992 1980 3065 obvenientibus
2033 2998 2332 3082 tempore
2390 2988 2785 3062 vacationis
2837 3006 3113 3068 earum,
3159 2985 3273 3073 fu·

600 3120 640 3165 ›
680 3100 861 3170 turis
892 3104 1392 3174 successoribus
1427 3104 1726 3192 fideliter
1763 3104 2205 3177 reservandis
2242 3103 2539 3184 editum,
2571 3102 2800 3174 locum
2832 3099 3264 3172 declaramus

601 3231 642 3276 ›
679 3209 928 3283 habere
979 3213 1055 3283 in
1108 3214 1301 3284 omni
1349 3215 1840 3298 emolumento,
1908 3215 2089 3307 quod
2149 3215 2473 3306 provenit
2537 3231 2625 3285 ex
2678 3211 3159 3284 iurisdictione
3203 3212 3270 3279 et

600 3344 639 3389 ›
678 3322 912 3414 siqillo
962 3324 1203 3395 curiae
1235 3325 1748 3399 ecclesiasticae
1782 3328 1889 3400 vel
1925 3327 2346 3409 saecularis,
2384 3333 2508 3400 aut
2550 3325 2737 3397 alias
2770 3323 3271 3413 undecumque,

600 3454 640 3499 ›
679 3432 861 3523 quod
911 3434 1007 3505 ad
1061 3435 1430 3509 Praelatos
1499 3432 1843 3533 (ecclesiis
1906 3458 2045 3512 non
2098 3433 2552 3533 vacantibus)
2610 3437 3049 3528 pertinerem
3112 3451 3270 3505 con-

600 3566 639 3611 »
679 3544 1044 3617 suetudine
1093 3547 1399 3638 qualibet
1449 3552 1822 3623 contraria
1888 3569 2029 3622 non
2081 3551 2394 3622 obstante
2422 3571 2448 3619 .·
2518 3550 2623 3623 ita
2675 3553 2911 3620 tamen
2965 3544 3141 3638 quod
3187 3544 3262 3614 in

600 3656 836 3730 »istis
885 3662 953 3729 et
1010 3658 1355 3732 similibus
1424 3663 1879 3734 rationabiles
1951 3662 2390 3734 deducantur
2448 3678 2815 3752 expensae.
2896 3655 3120 3747 Atque
3167 3654 3261 3725 ita

599 3791 638 3836 ›
678 3771 1032 3840 communi
1062 3770 1333 3843 calculo
1362 3771 1618 3845 docent
1648 3770 2039 3845 Fermosin.
2072 3773 2155 3845 de
2181 3773 2408 3864 Capit.
2442 3771 2584 3843 sed.
2619 3774 2951 3851 vacant„
2974 3761 3249 3842 tractA.

598 3902 638 3947 ›
678 3888 944 3970 quaest.
986 3881 1057 3952 5.
1102 3899 1176 3953 n.
1217 3881 1290 3953 4.
1330 3883 1403 3953 5.
1444 3889 1508 3955 et
1545 3884 1662 3957 40.
1704 3891 1772 3958 et
1813 3891 2081 3977 quaest.
2128 3883 2199 3955 4.
2243 3902 2437 3956 num.
2481 3881 2647 3955 404.
2686 3887 2752 3954 et
2787 3900 3014 3973 seqq„
3049 3875 3259 3950 Pelle-

595 4012 635 4057 »
678 3991 858 4081 grin.
899 3992 982 4063 de
1028 3992 1362 4075 Vicariis,
1396 4000 1587 4085 part.
1633 3997 1692 4066 I.
1736 4002 1902 4068 sect.
1935 3994 2007 4066 4.
2049 3995 2340 4068 subsect.
2379 3993 2453 4067 3.
2503 4014 2578 4066 n.
2614 3993 2770 4075 45.,
2806 3990 3146 4084 Ventrigl.
3180 3988 3253 4058 in

597 4123 636 4168 ›
664 4120 885 4191 pram.
927 4111 1093 4177 tom.
1134 4104 1210 4176 2.
1252 4104 1499 4179 adnot.
1543 4106 1660 4179 45.
1701 4105 1775 4201 ἓ.
1823 4107 1892 4180 4.
1937 4127 2132 4180 num.
2172 4106 2294 4180 23.
2335 4112 2402 4179 et
2436 4126 2659 4198 seqq„
2706 4111 2777 4178 et
2830 4102 2952 4177 alii
3007 4102 3250 4196 passim

591 4237 631 4282 ›
672 4232 831 4287 cum
868 4212 1183 4290 Barbosa
1222 4217 1297 4289 in
1340 4218 1618 4291 Collect.
1663 4221 1759 4291 ad
1802 4221 2008 4295 Cone.
2060 4221 2254 4293 Trid.
2302 4222 2482 4293 Sess.
2521 4218 2644 4290 25.
2705 4236 2862 4309 cap.
2909 4216 3029 4289 44.
3069 4235 3138 4287 n.
3176 4210 3241 4284 9.

735 4326 903 4398 243.
967 4353 1004 4394 »
1045 4325 1251 4400 Hanc
1304 4330 1573 4419 pariter
1607 4336 2038 4403 sententiam
2094 4332 2521 4402 confirmant
2572 4329 2781 4421 plura
2825 4328 3042 4401 huius
3078 4324 3144 4398 S.
3173 4321 3238 4394 C.

592 4459 631 4504 ›
669 4436 983 4527 decreta,
1016 4441 1121 4512 uti
1157 4442 1234 4513 in
1256 4440 1724 4534 Aqriqentina
1765 4443 1881 4513 17.
1914 4439 2089 4515 Nov.
2121 4443 2333 4514 1594.
2378 4436 2544 4537 (lib.
2569 4440 2643 4513 8.
2676 4441 2932 4513 decret.
2966 4460 3045 4531 p.
3068 4436 3175 4510 79.
3176 4428 3243 4528 )‚

589 4570 629 4615 ›
670 4547 792 4619 ubi
845 4552 917 4621 S.
957 4548 1032 4622 C.
1077 4553 1403 4625 censuit:
1464 4555 1959 4627 Emolumenta
2009 4561 2310 4645 tempore
2360 4553 2757 4627 vacationis
2792 4552 2977 4626 sedis
3011 4550 3248 4643 episco-

587 4683 627 4728 ›
657 4660 849 4752 palis
887 4662 1326 4736 obvenientia
1361 4684 1448 4736 ex
1484 4665 1973 4738 iurisdictione
2005 4671 2072 4738 et
2106 4664 2371 4757 similo,
2407 4670 2532 4738 aut
2564 4663 2754 4737 alias
2791 4664 3243 4751 undecumque
