3497 5235
904 234 1024 309 0⁸1».
1050 237 1093 292 1.
1132 236 1205 292 Do
1246 234 1397 294 statu
1436 233 1697 298 Monimo
1737 236 2012 295 materiali.
2058 240 2113 314 §-
2141 239 2266 297 4-7.
2841 238 2921 301 89

388 373 510 444 82.
568 368 1055 461 Excipiuntur
1105 387 1394 460 quoque
1447 369 1903 460 praebendae
1952 371 2066 445 vel
2106 372 2406 447 affectae
2458 374 2569 446 vel
2604 392 2925 448 reserva-

249 492 388 572 tae,
427 484 656 556 donec
688 481 1210 554 reservationes
1246 498 1392 553 non
1428 481 1888 555 cessaverint.
1946 479 2019 553 S.
2060 482 2138 556 C.
2179 482 2389 559 Conc.
2431 485 2508 557 in
2549 486 2921 569 Gadicen„

243 605 314 670 et
351 597 610 668 iterum
641 595 716 665 in
748 593 1219 666 Volaterrana
1250 588 1554 664 19.Iun.
1587 594 1801 665 1591.
1835 600 1901 666 et
1934 596 2283 668 savonen.
2316 592 2916 686 15.Mart.1601.,

243 725 424 797 quae
460 707 564 778 sic
600 722 760 778 sese
812 704 1071 776 babet:
1133 724 1170 769 <
1202 703 1625 796 theologalis
1659 704 2118 796 praebendae
2153 708 2583 781 erectionem
2619 707 2713 779 ab
2748 704 2922 798 Epi-

247 845 283 887 »
321 834 536 909 scopo
590 815 855 888 factam
907 815 1000 886 ad
1051 818 1570 907 praescriptum
1606 813 1899 888 Concilii
1935 835 2080 890 non
2114 818 2478 892 vindicare
2511 819 2647 892 sibi
2683 820 2918 892 locum

249 955 284 996 ι
326 931 397 1001 in
449 926 884 1020 praebendis
935 925 1100 998 Sedi
1153 925 1597 1019 Apostolicae
1649 931 2054 1018 reservatis,
2110 931 2238 1003 sed
2284 932 2357 1002 in
2394 948 2510 1021 ea,
2551 948 2738 1021 quae
2772 932 2917 1024 pri-

250 1066 286 1108 »
324 1058 520 1112 mum
573 1038 959 1126 vacaverit,
1000 1038 1452 1111 cessantibus
1487 1039 2181 1131 reservationibus‚'›
2231 1036 2424 1139 (Lib.
2459 1042 2531 1116 9.
2572 1043 2910 1116 decretor.

243 1171 406 1246 paq.
451 1150 665 1233 132„
719 1148 912 1242 apud
961 1146 1242 1222 Petram
1296 1151 1348 1222 1.
1389 1170 1452 1222 c.
1495 1170 1570 1222 n.
1609 1145 1805 1248 22.)

388 1265 511 1335 83.
569 1259 659 1335 In
713 1261 884 1334 locis
933 1267 1203 1351 tamen,
1244 1261 1369 1334 ubi
1407 1262 1595 1354 viget
1645 1262 1942 1336 Constit.
1986 1264 2385 1339 Pastoralis
2422 1265 2660 1359 officii,
2711 1283 2920 1356 prae-

248 1375 528 1449 bendae
585 1377 803 1447 etiam
857 1375 1148 1448 affectae
1201 1394 1283 1447 ac
1334 1383 1742 1450 reservatae
1795 1377 1868 1449 in
1922 1396 2130 1450 usum
2184 1377 2606 1469 theologalis
2643 1384 2715 1450 et
2751 1395 2918 1468 poe-

249 1488 704 1560 nitentiariae
738 1487 1075 1560 constitui
1111 1495 1411 1580 possunt
1449 1507 1537 1559 ex
1573 1487 1859 1561 disertis
1893 1486 2216 1562 eiusdem
2250 1489 2537 1577 verbis3
2594 1490 2918 1580 exceptio

254 1599 512 1671 ibidem
547 1599 632 1671 fit
665 1599 757 1671 de
790 1598 1123 1671 omnibus
1158 1599 1551 1689 beneficiis,
1598 1620 1635 1665 <
1661 1617 1848 1689 quae
1884 1616 2014 1690 pro
2050 1599 2124 1672 S.
2149 1597 2520 1672 Romanae
2552 1596 2916 1672 Ecclesiae

256 1735 292 1777 ι
326 1709 882 1799 Cardinalibus,
936 1708 1171 1801 Papae
1242 1709 1759 1798 familiaribuS,
1825 1707 2110 1784 Nuntiis
2169 1712 2625 1803 ApostoliciS,
2699 1719 2917 1802 atque

255 1846 290 1891 ›
325 1819 678 1895 Praelatis
710 1819 1377 1913 congregationum,
1422 1821 1685 1914 quibus
1725 1823 1935 1895 iidem
1988 1821 2061 1894 S.
2101 1821 2195 1894 R.
2238 1820 2321 1894 E.
2362 1822 2773 1896 Cardinales
2809 1822 2921 1894 in-

256 1957 291 2002 »
325 1939 636 2021 tersum,
702 1934 1150 2024 SecretariiS,
1206 1934 1283 2005 in
1336 1934 1475 2006 alia
1536 1932 1834 2008 Constit.
1893 1931 2109 2027 (idest
2165 1934 2483 2009 creditae
2535 1930 2761 2032 nobis)
2823 1934 2917 2006 ad

259 2071 292 2113 ›
328 2045 887 2137 promovendam
959 2044 1513 2117 Seminariorum
1579 2047 2097 2119 erectionem...
2174 2047 2627 2137 peculiariter
2694 2064 2919 2119 reser-

262 2181 297 2222 ι
332 2158 705 2245 vavimuS,
768 2163 1107 2247 perpetuo
1176 2164 1529 2229 reservata
1590 2164 1660 2230 et
1722 2164 2022 2249 excepta
2083 2159 2227 2230 sint
2289 2176 2373 2230 ac
2432 2176 2585 2230 esse
2652 2157 2921 2231 intelli-

269 2292 302 2334 »
341 2275 630 2360 gantur.
666 2292 705 2335 >

394 2380 520 2450 84.
579 2375 1057 2469 Inquisitione
1111 2397 1301 2453 nunc
1338 2378 1630 2471 dignum
1685 2379 1996 2469 videtur,
2055 2398 2148 2453 an
2199 2380 2550 2453 beneficia
2602 2381 2737 2453 iuri
2790 2397 2919 2472 pa-

258 2496 582 2562 tronatus
631 2491 778 2561 sive
828 2490 1329 2578 ecclesiastico,
1386 2492 1535 2562 sive
1587 2490 1823 2565 laicali
1869 2493 2178 2564 obnoxia
2213 2493 2288 2564 in
2324 2511 2531 2565 usum
2567 2491 2921 2583 praeben-

262 2601 386 2674 dae
422 2601 851 2694 theologalis
909 2601 1020 2673 vel
1054 2603 1587 2693 poenitentialis
1622 2603 1967 2678 destinari
2004 2604 2303 2697 possint.
2360 2601 2694 2698 Episcopi
2729 2605 2918 2676 enim

259 2715 665 2805 saepissime
702 2714 776 2784 in
813 2713 960 2785 suis
998 2713 1460 2788 relationibus
1496 2719 1941 2806 renuntiant,
1981 2735 2135 2789 sese
2169 2716 2661 2791 difficultatem
2699 2716 2920 2788 offen-

261 2823 418 2896 dere
470 2826 548 2895 in
601 2823 1018 2896 earumdem
1072 2825 1643 2917 praebendarum
1713 2828 2189 2918 institutione,
2247 2845 2330 2901 eo
2384 2827 2577 2917 quod
2627 2826 2920 2898 canoni-

264 2942 454 3008 catus
504 2954 755 3007 omnes
805 2936 979 3008 iuris
1029 2944 1451 3028 patronatus
1503 2940 1786 3012 vinculo
1837 2938 2270 3012 afficiantur.
2330 2941 2403 3011 S.
2453 2937 2916 3029 Congregatio

263 3045 443 3119 hisce
478 3050 554 3119 in
591 3047 877 3119 casibus
912 3048 1228 3121 solemne
1263 3049 1511 3137 habet,
1552 3050 1837 3123 eosdem
1881 3050 2176 3140 hortari,
2221 3057 2296 3121 ut
2334 3048 2716 3138 exquirant
2751 3066 2919 3120 con-

263 3175 540 3230 sensum
589 3166 1057 3250 patronorum
1109 3159 1202 3232 ad
1252 3178 1414 3232 eum
1468 3161 1709 3252 finem,
1755 3169 1834 3235 ut
1867 3159 2284 3254 praebenda
2338 3159 2749 3252 patronatui
2787 3158 2917 3230 ob-

268 3272 468 3342 noxia
502 3273 579 3342 in
616 3256 1243 3364 poenitentiariam
1286 3273 1399 3345 vel
1434 3273 1909 3365 theologalem
1945 3276 2118 3367 erigi
2154 3273 2404 3365 possit.
2444 3268 2536 3345 Et
2569 3271 2629 3343 si
2666 3276 2920 3362 agatur

282 3382 362 3454 de
391 3380 786 3477 EpiscopiS‚
844 3385 965 3474 qui
1019 3402 1104 3456 ex
1156 3382 1452 3458 Constit.
1497 3386 1891 3458 Pastor-alis
1928 3386 2133 3479 officii
2185 3402 2570 3457 concursus
2622 3380 2921 3453 formam

269 3493 341 3565 in
385 3495 759 3569 collatione
813 3514 1097 3569 servare
1150 3496 1447 3585 debent,
1507 3515 1649 3587 quo
1700 3495 1981 3569 facilius
2033 3496 2227 3569 hunc
2263 3511 2691 3568 consensum
2727 3508 2920 3564 asse-

273 3618 597 3698 quantur,
637 3608 902 3682 eisdem
953 3608 1235 3698 suadet,
1291 3616 1373 3681 ut
1420 3607 1742 3699 patronis
1794 3613 2199 3699 proponant
2232 3606 2715 3679 conditionem
2751 3620 2922 3676 con·

276 3716 529 3794 ferendi
564 3722 1056 3813 praebendam
1095 3723 1418 3795 adinstar
1451 3723 1936 3813 paroeciarum
1965 3722 2274 3794 adsimili
2303 3718 2712 3812 patronatui
2746 3714 2919 3789 sub-

276 3829 628 3923 iectarum,
686 3833 1018 3907 videlicet
1067 3840 1149 3906 ut
1199 3834 1273 3905 in
1308 3839 1693 3925 patronatu
1727 3833 2200 3906 ecclesiastico
2236 3834 2296 3906 is
2332 3833 2660 3924 eligatur,
2701 3845 2917 3919 quem

276 3947 598 4028 patronus
651 3944 1047 4036 digniorem
1101 3945 1289 4017 inter
1338 3943 1677 4034 probatos
1729 3944 1822 4016 ab
1875 3944 2486 4018 examinatoribus
2521 3939 2915 4030 iudicabit;

279 4048 350 4120 in
395 4052 616 4128 laicali
686 4073 855 4127 vero
925 4061 1270 4147 patronus
1339 4053 1897 4128 ecclesiasticum
1966 4055 2195 4128 virum
2249 4075 2290 4126 a
2342 4073 2418 4127 se
2471 4053 2919 4125 nominatum

278 4174 706 4256 praesentet,
762 4162 1170 4260 Episcopus
1211 4166 1541 4240 eumdem
1593 4168 1997 4256 examinet,
2054 4174 2126 4241 et
2177 4168 2237 4238 si
2291 4165 2626 4237 idoneum
2680 4181 2764 4236 ac
2814 4163 2923 4237 di-

284 4294 475 4365 gnum
511 4281 893 4370 invenerit,
934 4281 1026 4353 ad
1062 4279 1548 4374 praebendam
1587 4296 1747 4350 eum
1785 4279 2140 4352 instituat.
2182 4274 2407 4372 (Sess.
2439 4276 2562 4348 24.
2604 4296 2760 4369 cap.
2797 4275 2913 4350 18.

281 4386 359 4459 de
389 4390 681 4482 Reform.
682 4388 759 4490 ).
819 4390 890 4464 Si
944 4392 1227 4487 patroni
1281 4408 1705 4464 consensum
1743 4409 1951 4462 suum
1988 4389 2330 4481 praebere
2365 4395 2704 4476 renuant,
2745 4388 2922 4478 quid

287 4517 479 4592 agere,
512 4507 777 4599 poterit
829 4500 1278 4598 Episcopus?
1339 4500 1493 4577 Hoc
1542 4504 1619 4575 in
1671 4521 1846 4577 casu
1898 4503 2115 4576 tutior
2165 4503 2298 4574 erit
2350 4501 2492 4591 via,
2548 4502 2609 4574 si
2660 4517 2773 4573 res
2826 4498 2920 4571 ad

284 4611 588 4693 iudicium
644 4618 720 4693 S.
766 4616 841 4694 C.
897 4618 1286 4692 deteratur.
1341 4614 1555 4690 Porro
1606 4617 1851 4710 negari
1905 4616 2180 4708 nequit,
2219 4613 2413 4707 quod
2447 4614 2797 4700 doctoreS,
2835 4619 2917 4684 ut
