3497 5235
547 286 664 352 186
1285 290 1654 349 luminationis
1694 288 1748 346 8.
1778 289 1962 363 (long-1⁵.
1991 290 2138 349 cono.
2178 290 2449 365 expositio.

776 566 914 620 Art.
941 567 1022 620 11.
1060 566 1153 621 De
1192 567 1463 635 quatuor
1499 566 1733 629 causis,
1775 567 1999 634 quibus
2037 566 2265 634 aliquis
2300 566 2625 634 Episcopo
2664 564 2958 617 subditur.

675 785 1094 849 sumamma.
1137 784 1240 847 79.
1281 783 1484 846 Prima
1535 800 1740 858 causa,
1794 800 1874 848 ex
1921 802 2043 867 qua
2079 782 2221 867 quis
2251 780 2545 847 subditus
2577 779 2850 846 efficitur
2882 777 3170 865 Episcopi,

542 896 636 951 est
685 884 1065 950 beneficium
1111 884 1414 971 adeptum
1466 902 1608 948 cum
1644 883 2119 950 conditionibus
2170 885 2234 948 in
2285 883 2555 950 Constit.
2595 883 3024 966 Speculatores
3051 882 3180 947 assi-

540 988 763 1077 gnatis.
807 991 1155 1074 Episcopus
1205 985 1496 1052 beneficii
1546 988 1775 1071 nequit
1824 986 2273 1052 beneficiatum
2309 985 2606 1051 ordinare
2637 987 2776 1051 sine
2810 983 3175 1059 dimissoriiS,

539 1101 647 1157 aut
697 1089 1220 1155 testimonialibus
1254 1090 1515 1175 or³ginis
1558 1089 1659 1153 vel
1699 1088 2028 1155 domicilii.
2067 1091 2337 1154 Necesse
2372 1107 2500 1154 non
2537 1100 2656 1165 est,
2709 1098 2781 1153 ut
2829 1085 3183 1152 beneficium

537 1192 620 1258 sit
666 1191 1095 1258 residentiale.
1149 1193 1264 1269 Qui
1314 1194 1499 1279 plura
1557 1191 1865 1257 beneficia
1917 1192 2235 1279 possidet,
2285 1212 2317 1255 a
2366 1191 2661 1275 quolibet
2709 1191 2842 1277 ipse
2890 1189 3181 1264 maluerit,

539 1296 780 1382 poterit
827 1295 1130 1362 ordinari.
1168 1332 1210 1343 —
1243 1298 1350 1361 80.
1393 1295 1485 1362 Ad
1538 1297 1791 1362 titulum
1844 1294 2135 1361 beneficii
2180 1293 2591 1360 statuendum
2642 1312 2760 1379 pro
2810 1292 3186 1359 ordInatione

538 1416 668 1464 non
728 1397 958 1463 sufficit
1016 1398 1190 1463 locus
1246 1399 1559 1485 gratuitus
1622 1400 1688 1463 in
1745 1399 2089 1463 seminario
2141 1398 2557 1482 impetratuS,
2608 1414 2824 1481 neque
2873 1392 3190 1481 capellania

536 1519 715 1567 mere
778 1500 1029 1591 laicalis.
1085 1501 1284 1566 Aliter
1342 1510 1437 1564 est
1495 1499 1576 1566 de
1635 1498 1949 1565 beneficio
2010 1500 2466 1576 ecclesiastico,
2539 1500 2689 1564 licet
2750 1499 3062 1565 amovibili
3123 1493 3192 1560 ad

536 1614 813 1680 nutum3
866 1604 1037 1689 quod
1088 1603 1170 1668 ita
1219 1601 1738 1687 intelligendum,
1795 1615 1863 1668 ut
1912 1601 2095 1668 aliter
2140 1613 2465 1688 perpetuo
2511 1602 2986 1668 sustentationis
3024 1599 3193 1666 titulo

536 1706 985 1772 constituendo
1035 1705 1361 1790 provisum
1413 1703 1625 1770 suerit.
1666 1704 2054 1770 Beneficium
2100 1723 2229 1770 non
2263 1706 2441 1771 exuit
2477 1704 2768 1770 beneficii
2808 1700 3191 1771 ecclesiastici

538 1807 846 1885 indolem,
884 1808 1170 1893 quamvis
1203 1807 1412 1893 quoad
1448 1827 1785 1892 personam
1820 1808 1900 1872 sit
1932 1808 2294 1873 amovibile.
2349 1807 2755 1874 Coadiutoria
2795 1805 3198 1875 subiectionis

534 1910 832 1986 titulum,
887 1908 1142 1995 quando
1199 1909 1281 1974 sit
1329 1922 1682 1996 perpetua,
1737 1921 1801 1976 et
1852 1927 2200 1995 congruam
2268 1912 2641 1995 assignatam
2705 1930 2864 1997 prae
2910 1929 2980 1975 se
3030 1909 3195 1983 serat,

531 2012 952 2099 suppeditare
1004 2012 1268 2078 videtur
1313 2032 1390 2078 ex
1441 2012 1834 2078 resolutione
1884 2031 2105 2077 causae
2136 2012 2427 2077 Elborcn.
2484 2013 2612 2080 Sed
2661 2014 2933 2078 minime
2972 2022 3201 2078 certum

535 2114 600 2180 id
648 2116 838 2179 statui
890 2124 1145 2201 potest;
1199 2134 1343 2180 nam
1391 2115 1541 2179 alias
1592 2114 1951 2200 respondit,
2006 2115 2465 2181 coadiutoriam
2513 2114 2805 2181 sufficere
2858 2115 2936 2181 ad
2986 2112 3202 2179 cousti-

536 2217 848 2282 tuendum
899 2218 1153 2283 titulum
1206 2216 1540 2293 domicilii,
1592 2218 1884 2301 adeoque
1920 2217 2348 2283 iuramentum
2384 2219 2687 2303 praestari
2734 2218 2918 2283 iussit
2967 2216 3045 2282 ad
3091 2214 3206 2280 for·

533 2340 701 2386 mam
769 2319 984 2385 Bullae
1040 2319 1506 2404 Speculatores.
1560 2322 1779 2404 Itaque
1841 2321 2057 2385 verius
2115 2331 2246 2398 est,
2311 2319 2483 2406 quod
2549 2319 2885 2385 coadiutor
2947 2337 3077 2384 non
3135 2335 3206 2381 ex

534 2421 874 2499 beneficii,
924 2422 1035 2488 sed
1084 2425 1300 2508 potius
1347 2442 1427 2488 ex
1475 2421 1782 2487 domicilii
1848 2442 2026 2487 causa
2090 2425 2288 2508 possit
2346 2421 2650 2488 ordinari.
2705 2425 2770 2490 Si
2823 2419 3207 2489 beneficium

533 2524 598 2589 in
648 2523 1205 2591 distributionibus
1241 2536 1441 2591 totum
1477 2526 1800 2600 consistat,
1838 2524 2251 2589 nihilominus
2290 2523 2544 2591 titulum
2580 2523 3003 2591 ordinationis
3035 2539 3205 2608 prae-

533 2628 667 2695 bet.
704 2665 748 2676 -
780 2633 887 2696 81.
928 2629 1220 2697 Secunda
1269 2650 1448 2695 causa
1495 2628 1912 2694 subiectionis
1958 2642 2054 2695 est
2102 2629 2281 2716 origo
2333 2629 2396 2694 in
2445 2629 2662 2716 aliquo
2697 2627 3017 2694 dioecesis
3050 2627 3206 2700 loco,

536 2731 730 2797 modo
778 2751 906 2799 non
953 2734 1035 2798 sit
1084 2751 1202 2819 per
1248 2731 1562 2798 accidens.
1600 2769 1644 2780 -
1676 2736 1785 2799 82.
1828 2735 1991 2797 Mora
2027 2736 2223 2817 patris
2255 2732 2469 2816 aliquo
2506 2732 2568 2797 in
2602 2732 2741 2795 loco
2775 2727 3204 2803 accidentalis,

537 2835 689 2901 licet
736 2834 1120 2924 longissima,
1159 2855 1284 2901 non
1320 2847 1595 2922 praestat
1644 2834 1773 2900 filio
1822 2854 2067 2900 causam
2117 2833 2533 2899 subiectionis
2581 2832 2656 2898 ad
2706 2832 3015 2898 effectum
3061 2827 3215 2894 reci-

530 2939 752 3024 piendi
802 2939 1095 3023 Ordines.
1150 2935 1355 3005 Aliter
1402 2947 1539 3014 est,
1588 2939 1636 3002 si
1693 2938 1774 3003 ibi
1827 2936 2221 3002 domicilium
2283 2935 2553 3021 adeptus
2602 2948 2720 3000 est.
2781 2936 2920 3012 Quo
2972 2952 3115 2998 casu
3159 2929 3213 2996 si

532 3051 716 3125 pater
761 3039 837 3105 ad
886 3040 1003 3105 alia
1055 3041 1187 3105 loca
1240 3039 1670 3124 transmigret,
1726 3038 1888 3105 filius
1938 3037 2465 3105 testimonialibus
2516 3039 2987 3123 Episcoporum
3037 3055 3211 3122 prae·

536 3140 856 3207 dictorum
907 3142 1244 3228 indigebit.
1296 3178 1340 3191 -
1386 3144 1496 3208 83.
1541 3144 1645 3206 84.
1689 3144 1802 3207 85.
1856 3143 1917 3210 Si
1969 3154 2150 3229 pater
2198 3141 2641 3220 domicilium,
2711 3141 2889 3227 quod
2961 3139 3215 3206 noviter

533 3243 896 3330 acquisivit,
950 3244 1393 3328 derelinquet,
1448 3255 1514 3309 et
1561 3243 1639 3309 ad
1700 3244 1909 3309 locum
1961 3245 2225 3331 originis
2272 3244 2621 3332 remigret,
2675 3243 3038 3330 Episcopus
3102 3240 3218 3307 loci

529 3345 733 3410 relicti
771 3365 899 3412 non
933 3358 1143 3431 potest
1175 3345 1377 3412 lilium
1414 3348 1549 3412 eius
1583 3344 1908 3423 ordinare,
1945 3350 2047 3413 vel
2083 3347 2457 3413 dimissoriis
2490 3345 2833 3434 prosequi:
2887 3346 2999 3412 alii
3047 3363 3221 3410 casus

525 3451 832 3535 speciales
882 3449 1270 3516 reseruntur.
1299 3454 1479 3517 -86,
1519 3451 1726 3517 Tertia
1775 3469 1955 3516 causa
2002 3452 2415 3516 subiectionis
2462 3462 2556 3517 est
2603 3449 3043 3516 domicilium.
3096 3445 3223 3515 Sed

527 3551 916 3616 necessariae
964 3563 1114 3617 sunt
1165 3553 1618 3618 testimoniales
1667 3552 1955 3637 originis,
2002 3553 2101 3618 vel
2135 3555 2396 3618 alterius
2429 3553 2834 3620 accidentalis
2868 3550 3223 3626 domicilii,

525 3653 578 3718 si
626 3653 1107 3740 promovendus
1156 3657 1294 3719 eius
1341 3657 1559 3720 aetatis
1608 3654 1837 3730 luerit,
1894 3667 1960 3721 ut
2014 3655 2472 3740 impedimenta
2522 3657 2911 3722 contrahere
2974 3662 3217 3741 posset.

529 3757 860 3822 ordinarie
909 3757 1270 3823 huiusmodi
1335 3771 1501 3823 aetas
1565 3758 1828 3824 videtur
1891 3761 2053 3824 ultra
2101 3761 2535 3844 septennium.
2590 3794 2632 3806 -
2680 3762 2785 3824 87.
2845 3760 3103 3844 Regula
3152 3755 3226 3821 ab

526 3861 890 3925 Honorante
941 3859 1208 3936 tradita,
1272 3870 1342 3924 ut
1388 3861 1820 3945 dignoscatur,
1872 3880 1950 3927 an
1999 3860 2391 3926 domicilium
2458 3862 2629 3925 iuxta
2680 3859 3105 3926 conditiones
3153 3856 3226 3922 ab

525 3961 896 4028 Innocentio
932 3962 1184 4028 traditas
1224 3964 1606 4047 acquisitum
1657 3963 1869 4029 luerit.
1901 3998 1945 4010 -
1978 3967 2083 4030 88.
2126 3968 2244 4028 Pro
2277 3963 2701 4049 acquisitione
2734 3962 3061 4030 domicilii
3098 3961 3229 4028 suf-

523 4062 679 4140 ficit,
733 4076 801 4129 ut
849 4063 1252 4130 conditiones
1299 4063 1662 4150 praedictae
1724 4065 2111 4151 adimpletae
2171 4065 2412 4132 luerint
2458 4088 2488 4131 a
2539 4080 2760 4151 patre,
2813 4066 2861 4130 si
2921 4066 3102 4133 filius
3150 4066 3231 4130 sit

530 4166 595 4231 in
644 4165 780 4231 eius
827 4177 1164 4253 potestate.
1196 4202 1240 4213 -
1273 4169 1382 4240 89.
1422 4167 1680 4243 Quando
1729 4169 1924 4254 patris
1973 4167 2365 4234 domicilium
2416 4170 2779 4235 nullatenus
2822 4188 3234 4257 cognoscere

528 4286 600 4332 ac
647 4268 1076 4336 determinare
1124 4269 1333 4347 datur,
1387 4282 1596 4356 potest
1646 4275 1710 4338 S.
1753 4274 1824 4337 C.
1863 4274 2064 4337 Conc.
2115 4273 2427 4359 Episcopo
2477 4292 2552 4337 ex
2601 4272 2857 4359 speciali
2912 4273 3234 4340 mandato

530 4368 998 4437 ordinationem
1050 4372 1476 4438 committere.
1533 4374 1595 4439 Si
1647 4375 1791 4458 quis
1841 4373 2069 4439 iniuste
2103 4394 2134 4438 a
2171 4375 2430 4462 proprio
2466 4375 2784 4460 Episcopo
2826 4378 3232 4460 repellatur,

523 4482 738 4556 potest
789 4473 958 4539 licite
1010 4472 1394 4541 beneficium
1443 4477 1543 4541 vel
1592 4475 1993 4540 domicilium
2041 4476 2188 4541 alibi
2240 4495 2551 4560 quaerere
2598 4476 2674 4542 ad
2724 4476 2923 4542 finem
2967 4479 3241 4545 ordina-

525 4573 744 4640 tionis.
782 4612 826 4624 -
871 4579 979 4642 90.
1036 4575 1130 4642 Ad
1181 4576 1481 4642 effectum
1534 4577 1954 4643 ordinationis
2000 4589 2336 4663 nequeunt
2368 4577 2557 4643 simul
2591 4578 2892 4666 componi
2936 4579 3082 4646 duo
3119 4580 3234 4647 do-

521 4676 795 4756 micilia;
848 4688 913 4743 et
962 4698 1180 4764 quare.
1233 4714 1277 4728 -
1324 4682 1432 4744 91.
1483 4678 1687 4746 Dubia
1736 4699 1805 4744 ac
1856 4680 2274 4745 resolutiones
2321 4680 2750 4748 iuramentum
2797 4682 3246 4770 respicientia
