3497 5235
864 312 868 316 ·
975 290 1097 364 Gap.
1120 290 1217 348 111.
1259 290 1333 348 Do
1371 289 1506 347 claro
1545 287 1818 346 annulari.
1861 290 1916 363 g.
1942 288 1993 344 8.
2702 285 2819 346 335

236 425 448 499 stincta,
493 420 878 489 desumenda
934 431 1028 487 est
1074 441 1151 487 ex
1198 441 1390 487 massa
1452 418 1799 506 respectiva
1867 417 2178 502 cuiusque
2243 429 2486 484 coetus.
2539 418 2604 487 Si
2653 418 2823 484 nulla

232 527 372 592 adest
419 544 634 600 massa,
687 544 767 589 ex
815 522 1322 611 praebendarum
1377 523 1688 591 reditibus
1745 520 2137 588 conficienda
2194 521 2498 609 prudenti
2563 522 2826 588 arbitrio

228 628 466 715 Episcopi
514 626 918 712 relinquitur.
972 664 1016 675 -
1065 630 1217 693 133.
1269 628 1443 691 Missa
1503 625 1941 692 conventualis
2004 624 2283 694 canenda
2345 636 2439 690 est
2498 625 2651 691 hora
2706 643 2826 710 per

227 730 483 796 rubricam
527 730 889 816 designata,
941 749 1058 796 nec
1108 731 1273 796 valet
1321 734 1634 798 contraria
1693 734 2118 799 consuetudo.
2169 769 2213 781 -
2265 736 2415 799 134.
2468 732 2826 818 Applicatio

230 831 484 898 secundae
527 853 595 898 ac
644 834 869 898 tertiae
905 833 1120 899 Missae
1167 832 1250 899 de
1299 832 1449 899 feria
1484 835 1755 920 obligat,
1790 834 1839 899 si
1875 834 2034 901 adsit
2066 834 2496 913 consuetud03
2532 836 2580 900 si
2617 835 2822 913 deest,

228 936 483 1013 laudatur,
533 955 662 1001 non
710 936 1123 1039 pgaecipitur.
1163 973 1206 985 -
1259 941 1405 1002 135.
1458 938 1635 1003 Haud
1685 937 1863 1002 facile
1912 940 1975 1004 S.
2017 940 2217 1025 Cong.
2284 937 2823 1024 dispensationem

226 1040 288 1104 ab
325 1040 661 1128 applicanda
707 1039 983 1105 secunda
1046 1058 1116 1105 ac
1166 1044 1344 1106 tertia
1394 1040 1568 1106 Missa
1616 1042 1967 1106 concessit:
2020 1043 2233 1127 potius
2289 1053 2628 1126 utramque
2687 1043 2826 1105 sine

229 1156 373 1208 cantu
413 1142 705 1209 celebrari
762 1142 1045 1208 indulsit.
1083 1180 1127 1191 -
1163 1147 1313 1210 136.
1368 1145 1542 1208 Missa
1589 1143 2027 1209 conventualis
2075 1162 2205 1209 non
2253 1153 2465 1230 potest
2496 1143 2825 1230 subrogari

227 1245 394 1311 Missae
436 1246 509 1312 de
557 1248 894 1331 Requiem,
944 1245 1055 1312 sed
1107 1257 1375 1329 utraque
1427 1244 1803 1312 celebranda
1852 1257 1989 1324 est,
2053 1246 2306 1332 quando
2346 1246 2679 1330 utriusque
2727 1264 2828 1310 ce-

228 1347 506 1414 lebrandae
555 1368 730 1415 casus
789 1348 1107 1413 adveniat.
1158 1384 1201 1397 -
1253 1353 1398 1414 137.
1453 1349 1733 1434 Ideoque
1794 1348 1941 1414 huic
1992 1346 2360 1433 obligationi
2420 1348 2660 1413 Missam
2711 1365 2830 1432 pro

227 1447 485 1517 defunctis
530 1451 875 1537 perlitandi
924 1469 1053 1516 non
1098 1450 1318 1516 satisfit
1349 1469 1470 1536 per
1503 1455 1717 1517 Missae
1766 1453 2051 1537 privatae
2097 1450 2614 1516 celebrationem.
2655 1455 2723 1518 S.
2755 1452 2825 1516 C.

225 1571 390 1638 neque
431 1555 629 1619 voluit
679 1554 1041 1639 indulgere,
1080 1564 1148 1618 ut
1181 1554 1355 1618 Missa
1389 1555 1826 1620 conventualis
1859 1554 1940 1619 de
1975 1552 2151 1634 feria,
2189 1571 2352 1638 quae
2387 1552 2552 1619 iuxta
2585 1571 2834 1617 morem

224 1671 321 1720 non
359 1656 815 1743 applicabatur,
883 1658 1183 1744 applicari
1249 1667 1463 1742 posset
1524 1659 1584 1724 in
1631 1656 2122 1723 satisfactionem
2184 1655 2506 1721 Missarum
2553 1673 2673 1742 pro
2722 1654 2836 1720 de-

225 1752 494 1822 functis.—
539 1760 691 1824 138.
737 1759 882 1823 139.
940 1763 1274 1824 Dumtaxat
1323 1779 1400 1825 ex
1450 1759 1835 1846 gravissimis
1882 1780 1949 1824 ac
2000 1758 2517 1824 extraordinariis
2563 1758 2837 1823 circum-

221 1860 412 1924 stantiis
454 1861 516 1927 in
574 1860 855 1926 Clodicn.
913 1872 979 1926 et
1036 1863 1350 1926 Ventimil.
1405 1866 1471 1930 S.
1512 1866 1714 1949 Cong.
1769 1861 1847 1926 ad
1897 1859 2284 1927 decennium
2336 1861 2597 1927 indulsit
2640 1879 2839 1946 super

224 1960 667 2029 Missasecunda
701 1981 771 2027 ac
804 1963 989 2028 tertia
1038 1966 1175 2029 sine
1218 1975 1404 2028 cantu
1442 1964 1766 2030 offerenda
1802 1976 1866 2030 et
1901 1964 2096 2030 Missis
2130 1964 2211 2030 de
2253 1964 2570 2050 Requiem
2616 1964 2838 2029 subro-

223 2065 424 2148 ganda,
485 2068 800 2152 Missaque
858 2064 1104 2151 privata
1166 2068 1610 2133 anniversariis
1656 2068 2124 2132 substituenda.
2176 2105 2218 2116 —
2272 2071 2417 2134 140.
2476 2067 2838 2134 celebratio

225 2168 394 2234 Missae
436 2190 551 2255 pro
606 2166 1115 2235 benefactoribus
1164 2170 1226 2234 in
1272 2169 1488 2255 specie
1551 2188 1678 2235 non
1725 2169 2108 2257 suffragatur
2161 2170 2323 2235 circa
2383 2169 2835 2256 obligationem

221 2273 530 2339 celebrandi
585 2291 708 2359 pro
758 2271 1266 2339 benefactoribus
1317 2274 1378 2338 in
1430 2291 1692 2357 genere.
1762 2275 1915 2336 ltem
1965 2291 2177 2357 neque
2242 2272 2586 2338 celebratio
2651 2292 2836 2358 paro·

223 2371 392 2439 chialis
436 2377 651 2441 Missae
697 2387 820 2460 pro
868 2373 1139 2461 populo.
1189 2373 1451 2452 Quando
1499 2372 1813 2460 parochus
1860 2377 2198 2460 utriusque
2247 2375 2427 2442 oneri
2475 2376 2698 2442 eadem
2733 2374 2842 2441 die

218 2475 522 2543 satisfacere
578 2488 872 2551 tenetur,
926 2493 1112 2540 unam
1165 2496 1284 2561 per
1327 2496 1435 2553 se,
1489 2476 1746 2542 alteram
1800 2496 1918 2563 per
1963 2478 2157 2542 alium
2202 2497 2319 2542 suo
2366 2489 2626 2564 sumptu
2675 2478 2840 2544 cele-

216 2575 361 2645 brare
405 2580 621 2649 debet.
663 2620 703 2630 -
742 2581 886 2648 141.
943 2582 1098 2647 Item
1147 2595 1276 2647 non
1323 2581 1704 2668 suffragatur
1752 2579 2130 2666 pontificalis
2178 2581 2254 2647 ab
2302 2581 2619 2668 Episcopo
2666 2584 2843 2648 Missa

215 2684 518 2751 celebrata:
578 2705 703 2771 qua
754 2696 1203 2760 concurrente,
1246 2686 1420 2748 Missa
1455 2684 1892 2749 conventualis
1923 2684 1998 2749 ab
2034 2683 2530 2750 hebdomadario
2567 2683 2842 2769 Capituli

212 2798 328 2853 ante
367 2790 464 2856 vel
510 2801 664 2877 post
709 2785 1140 2874 pontificalem
1192 2784 1353 2852 lecta
1401 2796 1496 2851 est
1544 2787 1949 2854 celebranda.

331 3005 486 3077 127.
526 3006 805 3078 Bened.
851 3001 1040 3077 XIV.
1079 3003 1157 3075 in
1209 3020 1339 3075 sua
1392 3004 1787 3095 percelebri
1840 3003 2354 3077 Constitutione
2410 3006 2625 3094 incip.
2672 3003 2845 3076 Cum

216 3131 436 3205 semper
480 3120 762 3190 oblatas
800 3117 937 3189 diei
982 3118 1100 3187 19.
1136 3112 1312 3207 Aug.
1363 3112 1577 3185 1744.
1622 3122 2006 3206 postquam
2059 3116 2265 3207 plura
2317 3117 2842 3207 sapientissime

210 3223 561 3302 declaravit
621 3231 804 3300 circa
858 3228 1392 3319 obligationem,
1449 3245 1636 3316 quae
1691 3227 2020 3317 parochis
2072 3227 2442 3316 inhaeret,
2502 3226 2845 3299 offerendi

206 3352 311 3425 pro
354 3343 620 3432 populo
676 3338 932 3412 Missae
984 3341 1339 3426 sacrificii,
1382 3338 1469 3410 de
1524 3358 1666 3428 qua
1721 3356 1795 3409 re
1845 3357 1972 3408 suo
2025 3338 2176 3411 loeo
2231 3340 2437 3410 nobis
2488 3338 2847 3431 agendum

205 3449 337 3537 erit,
375 3455 603 3525 multa
660 3455 880 3523 etiam
919 3452 1058 3522 alia
1111 3469 1255 3522 non
1309 3449 1563 3521 minori
1601 3451 1952 3540 sapientia
2001 3451 2303 3522 sancivit
2339 3453 2524 3525 circa
2578 3450 2852 3542 obliga-

204 3559 461 3653 tionem,
505 3558 658 3656 qua
714 3564 1041 3656 Capitula
1095 3565 1331 3635 omnia
1384 3569 1752 3648 tenentur,
1810 3562 2285 3635 celebrandae
2342 3563 2854 3654 applicandae-

203 3687 318 3758 que
365 3673 626 3748 Missae
682 3676 1176 3747 conventualis
1229 3693 1355 3765 pro
1424 3670 2007 3747 benefactoribus
2073 3676 2147 3746 in
2202 3693 2486 3766 genere.
2547 3674 2681 3747 Per
2733 3695 2844 3763 ea,

198 3799 359 3870 quae
409 3788 688 3861 ibidem
728 3788 1098 3878 speciatim
1136 3787 1459 3859 definivit
1495 3784 1832 3858 Summus
1870 3788 1987 3859 ille
2043 3785 2396 3877 Pontifex,
2440 3797 2654 3878 caput
2703 3806 2853 3859 am-

121 3966 122 3969 ,
196 3903 506 3982 putatum
565 3904 679 3970 est
735 3898 1281 3990 quampluribus
1318 3885 1904 3988 quaestionibus„
1947 3919 2132 3989 quae
2188 3907 2399 3973 antea
2453 3920 2666 3994 super
2716 3900 2851 3973 hoo

196 4019 604 4097 argumento
644 4030 701 4080 ·a
756 4009 1166 4082 doctoribus
1240 4010 1759 4100 versabantur3
1817 4018 1887 4083 et
1959 4013 2251 4103 insuper
2301 4014 2414 4083 via
2491 4013 2851 4084 tutissima

191 4120 540 4208 patefacta
598 4128 733 4209 est,
777 4140 919 4212 qua
954 4123 1219 4193 similes
1271 4124 1818 4210 controversiae,
1878 4141 2062 4212 quae
2113 4125 2188 4195 in
2223 4130 2585 4215 posterum
2639 4122 2856 4194 subo-

127 4222 130 4237 ³
192 4230 295 4300 riri
345 4241 682 4323 possent,
726 4233 914 4305 facili
969 4234 1246 4325 negotio
1282 4234 1863 4306 dissolverentur.
1906 4232 2161 4325 Itaque
2200 4253 2345 4307 rem
2402 4236 2855 4308 utilissimam

188 4336 486 4418 facturos
546 4364 681 4417 nos
736 4363 890 4417 esse
943 4346 1376 4434 censuimus,
1425 4346 1486 4415 si
1539 4347 1738 4417 iuxta
1795 4346 2203 4419 institutum
2257 4353 2582 4418 nostrum
2632 4352 2855 4419 totam

188 4468 325 4526 eam
377 4455 993 4530 Constitutionem
1045 4456 1545 4529 exhiberemus
1598 4459 1671 4527 in
1723 4457 2082 4528 volumine
2117 4454 2254 4528 ΙΙΙ.
2304 4457 2439 4529 sub
2494 4478 2693 4530 num.
2728 4459 2850 4529 23.

316 4570 488 4641 128.
540 4566 758 4640 Missa
799 4568 1295 4640 conventualis
1346 4587 1435 4640 ex
1470 4569 1659 4640 clara
1711 4571 2271 4660 praescriptione
2310 4569 2629 4643 eiusdem
2677 4569 2859 4643 Pon-

182 4675 381 4753 tificis
436 4681 800 4755 celebrari
836 4680 1053 4753 debet
1101 4680 1178 4752 in
1213 4680 1547 4753 omnibus
1580 4681 1896 4756 ecclesiis
1929 4681 2559 4774 patriarchalibuS,
2603 4691 2860 4757 metro-
