3497 5235
609 273 730 338 358
1364 275 1732 336 humationi·
1772 275 1826 335 s.
1852 275 2036 351 congr.
2061 274 2209 336 σω.
2248 274 2519 351 monuo.

621 433 663 479 ›
708 409 1029 500 aliasque
1064 427 1553 500 quascumque
1579 427 1724 482 non
1754 411 2182 502 capitulares
2218 411 2623 484 functiones
2656 403 3030 482 exercenti
3060 402 3262 498 Resp.

623 545 665 591 ›
706 521 798 593 ad
857 522 923 591 1.
966 522 1398 615 Affirmative
1449 522 1541 596 ad
1591 524 1664 594 2.
1705 523 2044 616 Neqative
2094 523 2172 594 in
2224 524 2524 614 propria
2571 521 2888 602 ecclesia,
2938 520 3161 593 etiam
3203 518 3268 590 in

622 655 664 701 ›
704 633 1149 705 concionibus
1204 633 1501 725 aliisque
1530 634 2043 726 functionibus,
2081 641 2369 725 excepta
2406 638 3028 709 sacramentorum
3061 630 3276 703 admi-

623 767 665 812 »
706 744 1164 826 nistratione,
1201 745 1277 816 in
1314 763 1456 836 qua
1487 746 1825 819 utendum
1858 753 1961 819 est
1994 747 2481 838 superpelliceo
2528 752 2597 819 et
2645 746 2857 827 stola,
2890 751 2969 816 ut
3004 743 3103 816 ad
3138 741 3275 832 pri-

622 877 664 923 »
703 873 947 940 mum,·
998 855 1490 948 affirmmatioe
1540 863 1747 929 extra
1799 860 2172 950 propriam
2222 859 2512 931 ecclesia
2539 881 2577 927 ›
2632 851 2807 952 (31.
2839 855 3019 932 Maii
3064 851 3268 925 1817.

621 964 783 1038 dub.
827 965 1353 1049 Additionalia,
1410 967 1806 1041 Gardellini
1858 990 1931 1042 n.
1974 968 2192 1044 4536.

772 1078 935 1150 172.
1002 1076 1104 1149 An
1155 1077 1533 1169 prohibere
1583 1081 1809 1170 possit
1843 1078 2264 1172 Episcopus,
2321 1097 2412 1152 ne
2456 1077 2711 1153 Missae
2742 1080 3066 1172 privatae
3105 1078 3279 1150 cele-

621 1187 949 1278 brentur,
1007 1191 1178 1263 dum
1230 1190 1385 1283 ipse
1438 1188 1979 1266 Pontificalibus
2029 1192 2380 1266 incumbit
2430 1195 2507 1264 in
2542 1191 2864 1278 ecclesia,
2921 1191 3272 1280 quaeritur

620 1300 699 1373 in
751 1302 1081 1391 sequenti
1133 1301 1606 1375 resolutione:
1668 1328 1706 1369 ι
1734 1301 2058 1394 Capitulo
2110 1309 2180 1377 et
2234 1304 2557 1376 canonici
2609 1301 3041 1376 cathedralis
3093 1298 3275 1372 Lari-

625 1435 667 1481 »
710 1418 923 1486 tanae
961 1412 1307 1486 declarari
1343 1414 1914 1505 postulantibus:
1972 1433 2068 1487 an
2103 1416 2416 1507 potuerit
2448 1413 2844 1506 Episcopus
2876 1414 3271 1507 prohibere,

626 1547 668 1593 ›
708 1542 827 1612 ne,
882 1543 965 1597 eo
1015 1525 1236 1597 sacris
1288 1520 1664 1597 Missarum
1715 1525 2082 1600 solemniis
2130 1526 2637 1617 pontificaliter
2686 1524 3177 1612 incumbente,
3210 1525 3273 1595 in

627 1659 669 1705 ›
709 1636 962 1709 eadem
1015 1637 1316 1711 ecclesia
1367 1634 1625 1711 Missae
1675 1640 1997 1730 privatae
2046 1639 2334 1711 interim
2386 1630 2880 1728 celebrentur?
2935 1637 3011 1708 S.
3066 1633 3160 1707 R.
3205 1632 3271 1706 C.

626 1769 667 1818 ›
707 1749 1142 1842 Affirmative
1191 1749 1600 1842 respondit,
1653 1748 1779 1823 28.
1819 1752 1999 1842 Auq.
2043 1749 2257 1824 1655.
2317 1751 2702 1823 Laritana.
2738 1775 2776 1820 ›
2831 1741 2879 1843 (
2894 1746 3275 1821 Gardellini

626 1879 826 1934 num.
888 1861 1103 1936 1766.
1117 1857 1189 1958 ).

781 1970 1092 2046 173.1n
1130 1974 1742 2065 subsequentibus
1796 1975 2031 2067 agitur
2080 1973 2168 2048 de
2204 1918 2709 2066 praecedentia
2744 1972 2932 2043 inter
2966 1968 3278 2060 collegia-

626 2092 862 2160 tarum
933 2088 1313 2161 canonicos
1379 2094 1453 2160 et
1517 2087 1891 2178 parochos.
1997 2110 2035 2153 «ι
2090 2085 2342 2159 Dubiis
2406 2087 2641 2159 tribus
2708 2103 2836 2177 per
2902 2083 3276 2176 parochum

628 2222 667 2267 1>
708 2196 782 2271 S.
839 2196 1031 2274 Petri
1084 2195 1342 2273 Terrae
1395 2199 1834 2294 Sinalungae
1886 2204 2227 2293 porrectis
2257 2255 2277 2292 ‚
2346 2204 2448 2276 sic
2500 2201 3083 2294 respondendum
3134 2217 3279 2273 cen-

631 2335 670 2380 »
709 2311 853 2384 suit
906 2310 978 2382 S.
1035 2308 1128 2383 R.
1186 2310 1490 2405 Congr.:

779 2444 819 2488 ⁴<
864 2423 966 2497 Aa
1021 2425 1088 2493 1.
1135 2425 1519 2498 canonicos
1571 2424 1983 2518 collegiatae
2033 2426 2527 2516 capitulariter
2566 2424 3047 2497 convenientes
3084 2423 3161 2493 in
3190 2439 3289 2493 eo-

632 2558 671 2603 »
709 2533 926 2605 clesia
967 2536 1372 2627 parochiali
1420 2538 1492 2611 S.
1530 2537 1727 2610 Petri
1761 2538 2121 2612 occasione
2166 2538 2639 2631 festivitatum
2687 2544 2812 2611 aut
2860 2537 3281 2630 funeralium

632 2670 671 2715 ›
710 2646 958 2721 habere
1008 2648 1246 2721 debere
1303 2650 1876 2741 praecedentiam
1939 2670 2159 2742 supra
2207 2670 2439 2723 omnes
2500 2651 2677 2723 alios
2704 2704 2735 2733 ,
2795 2658 3081 2742 praeter
3130 2649 3286 2723 cele-

631 2782 673 2828 »
712 2758 1035 2832 brantem
1086 2760 1487 2834 solemniter
1538 2768 1664 2834 aut
1721 2762 2037 2855 Officium
2082 2763 2488 2855 facientem.

776 2895 815 2940 ›
857 2869 964 2943 Ad
1014 2873 1085 2943 2.
1143 2873 1399 2946 Missas
1455 2873 1789 2945 solemnes
1843 2874 1920 2945 in
1965 2874 2367 2965 parochiali
2418 2881 2728 2966 spectare
2770 2873 2867 2946 ad
2908 2872 3281 2964 parochiam

628 3007 670 3053 ›
710 3002 828 3067 seu
877 2991 1240 3057 rectorem.

784 3119 823 3164 ν
863 3093 971 3168 Ad
1023 3097 1096 3168 3.
1145 3095 1460 3190 Officium
1510 3114 1715 3186 super
1766 3096 2227 3170 cadaveribus
2270 3099 2522 3191 peraqi
2571 3098 2810 3171 debere
2859 3098 2950 3171 ab
3002 3099 3139 3188 ipso
3180 3112 3292 3166 re-

631 3228 672 3277 »
711 3213 897 3281 ctore
949 3208 1026 3278 in
1080 3226 1214 3280 sua
1256 3207 1692 3298 parochiali,
1729 3209 1945 3281 etiam
1994 3210 2178 3301 quod
2228 3210 2656 3283 interveniat
2710 3210 3110 3302 Capitulum
3158 3206 3293 3281 col-

634 3342 673 3391 »
715 3319 1039 3411 leqiatae.
1099 3320 1221 3390 21.
1265 3314 1427 3391 Iun.
1477 3320 1691 3391 1636.
1738 3320 2080 3393 Pientina
2131 3315 2555 3415 (Gardellini
2607 3339 2681 3393 n.
2747 3317 2999 3415 1045).

784 3455 823 3499 »
864 3427 1188 3521 Capitulo
1224 3434 1294 3501 et
1330 3431 1692 3503 canonicis
1728 3430 2143 3524 collegiatae
2177 3432 2517 3506 ecclesiae
2552 3429 2629 3504 S.
2666 3428 2915 3505 Iacobi
2950 3431 3038 3503 de
3072 3427 3285 3515 Bene,

637 3567 679 3613 ›
719 3542 1065 3616 dioecesis
1115 3537 1375 3613 Montis
1425 3540 1743 3635 Regalis,
1786 3543 2199 3633 petentibus
2249 3544 2635 3617 declarari:

782 3680 820 3725 ›
865 3656 932 3724 1.
977 3654 1085 3726 An
1138 3654 1494 3745 parochus
1545 3661 1617 3727 et
1669 3656 1902 3729 clerus
1970 3655 2308 3729 ecclesiae
2380 3654 2765 3748 parochiali
2834 3654 3108 3727 matrici
3173 3648 3292 3723 ad·

634 3790 676 3835 ι»
715 3766 886 3839 dicti
940 3766 1088 3839 sint
1138 3764 1586 3856 praeferendi
1639 3764 1961 3857 Capitulo
2014 3773 2084 3840 et
2137 3768 2497 3840 canonicis
2546 3760 3010 3858 collegiatan
3071 3761 3282 3855 Resp.

634 3904 672 3948 ν
719 3879 1120 3969 Capitulum
1169 3885 1235 3951 et
1287 3879 1659 3951 canonicos
1697 3879 2106 3971 collegiatae
2147 3879 2455 3972 parocho
2507 3879 2825 3951 matricis
2860 3876 3187 3950 ecclesiae
3217 3872 3291 3942 in

635 4016 674 4061 ν
715 3991 1032 4063 omnibus
1076 3990 1629 4082 praeferendum
1677 4010 1847 4063 esse.

781 4129 818 4173 »
859 4105 932 4175 2.
981 4100 1083 4173 An
1122 4101 1478 4195 parochus
1514 4102 2042 4192 protonotarius
2081 4100 2519 4193 Apostolicus
2552 4100 2656 4173 uti
2694 4099 2918 4190 possit
2956 4085 3290 4169 almutia!

641 4236 680 4285 ›
718 4211 940 4306 Resp.
987 4213 1386 4287 Parochum
1417 4213 1525 4287 uti
1549 4215 2121 4306 protonotarium
2155 4213 2457 4286 almutia
2493 4212 2897 4284 nullatenus
2933 4210 3042 4282 uti
3063 4223 3287 4299 posse.

783 4350 822 4395 ›
865 4327 936 4397 3.
985 4323 1088 4398 An
1135 4326 1211 4397 in
1263 4321 1546 4416 Synodo
1585 4325 2009 4397 dioecesana
2061 4321 2465 4415 Capitulum
2501 4322 2914 4414 collegiatae
2951 4321 3044 4393 sit
3087 4333 3303 4410 paro-

637 4460 679 4506 »
717 4437 850 4509 cho
902 4438 1224 4511 matricis
1259 4437 1599 4510 eeclesiae
1641 4431 2237 4529 praeferendum?
2281 4432 2501 4526 Resp.
2545 4435 2628 4507 In
2683 4434 2961 4527 Synodo
3008 4427 3299 4504 canoni-

637 4570 676 4619 »
722 4566 834 4620 cos
887 4549 1300 4642 collegiatae
1325 4549 1830 4641 praeferendos
1867 4566 2009 4621 esse
2057 4547 2339 4621 cuilibet
2376 4546 2685 4639 parocho
2734 4546 2948 4620 etiam
2978 4537 3300 4615 matricis

640 4681 682 4727 ›
720 4659 1047 4731 ecclesiae
1095 4658 1401 4731 eiusdem
1450 4659 1611 4730 loci.
