3497 5235
548 343 663 409 118
1294 331 1662 402 Instructionir
1703 338 1757 397 8.
1788 311 1970 412 fiongr.
2000 338 2147 399 Ocno.
2188 336 2456 415 expo-itio.

543 499 804 558 vanen.
867 480 1181 554 oratorii
1233 480 1353 550 27.
1414 475 1619 550 Mart.
1666 477 1881 547 1847.
1937 494 2162 568 penes
2215 473 2289 548 S.
2330 472 2405 546 C.
2444 471 2658 546 Conc.
2718 472 3014 546 articulo
3063 473 3211 564 ple-

546 594 837 666 nissime
890 593 1234 680 discusso,
1292 589 1513 663 dubia
1565 589 1926 680 proposita
1983 594 2201 661 sunt:
2264 589 2403 657 ‹·1.
2444 584 2548 657 An
2600 584 2906 658 oratoria
2959 587 3034 656 in
3085 586 3213 658 ho·

552 732 590 776 ›
630 705 1011 799 spitalibus
1060 703 1456 793 ceterisque
1509 702 1647 792 piis
1698 700 1871 773 locis
1923 699 2197 790 absque
2232 697 2568 792 Episcopi
2603 698 3028 771 auctoritate
3063 716 3213 771 ere-

554 844 593 889 »
633 821 765 892 ctis
800 818 1189 892 constituta
1241 817 1317 888 in
1368 812 1845 906 prohibitione
1898 810 2188 885 Concilii
2225 808 2417 884 Trid.
2459 809 3212 903 comprehendantur?

554 959 594 1002 ι»
632 935 705 1004 2.
751 933 856 1003 An
906 929 1041 1002 sub
1093 928 1344 1001 eadem
1396 926 1873 1018 prohibitione
1927 924 2431 996 contineantur
2482 920 3143 1016 orphanotrophia?
3174 951 3211 996 ›

555 1046 629 1119 S.
678 1042 753 1117 C.
812 1044 905 1117 ad
955 1049 1339 1132 utrumque
1407 1040 1734 1132 negative
1802 1035 2192 1129 respondit.
2250 1032 2463 1108 Porro
2531 1036 3218 1128 orphanotrophium

553 1155 1002 1231 omnimodae
1053 1151 1524 1225 iurisdictioni
1582 1147 1916 1242 Episcopi
1977 1149 2315 1237 suberat,
2372 1156 2446 1222 et
2496 1166 2775 1241 semper
2846 1150 2951 1221 uti
2986 1150 3220 1222 olocus

553 1268 924 1360 religiosus
989 1264 1282 1337 habitus
1335 1262 1594 1335 suerat.
1650 1258 2087 1335 Nominatim
2138 1262 2355 1334 etiam
2406 1261 2497 1335 de
2547 1260 2822 1352 capella
2891 1260 3220 1353 publico-

555 1397 714 1455 rum
766 1395 1123 1452 carcerum
1178 1375 1251 1448 S.
1292 1373 1365 1447 C.
1407 1373 1620 1447 Conc.
1678 1373 1793 1446 die
1852 1373 1966 1446 14.
2007 1369 2353 1445 Novemb.
2404 1373 2617 1444 1618.
2674 1374 2750 1445 in
2789 1373 3223 1448 Calaritana

550 1492 1068 1588 pronuntiavit,
1101 1509 1257 1563 eam
1287 1490 1360 1561 in
1388 1485 1809 1561 Conc.Trid.
1836 1487 2316 1581 prohibitione
2344 1505 2488 1560 non
2517 1487 2891 1561 contineri.
2915 1482 3214 1583 (libA8.

555 1605 892 1678 decretor.
930 1603 1059 1697 fol.
1101 1597 1317 1700 543.)
1374 1625 1411 1668 «z
1458 1598 1558 1673 An
1594 1598 1729 1673 sub
1765 1599 2244 1694 prohibitione
2294 1595 2592 1695 (decreti
2627 1597 2824 1672 Pauli
2862 1597 2990 1696 V.)
3027 1618 3224 1672 com-

558 1743 598 1786 »
636 1714 1126 1808 prehendatur
1163 1713 1436 1807 capella
1473 1731 1837 1786 carcerum
1872 1712 2348 1803 publicorum,
2381 1718 2453 1785 et
2487 1712 2799 1803 petenda
2834 1711 2927 1788 sit
2962 1712 3223 1786 eadem

563 1827 931 1901 »licentia
983 1846 1026 1898 a
1077 1826 1257 1900 Sede
1309 1824 1755 1920 Apostolica,
1823 1825 1940 1898 vel
1990 1823 2298 1898 sufficiat
2356 1825 2643 1898 licentia
2692 1821 3099 1913 Ordinarii,
3157 1824 3223 1896 si

563 1967 602 2012 ι»
640 1939 1049 2013 huiusmodi
1101 1937 1374 2031 capella
1426 1938 1517 2010 sit
1568 1938 1644 2008 in
1693 1937 1846 2009 loco
1898 1937 2178 2010 decenti
2231 1931 2531 2010 ornata?
2572 1961 2611 2004 s
2672 1943 2743 2009 et
2792 1954 3219 2029 responsum

562 2079 600 2123 ›
641 2052 775 2125 fuit
831 2075 870 2120 ι
906 2047 1064 2123 Non
1115 2049 1620 2142 comprehendi
1656 2049 2003 2140 capellam
2041 2067 2401 2122 carcerum
2438 2048 2909 2140 publicorum.
2938 2075 2976 2118 ›
3016 2044 3227 2121 Idem

562 2166 780 2241 etiam
832 2163 921 2236 de
973 2162 1246 2255 capella
1299 2161 1552 2233 domus
1604 2160 2099 2252 spiritualibus
2150 2161 2505 2234 exercitiis
2555 2162 2884 2235 addictae
2934 2161 3232 2233 resolvit

560 2280 637 2351 in
670 2276 1171 2352 Monosterien.
1215 2276 1286 2346 5.
1334 2274 1496 2365 Apr.
1536 2274 1748 2345 1851.
1792 2293 1920 2366 per
1952 2274 2221 2346 Summ.
2254 2275 2459 2347 Prec.
2501 2268 2665 2369 (lib.
2694 2273 2863 2347 194.
2898 2293 2972 2364 p.
3005 2271 3230 2369 356.)

567 2415 606 2460 ι
643 2388 890 2472 Quoad
942 2387 1094 2459 loca
1145 2387 1265 2478 pia
1315 2392 1389 2459 et
1436 2386 1803 2478 religiosas
1854 2386 2125 2477 domoS,
2182 2387 2292 2459 vel
2330 2404 2455 2478 pro
2491 2387 2984 2478 spiritualibus
3019 2404 3231 2459 exer-

565 2527 605 2570 »
643 2501 829 2573 citiis
879 2506 1150 2573 erectas
1202 2517 1362 2571 cum
1414 2498 1930 2591 approbatione
1981 2495 2365 2588 ordinarii,
2422 2498 2532 2571 vel
2587 2498 2873 2591 publica
2924 2499 3080 2570 sine
3134 2517 3226 2570 ea

564 2638 603 2683 ι»
644 2610 1185 2705 approbatione,
1241 2607 1671 2702 Episcopum
1723 2631 1868 2684 non
1922 2611 2236 2703 indigere
2290 2610 2755 2685 facultatibus
2807 2630 2931 2703 pro
2965 2629 3229 2685 conce·

570 2750 609 2795 ι»
650 2724 886 2798 denda
938 2724 1228 2796 licentia
1280 2724 1572 2796 Sacrum
1625 2724 1699 2794 in
1752 2723 1837 2795 iis
1888 2723 2303 2817 peragendi.
2340 2750 2377 2792 »

715 2837 878 2909 110.
936 2834 1041 2908 Ad
1095 2834 1227 2908 hoc
1279 2841 1821 2927 argumentum,
1894 2835 2087 2927 quod
2157 2836 2363 2908 modo
2434 2854 2846 2926 versamus,
2910 2837 3229 2910 attinent

564 2951 776 3039 duae,
818 2965 1004 3040 quae
1040 2952 1469 3038 sequuntur,
1500 2947 2018 3021 declarationes
2054 2950 2126 3021 S.
2154 2945 2405 3041 Congr.
2431 2945 2757 3022 Rituum:
2803 2973 2840 3016 «ι
2864 2947 3230 3022 Parochus

570 3088 609 3133 ι»
650 3060 876 3149 novit,
931 3078 1211 3133 sacrum
1264 3056 1620 3131 viaticum
1654 3059 2068 3133 difficillime
2120 3061 2382 3152 porrigi
2434 3080 2639 3153 posse
2685 3063 2962 3134 infirmo
3017 3064 3229 3135 morti

553 3203 606 3248 .»
646 3178 992 3270 proximo,
1050 3176 1186 3247 nisi
1240 3175 1552 3248 celebret
1605 3177 1680 3248 in
1732 3176 2035 3248 oratorio
2087 3175 2471 3248 domestico
2508 3175 2786 3248 indulto
2822 3174 3231 3266 Apostolico

569 3316 608 3361 »
649 3296 880 3363 erecto
934 3288 1176 3360 domui
1228 3287 1490 3360 infirmi
1542 3288 1907 3380 proximo:
1965 3288 2359 3377 quaeritur,
2416 3293 2656 3359 utrum
2707 3286 2928 3377 possit
2988 3306 3029 3357 a
3080 3287 3227 3376 pri·

570 3429 610 3474 ν
649 3407 814 3474 vato
866 3401 1169 3473 oratorio
1223 3401 1345 3472 SS.
1387 3398 1928 3472 Sacramentum
1978 3393 2305 3473 deferre?
2358 3396 2447 3472 Et
2503 3406 2862 3488 quatenus
2915 3397 3233 3471 affirma-

570 3540 610 3583 »
648 3516 819 3602 tive,
875 3518 1112 3585 utrum
1165 3512 1238 3583 in
1293 3512 1419 3583 tali
1473 3528 1642 3584 casu
1692 3511 2053 3585 celebrare
2105 3512 2327 3602 possit
2378 3511 2591 3583 etiam
2646 3511 3029 3583 indultario
3065 3529 3235 3602 pre-

572 3652 612 3696 ⁷»
654 3626 841 3698 cario
894 3619 1249 3698 absente?
1304 3625 1376 3696 S.
1420 3621 1718 3697 Rituum
1762 3621 1977 3716 Cong.
2035 3622 2429 3715 respondit.
2486 3622 2951 3712 Affirmative,
3007 3624 3231 3696 etiam

577 3764 615 3807 ι»
657 3736 958 3810 absente
995 3734 1457 3808 indultario.»
1499 3732 1623 3808 Die
1660 3737 1781 3807 27.
1809 3735 2107 3827 Augusti
2148 3736 2362 3807 1836.
2403 3735 2737 3808 Veronen.
2781 3735 2872 3808 ad
2910 3736 2979 3806 8.
3021 3730 3237 3831 (Gar-

575 3850 850 3940 dellini,
908 3867 1106 3921 num.
1152 3845 1436 3946 4783.).

721 3962 885 4032 111.
949 3985 988 4030 ι
1035 3962 1134 4032 An
1187 3959 1447 4034 festum
1498 3957 1830 4033 Titularis
1879 3960 2317 4054 capellarum
2369 3959 2819 4053 publicarum
2872 3968 2942 4033 et
2993 3969 3237 4035 orato-

574 4102 612 4144 »
652 4074 943 4162 riorum,
986 4091 1171 4163 quae
1207 4073 1523 4145 existunt
1560 4073 1634 4143 in
1671 4073 1970 4145 aedibus
2023 4071 2576 4165 episcopalibus,
2632 4074 3059 4163 seminariis,
3101 4074 3239 4147 ho-

573 4212 611 4256 »
651 4184 1057 4280 spitalibuS,
1115 4184 1445 4257 domibus
1498 4181 1987 4276 Regularium,
2027 4184 2503 4276 domibusque
2558 4186 2851 4276 privatis
2885 4185 3238 4260 celebrari

574 4325 612 4369 ›
653 4298 967 4372 debeant
1004 4298 1137 4371 sub
1169 4299 1311 4370 ritu
1339 4296 1606 4391 duplici
1642 4297 2001 4371 secundae
2037 4297 2283 4370 classis
2320 4315 2479 4368 cum
2508 4294 2730 4369 Credo
2757 4302 2831 4369 et
2857 4292 3169 4370 Octava?
3194 4324 3236 4365 s

572 4414 645 4487 S.
687 4408 779 4483 R.
818 4410 893 4484 C.
951 4411 1318 4503 respondit
1375 4434 1412 4477 a<
1451 4407 1795 4504 Negative
1833 4437 1871 4480 ›
1933 4411 2048 4482 12.
2105 4405 2288 4481 Nov.
2335 4409 2549 4481 1831.
2608 4406 2900 4482 Marsor.
2959 4408 3052 4482 ad
3104 4410 3234 4482 34.

576 4518 672 4622 (l.
713 4545 776 4599 c.
835 4544 910 4597 n.
953 4520 1246 4623 4669.).

719 4632 918 4709 VIII.
974 4633 1329 4711 Numerus
1381 4636 1971 4710 monasteriorum
2022 4643 2167 4707 tam
2224 4634 2533 4706 virorum
2569 4652 2784 4725 quam
2824 4634 3237 4723 mulierum,

579 4776 616 4823 »
657 4749 1146 4848 exprimendo,
1215 4768 1312 4822 an
1371 4749 1614 4841 aliqua
1665 4767 1755 4821 ex
1806 4746 2253 4823 monasteriis
2320 4747 2629 4820 virorum
2696 4746 2842 4822 sint
2908 4744 3241 4820 subiecta
