3497 5235
534 276 609 343 16
1335 282 1408 341 D·
1445 281 1747 341 visitstim
1787 280 2054 341 Sacrorum
2090 280 2354 339 himinum

532 418 676 504 siti,
718 435 799 490 ac
832 415 911 505 ii,
952 434 1132 507 quos
1178 412 1684 487 'thomassinus
1734 414 1964 486 fusius
2015 414 2363 505 explicat3
2419 412 2680 486 etenim
2726 411 2959 503 primo
3006 409 3164 483 loco

532 529 716 600 idem
770 534 1088 600 recenset
1139 524 1472 612 Concilia,
1513 544 1697 616 quae
1731 523 2053 596 Pontifex
2107 526 2212 597 vel
2260 526 2361 596 uti
2403 522 3012 613 Metropolitanus,
3051 521 3162 593 vel

531 641 634 712 uti
689 638 959 711 Primas
1026 638 1101 709 in
1169 636 1694 709 obscurioribus
1762 635 1925 709 fidei
1994 635 2101 708 vel
2170 634 2684 708 ecclesiasticae
2742 631 3165 725 disciplinae

532 749 837 840 negotiis
886 746 1294 836 indicebat;
1348 747 1642 820 secundo
1691 748 2213 820 ordinationum
2264 747 2403 832 ius,
2455 744 2647 835 quod
2696 740 3163 816 Conciliorum

533 859 1014 934 convocationi
1067 857 1343 931 solebat
1393 875 1548 931 esse
1600 877 2042 945 connexum3
2098 859 2300 930 tertio
2343 855 2869 941 necessitatem,
2906 855 2978 925 in
3018 871 3163 943 qua

533 967 1004 1043 versabantur
1054 969 1598 1059 Archiepiscopi‚
1653 975 1733 1042 ut
1785 989 1824 1040 a
1878 966 2197 1040 Romano
2247 964 2586 1039 Pontifice
2620 982 2853 1038 coram
2888 962 3171 1036 instan-

542 1087 673 1168 ter,
730 1079 1117 1150 instantius
1166 1084 1238 1151 et
1288 1079 1802 1151 instantissime
1855 1064 2164 1169 pallium
2202 1076 2699 1168 efflagitarent.

679 1190 796 1261 37.
855 1186 1293 1261 Thomassini
1347 1195 1417 1261 et
1467 1186 1759 1261 Hallieri
1804 1189 2173 1279 opiniones
2209 1188 2695 1279 complectitur
2746 1204 2882 1257 van
2923 1182 3166 1276 Espen

534 1299 691 1397 (Ius
741 1301 1120 1373 ecclesiast.
1161 1302 1358 1374 univ.
1404 1301 1489 1372 P.
1519 1301 1586 1373 1.
1627 1301 1737 1373 tit.
1787 1301 1936 1374 XV.
1978 1319 2133 1391 cap.
2166 1293 2317 1395 2.),
2354 1300 2478 1389 qui
2529 1299 2692 1370 licet
2727 1296 3166 1389 Apostolicae

537 1413 748 1499 Sedi,
804 1418 884 1483 ut
936 1411 1359 1503 plurimum,
1416 1412 1780 1500 infensuS‚
1835 1417 2036 1483 tanta
2090 1412 2408 1484 veritatis
2458 1410 2614 1483 luce
2667 1408 3034 1501 perculsus
3083 1425 3167 1480 ac

536 1523 794 1610 victuS,
851 1522 1035 1594 hanc
1087 1523 1316 1593 eidem
1367 1522 1531 1594 Sedi
1586 1523 2141 1613 praerogativam
2211 1541 2352 1595 non
2408 1523 2736 1594 adserere
2791 1519 3164 1610 nequivit3

538 1633 779 1722 itaque
831 1651 977 1703 rem
1034 1632 1252 1703 multo
1303 1630 1588 1704 brevius
1649 1651 1732 1704 ac
1784 1632 2176 1725 simplicius
2235 1634 2334 1704 ita
2387 1632 2668 1705 conficit
2734 1628 3167 1720 expeditque

537 1739 652 1840 (n.
690 1743 805 1815 17.
843 1740 960 1813 18.
1000 1761 1084 1814 ac
1124 1734 1286 1836 19.)
1337 1741 1480 1814 ibi:
1540 1767 1578 1808 ‹
1616 1739 1747 1814 Hic
1798 1760 1962 1835 ergo
2000 1742 2452 1816 manifestum
2488 1750 2622 1829 est,
2661 1740 3166 1832 obligationem

542 1850 950 1927 »veniendi
1022 1851 1360 1940 Romam,
1416 1873 1458 1923 a
1509 1851 1581 1925 S.
1638 1851 1876 1927 Leone
1925 1855 2083 1928 elici
2149 1874 2235 1927 ex
2297 1853 2728 1946 obligatione
2780 1848 3168 1923 accedendi

543 1992 581 2033 ι
621 1965 712 2037 ad
748 1964 1065 2055 Synodos
1098 1963 1587 2057 provinciales,
1630 1963 1800 2036 Cum
1845 1984 2006 2037 vero
2041 1965 2239 2037 iuxta
2278 1965 2648 2056 pristinam
2686 1960 3164 2052 disciplinam,

544 2101 582 2143 ›
623 2073 949 2167 Episcopi
1002 2075 1094 2147 ad
1144 2075 1297 2146 eius
1346 2081 1751 2168 spectarent
1800 2077 2172 2166 synodum,
2214 2095 2253 2146 a
2291 2094 2432 2166 quo
2481 2074 2999 2147 ordinationem
3051 2087 3174 2142 ac-

546 2214 584 2255 »
624 2187 964 2278 ciperent,
1022 2184 1224 2257 facile
1278 2185 1723 2277 intelligitur,
1765 2204 1888 2257 cur
1924 2182 2250 2277 Episcopi
2287 2184 2713 2258 ordinationi
2749 2179 2953 2254 Sedis
2992 2179 3172 2271 Apo·

550 2323 586 2363 »
625 2297 912 2368 stolicae
961 2296 1366 2368 immediate
1424 2296 1733 2367 subiecti
1805 2295 1895 2366 ad
1966 2294 2241 2367 Limina
2298 2295 2779 2386 Apostolorum
2833 2290 3170 2364 accedere

548 2433 586 2476 v
626 2406 1024 2497 specialiter
1074 2406 1393 2477 adstricti
1444 2414 1708 2479 essent.
1751 2444 1798 2459 -
1848 2404 1979 2478 Hic
2030 2406 2324 2479 ulterius
2392 2405 2893 2496 intelligimus,
2949 2416 3170 2492 quare

555 2544 593 2585 ι
634 2517 807 2588 baec
857 2515 1193 2607 obligatio
1258 2516 1468 2588 citius
1535 2514 2130 2611 Metropolitanis,
2204 2537 2420 2608 quam
2488 2513 2855 2610 Episcopis
2917 2512 3171 2586 ceteris

556 2654 594 2692 ι
632 2629 960 2720 imposita
997 2630 1130 2700 sit:
1187 2628 1292 2700 uti
1330 2628 1678 2720 colligitur
1711 2647 1796 2702 ex
1833 2629 2128 2720 epistola
2165 2630 2234 2700 6.
2269 2626 2628 2700 Pascbalis
2662 2622 2793 2713 ΙΙ.,
2834 2624 3001 2716 quia
3038 2622 3173 2696 sci·

562 2765 598 2805 »
641 2737 802 2810 licet
854 2736 1545 2829 Metropolitanorum
1596 2739 1944 2811 ordinatio
1996 2741 2231 2827 citiuS,
2271 2757 2485 2830 quam
2536 2735 3040 2829 Episcoporum
3077 2733 3170 2806 ad

561 2875 597 2915 »
638 2850 889 2921 Sedem
931 2849 1394 2940 Apostolicam
1434 2850 1781 2921 translata
1816 2858 1948 2937 est,
1991 2856 2206 2939 atque
2243 2847 2757 2940 Metropolitani
2793 2846 2884 2917 ab
2921 2844 3171 2918 eadem

553 2985 591 3026 »
631 2956 812 3032 Sede
864 2960 1190 3050 pallium,
1245 2966 1316 3033 et
1367 2978 1524 3031 cum
1561 2977 1642 3031 eo
1677 2959 2194 3051 plenitudinem
2247 2959 2619 3032 sacerdotii
2657 2957 2973 3047 accipere
3008 2971 3174 3026 con-

555 3095 591 3137 »
632 3075 1034 3142 sueverant.
1088 3067 1289 3152 Quod
1339 3070 1746 3161 intelligens
1798 3070 2137 3161 antiquus
2188 3069 2363 3141 iuris
2413 3068 2733 3141 canonici
2786 3066 3176 3159 glossogra-

553 3207 591 3246 ι
629 3181 815 3271 plius
865 3182 960 3254 ad
1011 3201 1166 3273 cap.
1207 3182 1278 3253 4.
1320 3181 1402 3254 de
1452 3182 1744 3253 iureiur.
1803 3182 2015 3255 verbo
2068 3183 2360 3275 sinqulis
2395 3182 2606 3253 annis
2659 3179 2955 3266 notavit,
2994 3176 3175 3250 obli-

556 3317 591 3359 »
634 3292 982 3383 gationem
1034 3292 1370 3364 visitandi
1422 3288 1697 3364 Limina
1754 3291 2266 3384 Apostolorum,
2320 3292 2410 3365 de
2445 3310 2587 3383 qua
2622 3292 2697 3363 in
2733 3291 2947 3361 citato
2982 3287 3175 3380 capi-

557 3427 595 3470 »
634 3403 825 3489 tulo,
889 3402 1424 3493 intelligendam
1484 3403 1573 3476 de
1625 3402 2184 3495 Archiepiscopis
2235 3408 2306 3475 et
2354 3398 2767 3493 EpiscopiS,
2822 3400 2944 3491 qui
3005 3399 3178 3472 sub-

563 3538 598 3580 »
637 3518 805 3583 sunt
840 3510 1135 3592 Domino
1171 3509 1402 3606 Papae
1438 3513 1634 3586 nullo
1672 3514 1926 3585 medi0.
1969 3514 2269 3585 Additur
2318 3513 2392 3584 in
2439 3513 2752 3604 margine
2787 3531 2873 3584 ex
2908 3509 3176 3584 Ioanne

555 3654 593 3694 »
634 3628 964 3701 Andrea:
1023 3628 1208 3703 Idem
1261 3635 1580 3702 servatur
1630 3631 1706 3701 in
1759 3631 1966 3720 aliis,
2021 3632 2082 3701 si
2131 3632 2770 3720 confirmationem,
2819 3646 3180 3702 consecra-

557 3768 593 3808 »
632 3743 887 3814 tionem
936 3741 1040 3812 vel
1082 3741 1389 3833 pallium
1437 3760 1485 3813 a
1524 3742 1724 3832 Papa
1774 3742 2143 3832 recipiunt.
2200 3738 2565 3815 Translata
2618 3759 2780 3833 ergo
2827 3756 2969 3812 non
3016 3745 3180 3811 tan-

560 3883 596 3921 »
639 3860 792 3927 tum
842 3848 1584 3942 Metropolitanarum,
1640 3854 1767 3925 sed
1818 3858 1887 3926 et
1939 3850 2439 3944 Episcoporum
2507 3851 3040 3926 confirmatione
3106 3855 3179 3923 et

564 3993 599 4030 »
643 3963 1171 4036 consecratione
1223 3962 1315 4034 ad
1378 3962 1632 4036 Sedem
1684 3963 2196 4055 Apostolicam,
2254 3983 2400 4036 una
2458 3965 2613 4056 ipsa
2676 3965 3011 4057 obligatio
3078 3963 3183 4034 vi-

564 4100 597 4141 »
639 4073 910 4147 sitandi
977 4067 1254 4146 Limina
1317 4072 1842 4165 Apostolorum,
1914 4073 2062 4145 sive
2122 4074 2505 4147 accedendi
2555 4075 2646 4147 ad
2696 4075 2947 4148 Sedem
3002 4072 3183 4164 Apo-

560 4212 598 4253 »
639 4186 996 4276 stolicam,
1070 4187 1273 4259 cuius
1335 4186 1478 4257 iam
1528 4184 1956 4258 ordinationi
2018 4204 2263 4260 omnes
2328 4187 2733 4261 immediate
2802 4190 3183 4259 censentur

561 4321 599 4362 ι
637 4295 920 4386 subiici,
978 4296 1397 4389 generaliter
1446 4296 1538 4369 ad
1586 4294 1974 4390 Episcopos
2022 4316 2169 4370 una
2231 4317 2389 4371 cum
2440 4299 2836 4372 iuramento
2887 4302 3184 4370 extensa

566 4433 604 4474 ν
647 4405 808 4479 luit.
852 4432 890 4476 ν

707 4518 826 4590 38.
886 4519 1110 4611 Super
1157 4519 1318 4609 hac,
1373 4539 1589 4613 quam
1640 4523 2122 4613 exposuimus,
2176 4522 2540 4594 doctorum
2591 4522 2923 4615 opinione
2973 4519 3185 4594 liceat

568 4631 773 4705 nobis
825 4633 1062 4723 aliqua
1114 4633 1422 4725 benigno
1474 4637 1711 4707 lectori
1766 4636 2225 4709 diiudicanda
2276 4654 2692 4729 proponere.
2737 4635 2884 4707 Duo
2930 4636 3046 4706 bic
3079 4632 3191 4704 di-
