3497 5235
567 240 679 315 ⁰⁸!-
703 240 775 299 11.
818 241 890 298 D·
925 239 1191 316 Episcopo,
1229 239 1640 315 Δι’ὐίηἰιοοιιο,
1677 182 1907 298 Primat-
1947 240 2004 298 ct
2043 239 2373 299 Patr-iareb&
2419 238 2473 312 ἓ.
2501 239 2553 297 4.
2770 237 2886 301 231

279 401 312 445 ›
338 377 500 468 leges
545 375 1109 465 corroborentur,
1150 382 1253 463 et,
1300 393 1487 465 quae
1541 393 1815 447 morum
1870 375 2271 469 corruptela
2308 392 2492 467 pene
2527 373 2895 448 obsoleve-

277 513 308 559 »
336 495 503 574 runt,
555 488 1010 561 revirescant.
1048 512 1086 557 ›

393 599 536 670 170.
590 594 783 670 Haec
831 599 1189 672 rationum
1230 604 1590 670 momenta
1625 600 1882 670 mirum
1922 605 2275 689 quantum
2313 604 2712 689 augescunt
2743 597 2882 670 hoc

272 715 557 802 tempore,
598 728 742 800 quo
777 715 980 783 tauta
1034 712 1132 784 rei
1185 729 1432 783 sacrae
1482 716 1555 782 et
1605 710 1833 781 civilis
1885 711 2251 781 conversio
2305 708 2492 781 facta
2546 715 2682 796 est,
2741 726 2894 780 mo-

267 840 517 911 rumque
565 822 1022 911 antiquorum
1077 823 1151 892 in
1204 822 1408 913 peius
1445 821 1932 893 commutatio.
1972 818 2325 908 Ceterum,
2368 838 2452 892 eo
2488 819 2669 892 duce
2705 816 2892 892 Pon-

267 932 440 1021 tifice,
493 935 562 1005 in
612 934 802 1007 hanc
855 935 998 1007 iere
1048 937 1488 1009 sententiam
1542 935 1614 1006 S.
1652 932 1730 1005 C.
1790 934 2117 1008 rescribit
2170 935 2254 1006 iis
2306 931 2706 1025 EpiscopiS‚
2758 933 2883 1023 qui

266 1053 603 1118 causantur
653 1046 1086 1119 celebratum
1142 1047 1590 1136 synodalium
1646 1045 2088 1118 decretorum
2132 1065 2416 1137 corpuS‚
2474 1063 2616 1135 quo
2669 1065 2710 1116 a
2763 1046 2891 1118 de-

264 1171 492 1229 cessore
540 1157 785 1248 aliquo
837 1157 1181 1230 dioecesis
1245 1158 1381 1230 sibi
1438 1159 1846 1230 concredita
1915 1159 2056 1229 iam
2117 1165 2305 1230 retro
2358 1158 2586 1230 ditata
2640 1157 2882 1230 fuerit.

260 1261 459 1356 Neque
508 1269 700 1341 enim
755 1285 1048 1340 necesse
1101 1275 1236 1357 est,
1295 1287 1483 1361 quae
1534 1268 1721 1340 bene
1773 1276 2046 1343 statuta
2098 1276 2295 1356 sunt,
2353 1268 2759 1341 rescindere
2810 1275 2886 1342 et

259 1379 624 1468 antiquare,
685 1380 903 1451 veluti
944 1380 1487 1471 sapientissime
1541 1386 1782 1451 monet
1852 1380 2191 1452 laudatus
2243 1377 2615 1465 Pontifex,
2673 1397 2888 1469 quem

258 1491 575 1564 consulere
630 1493 894 1584 poterit
944 1494 1382 1583 quicumque
1435 1492 1640 1583 plum
1694 1493 1770 1564 in
1821 1492 1958 1564 hoc
1992 1492 2082 1564 de
2119 1490 2424 1583 Synodis
2460 1501 2884 1583 argumento

256 1597 598 1675 desiderat.

366 1712 457 1784 Ad
507 1715 699 1789 banc
749 1713 1196 1807 Synodorum
1266 1718 1637 1792 materiam
1701 1718 2074 1810 aptissime
2144 1694 2425 1792 faciunt'
2489 1719 2886 1792 nonnullae

252 1819 308 1894 S.
337 1821 400 1895 C.
436 1824 646 1898 Cone.
706 1828 1257 1916 declarationeS,
1315 1847 1498 1918 quas
1548 1828 1990 1903 omittendas
2040 1849 2184 1901 non
2235 1830 2699 1903 arbitramur.

366 1942 503 2015 «S.
542 1943 623 2016 C.
682 1946 1095 2037 respondit,
1161 1963 1370 2038 posse
1432 1941 1863 2036 Episcopum
1927 1943 2001 2014 in
2064 1941 2255 2013 dicto
2326 1940 2589 2032 oppido
2656 1936 2885 2036 (quod

251 2078 279 2119 ν
305 2055 497 2129 sitnm
531 2066 695 2132 erat
732 2061 804 2130 in
842 2059 1120 2131 ambitu
1156 2057 1599 2148 dioeceseos)
1634 2056 2134 2127 dioecesanam
2183 2053 2549 2146 Synodum
2589 2072 2884 2145 congre-

250 2187 279 2233 »
310 2186 480 2258 gare,
518 2169 654 2242 sed
690 2172 921 2243 satius
946 2188 1129 2257 esse,
1165 2177 1242 2242 ut
1281 2170 1473 2240 illam
1512 2168 1704 2259 apud
1740 2186 1949 2238 suam
1976 2167 2462 2240 cathedralem
2493 2168 2882 2240 celebret.»

244 2282 543 2358 Acernen.
592 2287 715 2357 17.
751 2282 911 2357 Maii
958 2285 1172 2356 1636.
1214 2280 1382 2379 (lib.
1419 2281 1535 2356 15.
1569 2283 1825 2357 decret.
1859 2303 1940 2375 p.
1971 2281 2140 2355 355.
2143 2279 2215 2379 ).
2258 2279 2461 2356 Idem
2497 2282 2887 2355 dicendum

241 2398 702 2470 esse-videtur
755 2396 844 2468 de
896 2395 1203 2486 Synodis
1259 2394 1844 2487 provincialibuS,
1903 2396 2193 2485 quasin
2232 2397 2473 2485 aliqua
2512 2415 2599 2467 ex
2639 2394 2887 2467 cathe-

185 2542 192 2571 s
239 2502 522 2579 dralibus
572 2508 1051 2599 suffraganeis
1105 2508 1350 2580 baberi
1396 2525 1598 2600 posse
1636 2508 2174 2579 demonstratur
2207 2507 2533 2599 exemplo
2570 2507 2889 2600 plurium

236 2612 674 2691 conciliorum
712 2621 1284 2710 provincialium,
1317 2638 1505 2709 quae
1540 2619 1809 2691 ultimis
1842 2617 2040 2692 hisce
2069 2620 2512 2712 temporibus
2547 2622 2622 2692 in
2653 2616 2889 2691 Gallia

235 2730 556 2805 celebrata
589 2739 791 2805 sunt.
813 2729 1182 2804 Praeterea
1213 2731 1372 2803 vide
1394 2727 1966 2803 Bened.X1V.de
1990 2733 2159 2821 Syn.
2179 2732 2396 2804 dioec.
2416 2731 2877 2803 l.l.c.5.n.3.

355 2846 514 2916 171.
567 2845 768 2917 Alias
820 2845 1260 2936 propositum
1311 2853 1421 2917 est
1473 2843 1824 2915 dubium:
1901 2866 1940 2911 ‹
1988 2844 2089 2915 An
2142 2841 2463 2917 Vicarius
2515 2841 2884 2916 Generalis

234 2976 263 3018 ›
293 2957 528 3044 possit,
589 2953 945 3046 Episcopo
982 2955 1311 3038 absente,
1345 2956 1709 3046 Synodum
1748 2956 2246 3028 dioecesanam
2282 2972 2743 3047 congregare,
2785 2955 2888 3026 ita

231 3085 261 3129 ›
293 3073 359 3138 ut
391 3068 950 3140 constitutiones
989 3068 1060 3137 in
1097 3085 1180 3139 ea
1219 3067 1459 3138 editae
1492 3067 1639 3139 sint
1674 3060 2216 3139 observandae?
2263 3068 2337 3138 S.
2370 3064 2446 3136 C.
2480 3066 2882 3157 respondit:

228 3172 426 3249 >Non
489 3179 819 3269 potuisse
872 3176 1150 3267 absque
1199 3178 1493 3268 speciali
1549 3179 1892 3250 mandato
1944 3174 2304 3270 Episcopi,
2364 3194 2450 3252 ac
2502 3184 2881 3267 propterea

225 3292 837 3365 »constitutiones
887 3292 962 3361 in
1015 3287 1329 3380 synode,
1390 3298 1469 3362 ut
1521 3290 1970 3380 proponitur,
2014 3288 2265 3374 lactaS‚
2308 3305 2464 3359 esse
2520 3289 2672 3379 ipso
2725 3287 2877 3358 iure

222 3422 254 3463 ι
287 3404 540 3474 nullas.
591 3398 703 3494 (4.
747 3400 914 3474 Dec.
961 3403 1176 3473 1655.
1221 3420 1306 3473 cx
1353 3401 1481 3472 lib.
1522 3402 1639 3471 19.
1681 3402 1948 3472 decret.
1996 3418 2161 3491 pag.
2196 3400 2367 3472 543.
2413 3400 2609 3491 apud
2659 3395 2893 3470 Bene-

219 3533 251 3576 »
282 3513 543 3586 dictum
593 3511 782 3585 xlv.
824 3515 910 3586 de
949 3516 1122 3605 Syn.
1164 3514 1382 3586 dioec.
1445 3511 1571 3583 lib.
1614 3513 1687 3582 3.
1739 3531 1901 3603 cap.
1945 3510 2083 3608 8.).
2120 3538 2158 3580 ι»

340 3649 378 3694 ›
416 3627 492 3697 S.
550 3625 634 3698 C.
694 3627 1017 3712 censuit,
1081 3624 1428 3697 abbatem
1501 3641 1645 3694 non
1716 3641 1924 3714 posse
1980 3642 2411 3715 congregare
2482 3622 2876 3715 Synodum,

214 3756 246 3797 ι
280 3739 615 3825 quamvis
667 3736 935 3810 habeat
987 3737 1548 3809 iurisdictionem
1598 3734 2365 3828 quasi-episcopalem,
2424 3735 2562 3805 nisi
2615 3733 2884 3806 babeat

215 3864 245 3908 ›
279 3851 494 3920 etiam
552 3851 668 3919 ius
702 3850 1180 3940 congregandi
1238 3847 1631 3940 Synodum,
1686 3847 1961 3920 scilicet
2009 3848 2543 3939 beneplacitum
2582 3847 2883 3940 Aposto-

209 3976 241 4022 ›
275 3958 490 4032 licum
547 3960 646 4030 ad
698 3959 832 4030 boc
890 3959 1100 4051 plane
1154 3977 1598 4032 concessum.
1642 3959 1930 4031 Nullius
1990 3961 2107 4031 17.
2157 3960 2333 4052 Aug.
2381 3961 2594 4032 1626.
2642 3984 2680 4026 ›

327 4067 776 4163 Episcopum
832 4071 905 4141 in
959 4068 1246 4161 Synodo
1301 4071 1730 4142 dioecesana
1783 4089 1908 4161 per
1942 4090 2021 4142 se
2057 4072 2608 4145 constitutiones
2643 4069 2878 4143 facere

199 4195 390 4266 posse
444 4183 737 4272 absque
789 4200 1147 4253 consensu
1185 4190 1256 4254 et
1292 4180 1812 4273 approbatione
1848 4185 2044 4270 cleri,
2085 4182 2596 4273 requirendum
2636 4190 2880 4254 tamen

196 4309 626 4366 consensum
673 4289 1007 4382 Capituli,
1067 4293 1230 4366 licet
1288 4294 1357 4365 id
1415 4312 1558 4365 non
1602 4301 1934 4366 teneatur
1968 4296 2168 4383 sequi
2207 4292 2628 4388 EpiscopuS‚
2672 4313 2883 4386 prae·-

195 4406 517 4494 terquam
582 4404 654 4475 in
709 4403 999 4476 casibus
1048 4424 1089 4475 a
1143 4405 1296 4476 iure
1347 4405 1750 4494 exp=·essiS,
1807 4404 1879 4476 S.
1922 4403 2000 4475 C.
2054 4408 2337 4479 censuit
2390 4406 2463 4476 in
2525 4405 2875 4498 Urqellen.

194 4514 396 4587 1581.
441 4511 620 4612 (tib.
653 4514 727 4588 3.
767 4514 1025 4589 decret.
1063 4534 1231 4608 paq.
1264 4513 1461 4612 BL).
1504 4511 1774 4586 Eodem
1816 4516 2022 4587 modo
2056 4516 2419 4608 rescripsit
2458 4518 2530 4589 in
2568 4518 2881 4609 Burqen.

191 4622 255 4695 5.
291 4622 438 4699 lul.
487 4627 716 4698 1627.
771 4625 937 4721 (lib.
982 4625 1100 4700 13.
1142 4629 1397 4700 decret.
1447 4647 1621 4722 paq.
1659 4624 1884 4724 267.)
1936 4636 2008 4701 et
2046 4629 2336 4720 saepius
2370 4628 2642 4703 Bened.
2680 4626 2880 4701 XIV.
