3497 5235
600 305 726 381 th.
744 307 816 364 11.
855 306 926 364 Do
966 305 1231 380 Epinoopo,
1249 306 1676 380 ‘Archiqinoopm
1713 304 1943 364 Prinne
1981 306 2039 365 οἱ
2077 304 2402 365 Putria-clu.
2441 308 2496 382 §-
2522 304 2574 364 ⁷.
2799 308 2919 371 255

419 464 454 508 ν
490 437 806 513 Uniones
855 440 1391 512 beneficiorum.

419 576 453 621 ›
491 549 902 623 Erectiones
953 552 1466 643 parochialium
1517 551 2058 641 beneficiorum,
2108 552 2595 646 cappellarum
2649 559 2722 627 et
2772 551 2931 627 fon-

296 688 328 732 »
360 664 442 735 tis
490 664 966 754 baptismalis.

419 799 453 844 ›
492 774 663 847 Acta
717 775 1200 866 cognitionum
1255 780 1762 866 patronatuum
1807 781 1954 847 tam
2008 774 2673 865 ecclesiasticorum,
2715 793 2934 866 quam

295 885 687 958 »laicorum
737 904 865 958 seu
918 887 1325 957 mixtorum.

417 1021 451 1066 ›
490 998 897 1090 scripturae
948 1004 1462 1069 concernentes
1514 999 2046 1072 exsecutionem
2109 1000 2729 1092 dispensationum
2783 1019 2934 1072 ma-

298 1107 854 1180 ›trimonialium
907 1115 979 1180 et
1033 1110 1333 1180 aliarum
1397 1107 1793 1182 Literarum
1853 1111 2439 1202 Apostolicorum.

419 1245 454 1288 ›
491 1217 977 1292 Remissiones
1052 1221 1680 1294 denuntiationum
1712 1274 1732 1311 ‚
1798 1223 2100 1296 divortia
2153 1230 2224 1296 et
2300 1224 2484 1296 aliae
2535 1225 2931 1316 scripturae

298 1353 330 1398 ›
361 1333 931 1403 matrimoniales.
1245 1350 1250 1359 ¹

421 1467 455 1512 ›
494 1440 1038 1533 Explorationes
1092 1442 1543 1515 voluntatum
1597 1445 2053 1533 novitiorum,
2112 1445 2443 1519 licentiae
2494 1445 2929 1537 profitendi,

300 1579 330 1620 ›
359 1560 423 1625 et
458 1555 636 1625 aliae
690 1553 905 1626 huius
941 1555 1222 1645 generis
1272 1556 1670 1647 scripturae
1707 1556 1799 1627 ad
1855 1560 2288 1632 monasteria
2326 1556 2737 1630 Monialium
2772 1575 2939 1649 spe-

302 1691 332 1732 »
364 1672 656 1738 etentes,

419 1802 453 1847 ›
495 1774 1089 1867 Interpositiones
1127 1778 1571 1852 auctoritatis
1608 1788 1678 1853 et
1714 1781 2082 1854 decretum
2120 1783 2191 1853 in
2241 1781 2772 1855 renuntiatione
2811 1796 2939 1851 no-

298 1913 330 1955 »
361 1890 705 1977 vitiorum,
747 1896 818 1960 et
853 1889 1156 1961 aliarum
1193 1906 1657 1981 personarum
1696 1890 1827 1963 fori
1865 1893 2318 1985 episcopaliS,
2352 1900 2425 1966 et
2459 1895 2938 1966 instrumenta

298 2023 330 2067 ›
362 1999 533 2072 dotis
582 1997 1027 2071 Monialium.

424 2139 459 2182 ›
496 2111 864 2186 Licentiae
916 2115 1306 2188 accedendi
1358 2115 1451 2187 ad
1505 2118 1935 2190 monasteria
1988 2114 2430 2207 Meuianum,
2472 2119 2653 2190 etin
2704 2136 2790 2190 ea
2825 2117 2938 2205 in-

305 2247 335 2291 ›
368 2224 747 2316 grediendi.

424 2363 459 2406 ›
495 2335 905 2427 Scripturae
941 2339 1497 2410 consecrationis
1525 2339 1895 2428 ecclesiae,
1929 2340 2291 2430 altarium,
2320 2342 2932 2429 coemeteriorum,

307 2470 867 2544 »campanarum
921 2459 993 2524 et
1043 2452 1478 2524 huiusmodi.

427 2589 461 2635 ι
499 2562 679 2637 Item
733 2564 1196 2657 professionis
1247 2566 1440 2638 fidei.

428 2702 462 2747 ›
499 2677 907 2769 Scripturae
959 2675 1404 2749 visitationis
1456 2673 1844 2749 Liminum.

427 2814 461 2859 ›
497 2788 908 2880 Scripturae
958 2789 1429 2861 ordinationis
1480 2797 1549 2862 et
1604 2790 2005 2862 collationis
2056 2790 2483 2862 chrismatis.

430 2925 465 2969 ν
500 2899 875 2973 Monitoria
929 2901 1020 2972 ad
1073 2901 1288 2973 finem
1347 2902 1825 2973 revelationis.

429 3037 464 3081 ν
507 3013 1071 3106 Approbationes
1124 3012 1714 3085 confessariorum
1770 3021 1841 3085 et
1892 3021 2322 3085 curatorum.

432 3149 469 3190 »
506 3121 961 3195 Dimissoriae
1014 3132 1085 3195 et
1123 3125 1746 3197 commendatitiae
1786 3126 2113 3197 licentiae
2152 3142 2276 3215 pro
2330 3122 2685 3217 parochi5‚
2730 3138 2946 3193 cano-

282 3258 322 3301 »
365 3234 534 3306 nicis
583 3242 653 3307 et
706 3236 866 3306 aliis
901 3236 1175 3308 clericis
1225 3236 1642 3310 discedendi
1678 3256 1719 3308 a
1772 3235 2219 3308 dioecesibus
2255 3254 2414 3308 cum
2470 3234 2693 3307 literis
2745 3233 2946 3305 testi-

279 3369 319 3412 »
363 3346 814 3417 monialibus.

427 3484 465 3524 »
503 3455 911 3547 Scripturae
964 3458 1339 3530 erectionis
1391 3465 1463 3531 et
1516 3458 1988 3530 institutionis
2038 3458 2430 3530 seminarii.

426 3594 463 3637 »
506 3566 910 3640 Locationis
961 3576 1033 3641 et
1083 3570 1568 3664 emphyteusis
1619 3570 1966 3642 honorum
2015 3572 2469 3663 episcopatus
2520 3575 2591 3643 et
2644 3568 2948 3640 aliorum

264 3704 308 3750 ›
352 3681 1025 3754 ecclesiasticorum.

429 3817 467 3860 ›
506 3790 578 3865 S.
620 3791 696 3864 C.
737 3793 1218 3866 cardinalium
1270 3791 1482 3865 Conc.
1524 3790 1716 3864 Trid.
1756 3790 2234 3885 Interpretum
2290 3794 2593 3880 censuit,
2644 3793 2951 3882 scriptu-

255 3933 298 3975 »
343 3925 482 3978 ras
529 3907 859 3997 superius
903 3926 1305 3998 expressas,
1346 3926 1429 3977 ac
1481 3907 1539 3976 si
1581 3924 1765 3995 quae
1819 3907 2001 3978 aliae
2037 3915 2325 3997 rogatae
2365 3906 2627 3977 fuerint
2674 3924 2712 3973 a
2767 3901 2951 3974 Can-

247 4044 290 4089 »
337 4017 645 4092 cellario
697 4020 1116 4110 episcopali,
1159 4025 1525 4108 tamquam
1566 4018 1995 4090 cancellario
2048 4019 2238 4089 illius
2280 4018 2522 4090 curiae
2576 4033 2951 4086 asservan-

238 4156 283 4201 ›
329 4132 491 4204 das
540 4148 699 4201 esse
752 4131 826 4201 in
880 4131 1308 4202 cancellaria
1363 4131 1586 4217 ipsius
1637 4127 1995 4220 Episcopi.
2052 4128 2307 4201 Datum
2360 4126 2628 4200 Romae
2681 4128 2756 4198 9.
2814 4124 2951 4197 De-

233 4268 277 4314 »
325 4241 626 4316 cembr.
675 4242 889 4312 1626.
933 4266 971 4308 ⁷>
1015 4238 1074 4311 l.
1115 4240 1326 4314 Card.
1366 4243 1438 4313 S.
1482 4239 1882 4313 Susannae.

401 4353 594 4425 228.
635 4349 1006 4424 Hactenus
1041 4353 1130 4426 de
1169 4355 1392 4444 prima
1433 4354 1914 4445 propositione
1943 4372 2203 4425 causae
2241 4352 2412 4425 anni
2449 4354 2695 4440 1626.;
2740 4352 2951 4425 modo

222 4468 328 4544 de
392 4464 588 4553 alia,
629 4481 819 4555 quae
873 4466 1106 4538 locum
1170 4465 1426 4538 habuit
1478 4484 1666 4536 anuo
1724 4464 1937 4534 1825.
1998 4482 2326 4553 quaeque
2381 4465 2483 4536 sic
2528 4471 2678 4536 est:
2740 4487 2778 4531 ‹
2820 4466 2955 4538 Ro-

224 4596 499 4656 mana
536 4600 574 4646 »
635 4597 674 4643 ‹
713 4572 986 4650 Institit
1022 4575 1114 4648 R.
1139 4576 1218 4649 P.
1245 4575 1613 4668 1).10seph
1655 4574 1964 4668 Ugolini‚
2004 4573 2406 4674 Praefectus
2445 4577 2947 4664 archiviorum,

222 4722 268 4770 ι
315 4691 436 4769 ad
503 4688 845 4762 evitanda
896 4689 1240 4762 scandala
1286 4695 1359 4761 et
1408 4691 1924 4762 controversias
1976 4690 2162 4760 iuter
2199 4685 2588 4783 Episcopus
2641 4695 2714 4760 et
2765 4705 2954 4759 com-
