3497 5235
591 375 708 443 430
1336 375 1704 440 humationi·
1745 380 1801 439 8.·
1828 378 2009 455 congr.
2038 380 2181 439 Oeno.
2226 372 2496 456 expo-itio.

592 512 930 587 plentina
967 512 1375 586 Praedicat.
1423 515 1538 584 14.
1575 516 1771 606 Sept.
1819 516 2064 607 1748„
2098 516 2172 588 in
2209 535 2350 606 qua
2388 514 2832 607 praepositus
2864 510 3239 585 Pientinae

592 626 1020 699 cathedralis
1085 625 1420 699 ecclesiae
1481 628 1879 718 parochus,
1946 634 2026 700 ut
2077 646 2152 700 se
2203 627 2293 700 ab
2346 625 2714 718 Evangelii
2768 624 3268 716 explicatione.

589 738 968 828 liberaret,
1028 738 1325 832 urgebat
1379 758 1805 812 «sacrorum
1861 758 2214 811 canonum
2268 739 2785 831 apertissimam
2839 738 3241 828 dispositio·

596 876 633 921 ›
677 871 864 939 nem,
923 870 1064 941 qua
1117 858 1404 924 cautum
1460 858 1592 941 est,
1649 860 1727 924 ut
1779 850 2174 944 Episcopus
2225 870 2351 944 per
2403 870 2477 924 se
2530 853 2763 943 ipsum
2800 869 3061 922 munus
3112 849 3239 922 hoc

596 965 969 1057 »implere
1038 968 1410 1053 teneatur3
1468 964 1771 1053 ideoque
1844 983 1985 1036 non
2038 981 2243 1056 posse
2311 964 2657 1055 parochos
2725 963 3239 1035 cathedralium

598 1103 637 1149 ιν
676 1096 904 1170 poena
958 1078 1444 1167 suspensionis
1496 1096 1536 1148 a
1589 1077 1850 1149 divinis
1902 1077 2255 1168 compelli,
2312 1082 2393 1148 ut
2445 1076 2516 1149 id
2568 1081 2784 1167 agant
2835 1075 3036 1148 sestis
3097 1074 3242 1148 die-

599 1215 638 1261 »
677 1189 857 1277 buS,
915 1188 1179 1279 quibus
1247 1186 1641 1280 Episcopus
1694 1189 1766 1260 in
1836 1189 2225 1261 cathedrali
2302 1207 2642 1280 praesens
2707 1206 2861 1260 esse
2920 1186 3236 1260 debet.»

596 1297 852 1392 Itaque
907 1301 992 1372 ad
1051 1320 1195 1373 rem
1249 1302 1754 1373 concinnatum
1806 1309 1949 1391 est,
2007 1300 2197 1391 quod
2248 1302 2601 1391 sequitur,
2659 1299 2997 1372 dubium:
3060 1322 3098 1364 α
3145 1297 3242 1370 An

597 1441 635 1484 ι»
676 1415 1029 1506 parochus
1081 1415 1152 1485 in
1204 1414 1501 1487 ecclesia
1555 1413 1946 1485 cathedrali
1998 1411 2325 1487 Pientina
2370 1419 2703 1487 teneatur
2752 1410 3012 1484 diebus
3045 1410 3242 1483 festis

594 1554 633 1597 ι
673 1529 744 1601 in
798 1533 961 1599 actu
1015 1525 1510 1598 celebrationis
1562 1523 1819 1598 Missae
1871 1527 2299 1617 parochialis
2351 1526 2443 1599 ad
2494 1523 2865 1617 Evangelii
2933 1524 3247 1615 explica-

590 1665 628 1708 »
668 1641 927 1712 tionem
968 1639 1041 1709 in
1078 1633 1295 1710 casu?
1328 1664 1364 1708 »
1420 1637 1511 1712 Et
1562 1637 1720 1710 Emi
1757 1637 2004 1711 Patres
2041 1639 2590 1730 rescripserunt:
2635 1661 2673 1704 ι
2710 1636 3239 1710 Affirmative›.

585 1747 785 1824 Idem
837 1750 1332 1853 confirmatum
1385 1750 1519 1823 suit
1570 1752 1841 1824 Lunen.
1883 1753 2278 1824 Sorzanen.
2322 1750 2730 1823 Praedicat.
2788 1751 2905 1823 die
2963 1750 3081 1821 18.
3128 1747 3247 1822 Se-

584 1861 892 1954 ptembr.
933 1863 1178 1951 1828„
1219 1865 1292 1935 in
1344 1881 1487 1953 qua
1541 1872 1786 1936 contra
1821 1861 2153 1956 Episcopi
2191 1865 2552 1937 decretum
2593 1865 2945 1952 canonici,
2981 1863 3243 1954 quibus

584 1977 813 2049 inerat
863 1975 1252 2048 habitualis
1303 1975 1702 2049 animarum
1758 1995 1956 2064 cura,
1997 1978 2253 2049 acriter
2306 1974 2865 2064 contendebant,
2923 1975 3109 2048 duos
3148 1977 3243 2047 vi·

583 2089 809 2163 carios
861 2087 950 2159 ad
1006 2096 1257 2160 nutum
1309 2106 1552 2160 eorum
1606 2087 2021 2159 amoribiles
2074 2107 2218 2161 non
2273 2089 2497 2161 teneri
2552 2088 2807 2161 diebus
2860 2085 3240 2161 Dominicis

589 2203 892 2292 aliisque
945 2201 1143 2274 festis
1178 2202 1268 2273 ad
1322 2203 1663 2295 populum
1715 2220 1931 2293 super
1981 2200 2370 2291 Evangelio
2423 2202 2845 2293 explicando
2884 2202 3107 2275 verba
3144 2202 3239 2274 fa-

593 2333 751 2387 cere
802 2334 886 2387 ea
939 2315 1028 2387 de
1079 2335 1321 2401 causa,
1363 2316 1554 2406 quod
1607 2317 1680 2387 in
1734 2316 2266 2389 cathedralibus
2316 2317 2728 2389 huiusmodi
2764 2335 3030 2388 munus
3081 2313 3240 2408 Epi-

588 2428 822 2518 scopis
875 2426 1311 2518 inhaereret,
1370 2436 1439 2502 et
1492 2429 1905 2519 ceteroquin
1958 2430 2028 2500 in
2085 2428 2477 2502 cathedrali
2527 2428 2956 2502 Sarzanensi
3010 2447 3236 2520 neque

586 2539 938 2627 canonici,
997 2558 1230 2630 neque
1284 2541 1521 2612 vicarii
1575 2541 1722 2612 ullo
1772 2559 2091 2631 unquam
2152 2548 2461 2633 tempore
2499 2541 2573 2612 id
2607 2542 2846 2614 oneris
2882 2540 3238 2633 implevis-

585 2659 771 2725 sent.
830 2648 1085 2742 Itaque
1139 2672 1350 2725 causa
1403 2653 1537 2726 sub
1592 2653 1730 2740 hac
1779 2654 1979 2727 dubii
2032 2653 2335 2725 formula
2387 2655 2783 2746 disceptata
2820 2661 2973 2726 est:
3038 2653 3224 2738 «An,

590 2789 627 2833 »
666 2771 738 2837 et
789 2763 880 2836 ad
916 2782 1126 2854 quem
1163 2770 1438 2857 spectet
1473 2767 1851 2857 explicatio
1902 2763 2270 2857 Evangelii
2308 2766 2561 2839 dicbus
2599 2767 2800 2838 restis
2837 2768 2909 2837 in
2948 2765 3233 2839 ecclesia

587 2899 626 2946 ›
666 2877 1055 2950 cathedrali
1094 2878 1166 2950 in
1203 2875 1419 2950 casu?
1452 2903 1489 2948 ›
1532 2876 1603 2949 S.
1637 2875 1711 2949 C.
1755 2878 2148 2968 rescripsit:
2196 2900 2232 2944 «
2263 2877 2691 2952 Affirmative
2719 2880 2810 2951 ad
2846 2879 3226 2951 vicarios».

733 2992 900 3066 315.
958 2987 1400 3081 Quamquam
1441 2990 1701 3063 alicubi
1759 2992 1829 3063 in
1883 3010 2074 3064 more
2113 2991 2407 3064 tortasse
2445 2993 2751 3085 positum
2789 2994 2909 3079 sit,
2950 2998 3033 3064 ut
3069 2998 3232 3063 tem·

584 3122 756 3197 pore
814 3103 1176 3177 Adventus
1227 3111 1298 3176 et
1346 3100 1944 3195 Quadragesimae
1998 3104 2073 3174 in
2125 3104 2273 3175 sola
2325 3106 2615 3178 matrice
2655 3111 2778 3177 aut
2814 3103 2955 3175 alia
2995 3101 3228 3193 quavis

586 3215 885 3288 ecclesia
940 3217 1374 3306 praedicatio
1426 3215 1625 3288 verbi
1678 3216 1897 3288 divini
1954 3216 2530 3307 administretur,
2587 3237 2732 3290 non
2785 3216 2949 3290 ideo
3002 3223 3229 3288 tamen

585 3330 892 3424 parocho
943 3331 1267 3402 interdici
1320 3338 1602 3420 posset,
1677 3336 1755 3401 ut
1809 3348 2017 3402 mane
2078 3331 2230 3420 ipse
2284 3333 2497 3403 etiam
2551 3331 2847 3403 verbum
2920 3329 3230 3402 divinum

582 3442 993 3533 praedicare
1045 3443 1412 3533 suscipiat.
1471 3440 1582 3514 Ita
1634 3442 1987 3532 siquidem
2041 3442 2114 3513 in
2168 3443 2583 3516 Florentino
2641 3444 2755 3514 16.
2813 3437 2976 3512 Ian.
3023 3439 3223 3511 1697.

583 3573 626 3624 a
678 3551 751 3625 S.
794 3551 867 3625 C.
909 3552 1120 3625 Conc.
1177 3553 1620 3626 declaratum
1673 3554 1927 3645 fuisse,
1987 3560 2288 3627 testatur
2338 3551 2773 3627 Monacellus
2829 3553 3064 3625 Form.
3101 3552 3226 3645 leq.

585 3663 675 3741 P.
718 3668 775 3738 Ι.
817 3668 928 3740 tit.
976 3665 1093 3739 40.
1133 3667 1346 3757 form.
1396 3667 1512 3741 18.
1555 3687 1628 3740 η.
1671 3666 1743 3738 A.

735 3779 904 3850 316.
964 3775 1266 3869 Disquiri
1323 3787 1563 3852 tamen
1618 3799 1656 3852 e
1708 3787 1953 3852 contra
2007 3786 2272 3871 posset,
2330 3799 2423 3852 an
2476 3780 2765 3872 parochi
2819 3781 2912 3853 ad
2968 3776 3237 3853 concio·

590 3891 908 3964 nandum
963 3894 1036 3961 in
1090 3891 1418 3964 Adventu
1471 3900 1540 3964 et
1591 3889 2145 3985 Quadragesima
2193 3891 2381 3984 adigi
2417 3894 2717 3984 possint,
2753 3891 3039 3984 quando
3073 3906 3238 3962 con-

592 4005 811 4078 traria
867 4004 1051 4077 adsit
1103 4004 1567 4077 consuetudo.
1624 4002 1775 4088 Qua
1828 4023 2041 4098 super
2094 4025 2165 4078 re
2219 4026 2258 4077 a
2310 4005 2636 4097 parochis
2686 4003 2991 4078 Pisanae
3050 4003 3240 4075 dioe-

593 4117 773 4192 cesis
826 4118 898 4189 S.
940 4115 1013 4189 C.
1055 4114 1129 4188 C.
1188 4118 1510 4206 quaestio
1561 4117 1979 4189 resolvenda
2034 4120 2392 4209 proposita
2437 4136 2575 4189 non
2616 4119 2711 4190 ita
2751 4118 3019 4208 pridem
3056 4113 3236 4185 fuit:

597 4252 635 4297 α
676 4227 923 4302 Utrum
977 4228 1292 4321 parochi,
1352 4231 1425 4303 in
1481 4248 1781 4320 quorum
1836 4230 2149 4302 ecclesiis
2200 4237 2517 4321 ternpore
2557 4229 2921 4302 Adventus
2956 4236 3024 4300 et
3055 4223 3251 4307 Qua-

594 4364 633 4411 ›
676 4342 1115 4433 dragesimae
1168 4341 1526 4415 habentur
1577 4361 1820 4414 sacrae
1872 4342 2247 4416 conciones
2298 4361 2425 4432 per
2474 4358 2862 4436 praecones
2912 4339 3001 4411 ab
3036 4334 3255 4409 Ordi-

594 4476 631 4520 »
674 4457 871 4525 nario
924 4454 1379 4545 approbatos,
1437 4454 1649 4527 soluti
1702 4454 1847 4527 sint
1900 4454 2332 4545 obligatione
2382 4456 2456 4526 in
2510 4451 2765 4526 Missae
2816 4449 3254 4545 parochialis

592 4586 631 4632 :v
670 4564 1150 4639 celebratione
1203 4568 1604 4658 explicandi
1642 4561 2160 4658 EvangeliumZ
2192 4594 2226 4633 ν
2273 4568 2356 4638 At
2392 4584 2555 4639 vero
2593 4566 3055 4640 controversia
3086 4562 3257 4634 alio

591 4675 725 4746 sub
781 4685 1071 4766 aspectu
1127 4680 1198 4749 in
1252 4677 1414 4750 folio
1468 4678 1556 4750 de
1598 4695 1786 4750 more
1823 4685 2112 4751 exarato
2147 4676 2342 4750 Eritis
2376 4675 2708 4752 Patribus
2743 4675 3253 4761 objiciebatur,

596 4805 692 4860 an
743 4787 1068 4860 videlicet
1120 4789 1333 4861 iidem
1383 4789 1566 4863 sacri
1615 4809 2005 4882 praecones
2047 4792 2459 4885 praedicare
2510 4791 3062 4885 intelligerentur
3094 4802 3260 4878 pro
