3497 5235
617 314 727 377 tot
1362 314 1733 376 luuh-uotiuis
1773 314 1828 374 8.
1859 314 2042 391 Oongr.
2071 315 2217 376 σου.
2255 314 2534 393 expositio.

555 441 563 457 ’
610 449 1019 522 charistiam
1055 450 1551 540 exponendam
1585 449 1950 542 probaret,
1990 450 2102 522 his
2134 449 2371 524 verbis
2405 450 2521 523 die
2555 450 2674 522 17.
2709 448 3007 540 Augusti
3039 450 3256 522 1675.

612 562 706 635 ad
753 561 953 633 illum
1003 561 1372 652 respondit
1425 556 1547 658 (In
1584 562 1775 634 Actis
1812 581 1873 634 c.
1908 560 1952 633 7
1964 616 1979 632 .
1982 556 2079 657 ).·
2137 585 2173 628 «
2213 560 2464 636 Utrum
2515 580 2715 634 sacra
2751 558 3083 651 Mysteria
3136 579 3264 652 per

612 698 651 741 »
688 672 1009 764 singulos
1058 669 1460 744 Dominicos
1510 673 1663 745 dies
1719 673 1957 766 palam
2011 673 2417 746 exhibenda
2468 674 2639 763 sint,
2694 673 2877 745 serio
2911 672 3259 763 perpendi

614 811 652 855 ›
690 784 933 873 debet,
990 791 1377 875 antequam
1431 784 1890 857 deliberetur.
1946 781 2031 857 Id
2066 787 2255 857 enim
2291 805 2437 857 non
2472 803 2751 877 semper
2786 783 2931 857 Deo
2968 783 3263 876 gloriam

612 921 650 966 ›
689 897 920 985 affert,
974 896 1380 989 populoque
1432 897 1843 969 utilitatem.
1884 921 1921 966 »
1976 894 2180 970 Hanc
2232 897 2604 988 epistolam
2657 894 3061 969 Dominicus
3094 892 3266 967 Ber-

609 1007 826 1081 ninus
860 1009 1160 1080 inseruit
1195 1005 1589 1080 Cardinalis
1627 1009 1841 1097 vitae,
1875 1027 2092 1099 quam
2128 1009 2202 1081 in
2241 1008 2471 1080 lucem
2509 1007 2760 1080 edidit.
2800 1005 2983 1079 Civis
3019 1013 3265 1079 autem

606 1126 849 1193 noster
903 1120 1250 1191 Antonius
1287 1117 1741 1211 AlbergatuS‚
1800 1121 2002 1192 Sedis
2041 1120 2482 1212 Apostolicae
2534 1117 2872 1208 NuntiuS,
2922 1138 3081 1192 cum
3137 1138 3267 1211 pa-

606 1231 855 1305 rochos
890 1232 1197 1304 civitatis
1234 1250 1316 1304 ac
1349 1230 1694 1304 dioecesis
1729 1229 2149 1314 Leodiensis
2191 1232 2627 1320 institueret,
2682 1233 2783 1304 ita
2836 1231 3059 1304 libere
3094 1233 3268 1304 scri-

601 1344 745 1437 psit
795 1339 919 1440 (In
972 1345 1149 1417 actis
1203 1344 1632 1417 visitationis
1687 1364 1863 1416 ann.
1909 1343 2120 1418 1613.
2170 1365 2340 1438 paq.
2380 1340 2599 1441 29.).·
2657 1368 2693 1411 «ι
2733 1341 2954 1416 Multo
3006 1344 3265 1417 melius

605 1478 646 1522 »
687 1460 821 1545 est,
860 1461 942 1527 ut
978 1473 1124 1527 non
1175 1454 1273 1526 ita
1328 1454 1741 1544 frequenter
1794 1462 2217 1549 exponatur,
2259 1463 2329 1528 et
2377 1463 2551 1529 tunc
2587 1476 2746 1528 cum
2783 1456 3025 1529 debita
3062 1474 3265 1529 reve-

607 1590 645 1634 »
683 1568 943 1655 tentia,
1000 1585 1245 1657 quam,
1301 1572 1383 1639 ut
1435 1565 1912 1657 frequentiuS,
1952 1574 2023 1641 et
2074 1570 2229 1640 sine
2266 1568 2508 1642 debito
2543 1568 2886 1659 obsequio
2939 1575 3008 1641 et
3062 1587 3266 1641 reve-

605 1701 644 1744 »
684 1678 958 1750 rentiae
1010 1676 1527 1769 significatione
1580 1679 1654 1751 id
1707 1679 1859 1767 fiat,
1916 1685 1996 1751 ut
2048 1699 2209 1752 cum
2256 1686 2499 1752 nostra
2535 1682 2755 1755 animi
2788 1683 3261 1755 commotione

604 1812 662 1892 ν.
685 1788 927 1862 multis
976 1789 1051 1862 in
1103 1789 1276 1861 locis
1326 1790 1586 1881 exponi
1638 1790 1947 1864 vidimus
2000 1798 2069 1863 et
2123 1792 2553 1865 invenimus,
2598 1817 2636 1861 ›

750 1902 821 1973 8.
879 1899 1022 1974 Nos
1073 1920 1248 1973 sane
1293 1901 1426 1975 hoc
1461 1902 1746 1994 negotio
1780 1902 2127 1994 implicari
2165 1903 2526 1993 nolumuS,
2567 1923 2708 1995 quo
2743 1924 2910 1998 pars
2950 1912 3265 1996 utraque

602 2013 783 2085 nihil
834 2013 1031 2087 aliud
1083 2013 1481 2103 contendit,
1536 2015 1676 2087 nisi
1731 2020 1809 2086 ut
1847 2015 2085 2087 cultus
2119 2014 2406 2089 divinae
2442 2014 2933 2090 Eucharistiae
2968 2017 3267 2091 debitus

602 2131 976 2218 augeatur.
1013 2124 1349 2198 Attamen
1384 2127 1521 2199 iuri
1556 2127 1898 2200 canonico
1933 2127 2395 2201 inhaerentes
2429 2134 2693 2203 certam
2729 2137 3013 2203 nostrae
3064 2130 3262 2218 urbi,

600 2257 684 2311 ac
734 2238 1040 2310 dioecesi
1093 2239 1168 2310 in
1220 2237 1357 2310 hac
1408 2257 1482 2310 re
1536 2257 1858 2313 normam
1912 2240 2248 2312 constitui
2300 2257 2507 2331 posse
2559 2241 3014 2315 arbitramur.

744 2352 818 2422 9.
859 2347 1212 2439 Universi,
1255 2351 1378 2441 qui
1413 2350 1546 2423 hoc
1582 2358 2085 2443 argumentum
2124 2356 2678 2443 pertractarunt,
2719 2359 3077 2442 asserunt,
3114 2350 3271 2427 Eu-

598 2462 978 2536 charistiae
1031 2463 1566 2536 Sacramentum
1619 2463 1907 2556 publice
1962 2466 2218 2556 exponi
2289 2483 2432 2536 non
2482 2483 2720 2557 posse,
2775 2465 2914 2538 nisi
2965 2465 3261 2559 publica

599 2593 818 2649 causa
870 2574 1296 2664 intercedat,
1335 2593 1522 2667 quae
1556 2593 1684 2668 per
1717 2573 2149 2671 Episcopum
2185 2575 2552 2670 probetur,
2608 2579 2733 2670 qui
2786 2577 2980 2652 solus
3030 2576 3266 2653 facul-

599 2694 821 2761 tatem
875 2688 1222 2780 impertiri
1270 2694 1507 2780 potest
1574 2707 1719 2761 non
1775 2690 1979 2763 modo
2048 2692 2122 2761 in
2183 2689 2334 2761 suis
2392 2690 2750 2779 ecclesiiS,
2807 2692 2936 2764 sed
2986 2692 3059 2763 in
3113 2690 3265 2765 illis

597 2801 841 2891 etiam,
899 2818 1086 2891 quae
1138 2800 1231 2873 ad
1278 2796 1672 2894 Regulares
1708 2803 2100 2895 pertinent,
2155 2808 2226 2876 et
2277 2821 2463 2894 quae
2516 2803 2607 2875 ab
2661 2802 2992 2897 Episcopi
3042 2805 3265 2878 iuris-

594 2913 904 2987 dictione
956 2912 1244 3005 penitus
1295 2915 1646 2986 immunes
1698 2913 2132 2987 iudicantur.
2190 2913 2387 2988 Inter
2440 2914 2829 3010 Scriptores
2870 2916 3264 3008 transalpi-

594 3043 725 3097 nos
768 3025 1225 3099 itasentiunt
1275 3021 1624 3100 Iueninus
1675 3023 1800 3122 (de
1838 3028 2314 3102 sacramentis
2367 3028 2724 3101 dissertat.
2758 3028 2831 3099 4.
2871 3034 3139 3120 quaest.
3175 3029 3256 3101 4.

594 3139 816 3211 conci.
850 3134 1002 3235 3.),
1052 3134 1446 3211 Merbesius
1495 3133 1540 3233 (
1537 3139 1612 3212 in
1654 3141 1943 3214 Summa
1993 3139 2390 3213 christiana
2441 3140 2652 3213 tertia
2694 3145 2891 3231 part.
2929 3145 3095 3212 sect.
3129 3140 3252 3213 10.

595 3252 902 3325 conclus.
936 3249 1008 3323 3.
1043 3256 1107 3323 et
1131 3244 1283 3345 4.),
1309 3247 1664 3324 Thiersius
1715 3246 1880 3346 (lib.
1915 3253 1987 3324 5.
2021 3272 2179 3343 cap.
2217 3248 2421 3349 10.),·
2473 3252 2660 3324 inter
2693 3248 3085 3344 Regulares
3121 3271 3265 3323 nu-

593 3369 962 3435 merantur
1014 3359 1296 3435 Lezana
1347 3368 1420 3435 et
1468 3360 1835 3437 Gavantus
1887 3363 2079 3455 apud
2122 3359 2563 3453 ·'1'hiersium,·
2600 3362 2841 3437 Bissus
2891 3359 3008 3459 (in
3050 3366 3261 3438 verbo

592 3473 957 3567 Expositio
1010 3475 1447 3548 Sacramenti
1499 3496 1694 3549 num.
1733 3475 1906 3550 232.
1962 3475 2036 3571 ἓ.
2078 3470 2229 3571 7.),
2281 3473 2510 3548 Diana
2559 3471 2674 3570 (in
2708 3477 3008 3551 editione
3058 3496 3264 3553 coor-

592 3587 873 3681 dinata,
913 3595 1080 3662 tom.
1115 3586 1185 3660 7.
1229 3593 1440 3661 tract.
1477 3588 1534 3660 Ι.
1575 3588 1859 3661 resolut.
1894 3587 2015 3662 31.
2059 3606 2255 3661 num.
2292 3583 2423 3684 1.).
2466 3585 2788 3679 Denique
2839 3589 3025 3661 inter
3068 3589 3261 3665 Scri-

590 3705 830 3794 ptores
879 3701 1231 3792 practicos
1264 3698 1651 3774 Clericatus
1701 3695 1824 3796 (de
1862 3703 2318 3776 sacramento
2354 3701 2845 3775 Eucharistiae
2878 3703 3090 3776 decis.
3127 3704 3250 3777 60.
3383 3746 3387 3750 »

593 3832 763 3889 casu
794 3812 871 3884 2.
913 3832 1107 3885 num.
1142 3812 1214 3886 9.
1246 3819 1314 3885 et
1355 3832 1493 3905 seq.
1495 3807 1569 3910 ),
1606 3810 2043 3887 Monacellus
2078 3808 2117 3907 (
2120 3814 2194 3886 in
2233 3812 2677 3889 Formulario
2712 3815 2921 3908 leqali
2960 3824 3154 3907 part.
3190 3819 3251 3890 1.

594 3927 715 3998 lib.
752 3925 822 4001 6.
861 3927 1176 4017 formula
1204 3925 1327 3999 20.
1364 3946 1560 3999 num.
1597 3926 1663 4000 1.
1705 3932 1771 3999 et
1801 3924 1954 4022 2.),
1982 3934 2053 4000 et
2088 3925 2466 4001 Braschius
2518 3920 2633 4021 (in
2671 3948 2793 4002 suo
2831 3928 3259 4020 promptua-

593 4038 700 4112 rio
758 4038 1100 4131 synodali
1149 4058 1308 4130 cap.
1345 4037 1470 4114 29.
1511 4058 1587 4110 n.
1622 4037 1695 4112 3.
1726 4046 1793 4113 et
1828 4058 2010 4131 seqq.
2013 4035 2091 4136 ),
2144 4038 2678 4113 adscribuntur.

743 4152 860 4224 10.
902 4146 1296 4223 Tridentini
1330 4147 1618 4224 Concilii
1672 4153 2061 4225 auctoritas
2111 4151 2301 4225 hanc
2349 4152 2780 4225 sententiam
2820 4172 3259 4247 magnopere

595 4262 965 4337 confirmat
998 4257 1367 4357 (Sess.2i.
1409 4284 1565 4355 cap.
1589 4262 1662 4336 8.
1703 4263 1788 4337 de
1821 4261 2392 4362 reformatione),
2430 4282 2727 4356 nempe:
2790 4290 2827 4333 (ι
2857 4263 3261 4348 Quaecum-

594 4401 634 4446 ν
674 4393 814 4466 que
848 4376 925 4447 in
958 4375 1264 4449 dioecesi
1301 4376 1394 4449 ad
1428 4373 1558 4449 Dei
1592 4377 1860 4451 cultum
1898 4382 2251 4469 spectant,
2310 4377 2400 4449 ab
2445 4374 2821 4451 Ordinatio
2874 4379 3258 4470 diligenter

596 4511 636 4558 a»
676 4489 932 4578 curari,
966 4495 1182 4580 atque
1217 4489 1331 4580 iis„
1365 4489 1488 4562 ubi
1523 4496 1826 4582 oportet,
1860 4490 2216 4583 provideri
2252 4508 2563 4581 aequum
2591 4497 2776 4564 est.»
2815 4488 2971 4564 Van
3007 4489 3255 4584 Espen

598 4617 882 4692 quoque
916 4596 1142 4697 (Iuris
1172 4602 1407 4674 eccleS.
1432 4609 1630 4693 part.
1654 4603 1727 4676 2.
1762 4603 1874 4676 tit.
1900 4603 1972 4675 4.
2007 4603 2089 4676 de
2115 4607 2437 4677 Sacram.
2473 4603 2963 4678 Eucharistiae
2990 4625 3149 4698 cap.
3169 4607 3247 4680 5.

599 4732 793 4789 num.
828 4711 918 4789 17
928 4768 946 4786 .
945 4708 1023 4812 ),
1077 4713 1280 4791 affert
1331 4711 1588 4789 Sacrae
1639 4712 1893 4809 Congr.
1935 4712 2146 4790 Conc.
2188 4715 2579 4809 decretum,
2619 4717 2812 4809 quod
2846 4715 3252 4794 Cardinalis
