3497 5235
983 305 1105 382 0⁸1».
1129 307 1226 369 111.
1265 306 1341 365 De
1378 302 1515 363 olere
1555 304 1827 367 sumlui
1866 306 1920 382 ἓ.
1946 306 1998 365 ⁶.
2710 306 2831 371 373

233 445 402 536 plane
443 441 715 516 resolvit
764 443 840 516 in
893 448 1149 535 quarto
1209 441 1432 514 dubio
1482 441 1861 515 Amerinae
1911 441 2055 515 diei
2112 442 2229 513 11.
2272 438 2437 515 Iun.
2488 443 2704 515 1710.
2763 451 2838 517 et

85 552 86 609 ἶ
232 555 475 628 refertur
518 556 590 627 in
633 554 969 629 ssesaur.
1013 556 1170 628 Res.
1211 554 1392 627 anni
1430 552 1645 627 1740.
1668 573 1843 646 paq.
1889 552 2058 627 187.
2100 551 2172 625 Si
2209 554 2427 645 igitur
2460 553 2838 648 theologus

231 683 351 740 eam
394 666 639 740 babere
688 665 1149 741 contenderet
1204 667 1389 739 inter
1441 662 1817 739 Missarum
1871 665 2221 739 solemnia
2272 665 2550 738 dierum
2618 665 2837 738 festo-

232 797 374 866 rum,
420 798 497 852 ac
540 780 856 870 praecise
907 786 1067 869 post
1118 775 1616 871 Evangelium‚
1659 779 1733 851 id
1773 778 1909 870 ipsi
1963 776 2257 851 minime
2310 778 2582 867 liceret,
2623 785 2836 870 prout

229 888 552 963 declaravit
577 888 650 962 S.
674 890 749 963 C.
773 887 865 961 R.
899 890 974 965 in
1003 891 1288 983 Ripana
1316 891 1438 964 30.
1481 888 1650 982 Apr.
1701 891 1915 963 1796.
1951 889 2143 981 apud
2173 888 2486 963 Gardell.
2509 909 2584 961 η.
2606 889 2829 965 4467.

346 1002 485 1075 195.
540 1025 578 1069 ‹
609 1001 960 1095 Theologo
1014 1003 1135 1076 1110
1188 1004 1330 1092 die,
1389 1020 1532 1092 quo
1584 1003 1782 1095 legit,
1824 1002 2246 1075 tribuendas
2307 1021 2466 1077 esse
2517 1004 2833 1095 integras

229 1136 260 1177 ι
287 1112 784 1189 distributiones
820 1115 1278 1205 quotidianas
1313 1114 1630 1187 omnium
1667 1115 2003 1188 horarum
2042 1111 2183 1209 (1),
2224 1115 2392 1189 licet
2426 1134 2574 1188 non
2610 1116 2836 1187 inser-

229 1246 258 1289 »
288 1224 521 1298 viverit.
563 1252 602 1295 ι
660 1226 984 1301 definivit
1034 1224 1108 1298 S.
1149 1222 1224 1298 C.
1265 1224 1476 1299 Conc.
1535 1228 1609 1299 in
1678 1226 2152 1300 Mediolanen.
2218 1230 2339 1302 29.
2384 1228 2550 1321 Apr.
2613 1228 2828 1299 1597.

224 1328 361 1428 (lib.
397 1335 461 1409 7.
491 1340 744 1413 decret.
766 1357 940 1430 paq.
983 1335 1099 1435 6.)
1128 1346 1198 1412 et
1225 1357 1442 1432 saepe
1479 1339 1683 1427 alias,
1715 1357 1798 1411 ac
1826 1341 2233 1432 nuperrime
2268 1342 2346 1412 in
2379 1338 2828 1413 Bisarchien.

224 1447 311 1522 16.
346 1452 522 1545 Sept.
569 1454 788 1526 1857.
845 1452 1020 1525 dub.
1065 1455 1137 1524 3.

336 1564 481 1638 196.
521 1563 777 1657 Itaque
814 1566 886 1639 id
912 1566 1129 1655 valet,
1160 1565 1292 1638 etsi
1329 1583 1538 1638 mane
1577 1571 1885 1655 tantum,
1928 1568 2042 1640 vel
2077 1587 2237 1641 sero
2270 1576 2552 1644 tantum
2590 1570 2828 1662 legat3

214 1677 463 1764 vendere
494 1679 684 1751 euim
708 1697 843 1772 pro
877 1678 1157 1770 inteqra
1191 1678 1337 1759 die,
1363 1696 1504 1768 qua
1538 1678 1828 1752 habetur
1857 1679 2091 1769 lectio,
2130 1677 2202 1751 S.
2235 1679 2311 1752 C.
2343 1678 2555 1754 Conc.
2590 1687 2835 1773 aperte

218 1785 552 1863 declaravit
603 1791 790 1863 inter
841 1790 1019 1862 alias
1071 1790 1145 1861 in
1181 1789 1705 1862 Barchinonen.
1751 1792 2005 1864 Praeb.
2049 1793 2255 1865 theol.
2295 1793 2367 1864 2.
2406 1789 2572 1866 Iun.
2611 1793 2826 1866 1860.

208 1915 305 1986 per
349 1902 603 1975 Summ.
636 1920 832 1995 pree.

329 2012 478 2085 197.
536 2012 607 2086 Si
663 2021 906 2086 tamen
958 2010 1385 2086 Matutinnm
1438 2017 1511 2087 et
1560 2010 1846 2088 Laudes
1921 2017 2310 2090 recitentur
2377 2018 2493 2092 die
2546 2036 2837 2112 praece-

209 2117 368 2195 denti
413 2132 573 2216 post
621 2122 999 2219 vesperas,
1040 2142 1168 2216 pro
1204 2120 1555 2197 Matutino
1590 2132 1662 2199 et
1695 2122 2068 2200 Laudibus
2104 2146 2248 2200 non
2284 2125 2834 2226 estIcensendus

206 2235 286 2304 uti
330 2254 689 2326 praesenS.
748 2235 963 2309 Sacra
1014 2238 1204 2310 enim
1255 2233 1509 2328 Congr.
1551 2236 1762 2310 Cone.
1819 2234 2084 2312 Nuntio
2137 2237 2648 2332 Hispaniarum
2700 2239 2837 2314 De-

206 2346 431 2420 cembr.
477 2350 695 2424 1587.
753 2348 1235 2422 rescribebat:
1297 2369 1335 2413 ‹
1364 2343 1788 2441 TheologuS,
1828 2352 1953 2441 qui
1992 2351 2254 2424 divinis
2291 2371 2418 2444 pro
2456 2358 2835 2445 praesente

205 2478 237 2521 ›
267 2457 552 2535 babetur
603 2461 888 2550 diebus,
944 2459 1208 2551 quibus
1258 2459 1456 2551 legit,
1491 2478 1635 2534 non
1686 2468 1793 2534 est
1847 2463 2250 2536 censendus
2300 2482 2651 2554 praesens
2685 2461 2835 2536 Ma-

204 2589 234 2635 »
265 2572 537 2663 tutinis,
614 2592 804 2665 quae
867 2572 1209 2646 dicuntur
1276 2590 1433 2647 sero
1500 2574 1957 2666 praecedenti
2035 2593 2163 2667 pro
2229 2577 2347 2651 die
2397 2579 2755 2671 sequenti.
2792 2601 2831 2648 »

196 2672 338 2772 (lib.
373 2685 442 2759 5.
482 2687 743 2760 decret.
774 2705 946 2779 paq.
1006 2684 1077 2758 7.
1119 2706 1164 2758 a
1217 2681 1475 2782 temo),
1512 2692 1584 2759 et
1619 2687 1857 2759 firmat
1915 2684 2239 2781 Fagnan.
2298 2690 2467 2783 Cap.
2510 2691 2704 2763 Licet
2753 2690 2837 2762 de

187 2795 395 2880 praed.
438 2818 641 2871 num.
688 2797 854 2871 447.
896 2804 968 2870 et
1017 2793 1225 2870 Petra
1280 2799 1574 2873 Constit.
1613 2799 1687 2870 2.
1729 2800 1975 2873 Inuoc.
2028 2800 2145 2873 VI.
2187 2808 2354 2886 tom.
2393 2802 2467 2873 4.
2511 2821 2585 2873 η.
2626 2801 2748 2874 56.

317 2907 476 2981 198.
533 2908 874 2982 Canonici
925 2908 1280 3001 denegare
1335 2916 1706 2999 nequeunt
1740 2913 2083 2985 canonico
2128 2912 2459 3004 theologo
2495 2911 2836 2984 distribu-

194 3015 390 3092 tiones
440 3020 932 3112 qnotidianas,
966 3021 1132 3094 licet
1182 3020 1463 3094 adesset
1500 3023 1942 3096 consuetudo
1987 3023 2153 3096 huic
2186 3023 2505 3111 inimica,
2549 3022 2715 3095 licet
2749 3041 2834 3095 ea

189 3123 284 3200 die
327 3130 707 3206 lectionem
742 3134 896 3224 ipse
931 3132 1425 3206 tantummodo
1478 3132 1665 3224 legat
1718 3131 1895 3205 bora
1939 3139 2258 3223 statuta,
2298 3133 2468 3206 licet
2518 3133 2835 3223 denique

184 3254 425 3326 paucae
478 3246 635 3318 sint
685 3244 871 3317 infra
924 3261 1195 3318 annum
1250 3241 1720 3336 Scripturales
1772 3244 2142 3333 lectiones,
2203 3250 2275 3317 et
2324 3245 2832 3317 canonicorum

180 3366 417 3440 parvus
469 3375 711 3448 aeque
761 3358 854 3429 sit
905 3374 1269 3429 numeruS.
1326 3351 1413 3428 Id
1465 3355 1825 3428 enimvero
1860 3355 2260 3429 luculenter
2297 3356 2632 3448 colligere
2668 3355 2836 3428 licet

178 3477 252 3532 ex
296 3466 775 3559 subsequenti
826 3488 1043 3542 causa
1097 3468 1452 3541 Perusina
1496 3468 1725 3541 Theoi.
1769 3468 1890 3541 30.
1931 3464 2071 3540 Iul.
2118 3468 2331 3544 1859.
2374 3465 2835 3539 concinnatis

175 3576 339 3649 enim
390 3580 641 3653 tribus
691 3579 885 3653 hisce
936 3578 1221 3652 dubiis:
1283 3601 1321 3644 ‹
1351 3575 1414 3650 Ι.
1472 3576 1580 3651 An
1633 3579 2021 3652 canonicus
2074 3578 2450 3673 theologus
2501 3585 2834 3652 teneatur

174 3704 211 3750 ›
243 3686 706 3783 dispensatus
758 3712 799 3763 a
851 3691 1101 3780 chor0,
1159 3692 1440 3764 etiamsi
1492 3691 1604 3762 sui
1656 3691 2238 3784 praedecessores
2294 3708 2669 3781 nunquam
2721 3686 2836 3762 usi

173 3819 206 3860 »
241 3797 502 3875 inerint
557 3803 700 3875 hoc
749 3803 1118 3895 privilegio
1167 3820 1294 3895 pro
1349 3808 1498 3875 tota
1550 3801 1712 3891 die,
1771 3820 1914 3892 qua
1966 3802 2165 3894 legit,
2222 3821 2317 3882 an
2370 3808 2653 3874 tantum
2705 3816 2832 3893 pro

166 3933 201 3977 ›
232 3916 659 4005 respectivis
709 3913 902 3987 horis
954 3915 1027 3986 in
1076 3910 1301 3988 casui
1355 3910 1455 3985 ΙΙ.
1502 3911 1607 3985 An
1644 3921 2021 3987 censeatur
2056 3914 2515 4008 dispensatus
2550 3908 2835 3985 etiamsi

169 4023 353 4095 »illa
405 4026 533 4099 die
592 4025 1052 4116 Scripturalis
1101 4025 1426 4099 lectionis
1475 4025 1712 4099 studio
1765 4043 2055 4116 operam
2126 4043 2274 4098 non
2325 4023 2649 4111 dederit,
2706 4019 2835 4094 sed

162 4137 741 4210 »tantummodo
811 4138 1001 4230 legat
1048 4136 1223 4209 hora
1282 4144 1552 4211 statuta
1607 4138 1683 4209 in
1734 4131 1948 4209 casn?
2001 4131 2139 4237 Ιῌ.
2199 4133 2306 4207 An
2357 4134 2683 4228 paucitas
2735 4133 2837 4204 le·-

159 4269 191 4312 ›
224 4249 554 4323 ctionum
614 4246 1153 4340 scripturalium
1223 4248 1408 4320 infra
1472 4266 1743 4321 annum
1778 4300 1799 4336 ‚
1875 4253 1945 4319 et
2008 4265 2277 4338 parvus
2329 4246 2835 4322 canonicorum

154 4381 185 4421 ι
218 4378 582 4436 numerus
651 4360 744 4432 sit
810 4361 988 4434 ratio
1057 4360 1463 4448 sufficien8‚
1537 4363 1617 4431 ut
1679 4358 2064 4431 canonicus
2137 4358 2490 4431 interesse
2571 4355 2835 4430 debeat

272 4621 356 4693 (1)
397 4627 486 4677 De
531 4624 796 4688 theologo
832 4622 1203 4687 dogmaticam
1240 4623 1506 4675 edocente
1543 4626 1601 4673 et
1638 4622 1969 4672 elericorum
2024 4620 2273 4673 examini
2321 4621 2636 4673 assistente
2682 4620 2835 4672 circs

138 4711 435 4765 tenendae
473 4709 948 4775 distributiones,
994 4708 1123 4763 vide
1163 4711 1462 4761 Arbor-en.
1516 4707 1717 4759 Theoi.
1758 4706 1921 4760 1861.
1962 4705 2052 4760 die
2093 4708 2145 4759 7.
2189 4707 2318 4760 Dec.
2361 4705 2520 4758 1861.
