3497 5235
506 290 621 357 476
1256 294 1626 354 motioni·
1664 294 1717 353 8.
1746 294 1928 370 Gongr.
1958 295 2106 354 Oeno.
2145 296 2415 371 expetitio.

507 457 544 501 »
583 433 774 504 vium
826 430 1233 504 huiusmodi
1286 433 1510 524 possit
1562 432 1723 521 quis
1775 433 2171 522 promoveri
2223 432 2315 506 ad
2364 433 2657 505 titulum
2718 434 3157 526 patrimonii,

506 569 545 612 ι
587 563 729 616 uon
766 543 1126 631 obstante,
1167 542 1359 633 quod
1396 561 1539 615 non
1576 549 1952 614 concurrat
2001 544 2341 615 ecclesiae
2378 548 2762 618 necessitas
2814 546 2923 617 vel
2976 564 3165 618 com-

507 681 546 724 »
590 656 918 743 moditaS,
959 656 1133 727 dum
1184 672 1401 726 causa
1453 655 1714 727 motiva
1782 655 2260 727 concessionis
2319 655 2602 729 videtur
2652 658 2986 730 solatium
3044 676 3168 749 pa·

509 793 548 836 ι
588 763 918 840 rentum?
974 792 1013 835 ι
1071 764 1142 837 S.
1201 763 1276 837 C.
1347 763 1559 837 Conc.
1616 765 1731 838 die
1783 769 1857 838 9.
1916 763 2113 856 Sept.
2188 769 2400 840 1679.
2459 762 2628 864 (tib.
2706 766 2830 842 30.
2907 771 3160 842 decret.

501 899 667 972 paq.
693 880 862 952 ⁴00.
895 885 962 951 et
995 871 1180 973 seq.)
1216 877 1624 967 respondit:
1686 899 1723 943 α
1755 873 2121 969 Negative.
2152 903 2191 946 ι
2244 875 2419 951 Vide
2456 877 2725 952 Bened.
2759 876 2954 951 xlv.
2986 881 3160 952 Inst.

504 993 674 1064 eccl.
712 991 835 1064 26.
877 1009 1075 1062 num.
1115 987 1228 1072 3.,
1266 989 1457 1061 unde
1506 988 1686 1061 haec
1734 988 2121 1063 declaratio
2173 992 2526 1081 exscripta
2578 1000 2714 1065 est.

653 1104 822 1175 392.
855 1100 1238 1193 Speciatim
1275 1100 1363 1172 de
1391 1100 1619 1172 tribus
1653 1100 1794 1172 illis
1822 1101 2077 1188 titulis,
2110 1100 2436 1174 beneficii
2474 1103 2769 1192 scilicet,
2802 1101 3168 1196 pensionis

507 1221 580 1288 et
630 1214 1035 1307 patrimonii
1089 1213 1544 1286 ecclesiastici
1596 1213 1854 1300 acturi,
1909 1213 1999 1284 de
2049 1210 2427 1302 beneflcio,
2484 1216 2677 1305 quod
2738 1218 2966 1308 primo
3019 1215 3169 1288 loco

506 1346 666 1400 sese
699 1326 928 1413 offert,
969 1344 1052 1398 ea
1089 1331 1370 1397 tantum
1408 1326 1869 1416 attingemus,
1903 1344 2087 1415 quae
2125 1323 2217 1396 ad
2254 1328 2651 1415 materiam,
2684 1328 2756 1399 in
2788 1347 2932 1419 qua
2962 1327 3171 1399 modo

507 1457 897 1525 versamur,
937 1443 1258 1529 spectare
1310 1436 1846 1509 arbitrabimur.
1894 1434 1986 1509 Et
2037 1438 2262 1528 primo
2299 1438 2616 1528 quidem,
2659 1439 2852 1529 quod
2886 1439 2982 1511 ad
3017 1438 3170 1510 eius

506 1551 1007 1625 sufficientiam
1044 1556 1116 1622 et
1152 1550 1634 1641 integritatem
1670 1550 2007 1640 pertinet,
2047 1552 2303 1623 scitum
2332 1558 2466 1640 est,
2506 1553 2580 1622 in
2618 1551 2941 1642 qualibet
2978 1551 3175 1624 dioe-

509 1664 652 1736 cesi
703 1663 814 1734 vel
850 1679 936 1733 ex
972 1662 1516 1750 consuetudine,
1556 1663 1665 1735 vel
1703 1680 1792 1735 ex
1826 1661 2287 1755 dispositione
2324 1662 2749 1735 dioecesana
2789 1664 3176 1755 praestitu-

509 1782 656 1847 tam
695 1792 847 1847 esse
883 1780 1150 1860 taxam,
1190 1790 1376 1862 quae
1411 1791 1696 1845 annuae
1732 1773 2121 1845 sacerdotis
2158 1773 2440 1846 tuitioni
2480 1776 2657 1848 satis
2690 1793 2846 1847 esse
2883 1780 3175 1866 reputa-

511 1892 655 1974 tur,
694 1885 907 1957 veluti
947 1889 1147 1956 notat
1195 1881 1466 1955 Bened.
1508 1881 1696 1955 XIV.
1739 1884 1824 1956 de
1855 1887 2026 1976 Syn.
2065 1884 2283 1957 dioec.
2328 1886 2449 1957 lib.
2480 1886 2645 1959 XII.
2683 1906 2842 1978 cap.
2871 1885 2943 1960 9.
2988 1906 3064 1958 η.
3100 1883 3169 1957 4.

468 2001 482 2015 ⁶
657 1997 829 2069 393.
871 1994 957 2071 Si.
998 1997 1160 2086 quis
1193 1995 1622 2068 beneficium
1658 1995 2007 2085 obtineat,
2049 1998 2239 2087 quod
2295 2005 2504 2071 taxae
2540 1997 3008 2070 dioecesanae
3045 1997 3176 2068 mi-

511 2110 702 2182 nime
754 2109 1206 2199 respondeat,
1249 2108 1539 2198 quando
1575 2109 1917 2181 ecclesiae
1969 2111 2356 2182 necessitas
2390 2112 2500 2184 vel
2536 2112 2813 2185 utilitas
2846 2112 3169 2199 accedat,

514 2227 749 2313 potest
798 2221 1142 2308 ordinari,
1183 2218 1566 2292 dummodo
1616 2219 1733 2307 id,
1794 2221 1986 2310 quod
2052 2219 2400 2294 beneficio
2452 2222 2698 2311 deest,
2754 2240 2843 2294 ex
2894 2223 3175 2313 privato

518 2334 943 2427 patrimonio
993 2331 1350 2423 suppleat.
1391 2327 1715 2422 Namque
1752 2332 1824 2403 S.
1865 2328 2119 2424 Congr.
2162 2330 2372 2405 Conc.
2417 2335 2487 2405 in
2531 2335 2924 2426 sypontina
2965 2329 3177 2406 Octo-

514 2443 666 2516 bris
695 2444 906 2514 1589.
939 2439 1190 2537 (quam
1226 2442 1452 2515 habes
1486 2460 1707 2534 penes
1741 2441 2013 2516 Bened.
2047 2440 2240 2515 XIV.
2276 2446 2511 2518 Instit.
2544 2446 2711 2517 eccl.
2743 2444 2867 2517 26.
2902 2464 2978 2516 n.
3018 2439 3176 2538 10.)

514 2562 805 2648 rogata:
850 2578 888 2621 «
925 2552 1033 2626 An
1083 2548 1378 2628 clericu‘s
1429 2554 1751 2646 alioquin
1786 2555 2088 2628 idoneus
2137 2555 2418 2629 babens
2468 2556 2899 2630 beneficium
2950 2554 3178 2629 insuf-

519 2693 558 2738 ›
597 2668 845 2742 ficiens
893 2686 1019 2759 per
1070 2686 1175 2755 se,
1215 2667 1367 2757 sed,
1407 2670 1559 2758 qui,
1600 2670 1842 2740 iuncto
1894 2667 2347 2758 patrimonio,
2387 2667 2680 2757 babeat,
2731 2667 2926 2758 quod
2977 2665 3177 2740 suffi-

519 2805 557 2844 »
595 2781 735 2854 ciat
788 2779 880 2852 ad
947 2780 1323 2854 honestam
1391 2782 1579 2853 vitae
1646 2781 2286 2869 sustentationem,
2342 2787 2582 2872 posset
2648 2776 3094 2871 promoveri?
3133 2804 3170 2849 ›

518 2889 594 2965 S.
633 2890 710 2965 C.
751 2893 1161 2985 respondit:
1205 2915 1244 2958 ‹
1284 2890 1520 2981 Posse,
1560 2894 1760 2964 iuxta
1815 2891 2111 2963 formam
2163 2890 2373 2965 Conc.
2414 2889 2605 2964 Trid.
2640 2918 2679 2961 ι

663 3005 832 3077 394.
874 3003 1046 3077 Cum
1097 3004 1494 3092 beneficiis,
1536 3010 1615 3077 ut
1663 3004 2077 3094 plurimum,
2120 3005 2490 3078 inhaereat
2524 3023 2704 3077 onus
2758 3004 3175 3077 celebratio-

514 3118 628 3190 nis
680 3115 1080 3206 Missarum,
1120 3118 1286 3188 olim
1338 3118 1593 3188 acriter
1643 3116 2209 3208 disceptabatur,
2249 3134 2343 3186 an
2380 3118 2454 3188 in
2503 3117 3037 3209 computatione
3074 3121 3174 3188 ta-

512 3246 647 3301 xae
697 3229 1105 3320 patrimonii
1174 3227 1480 3299 subduci
1550 3227 1898 3300 deberent
1968 3246 2182 3300 onera
2253 3224 2661 3315 Missurum,
2719 3245 2974 3300 necne.
3040 3224 3176 3300 Sed

513 3358 797 3412 omnem
849 3339 1372 3412 dubitationem
1407 3338 1542 3412 bac
1593 3341 1665 3411 in
1716 3359 1793 3413 re
1828 3339 2114 3412 diremit
2163 3337 2236 3413 S.
2277 3338 2352 3412 C.
2395 3338 2607 3412 Conc.
2655 3342 2728 3411 in
2772 3341 3167 3412 Ariminen.

519 3452 636 3523 17.
675 3447 818 3522 Iul.
882 3451 1093 3523 1723.
1154 3457 1314 3542 post
1364 3450 1855 3523 doctissimum
1919 3452 2316 3524 discursum
2370 3449 2461 3523 R.
2523 3450 2597 3523 P.
2657 3450 2742 3523 D.
2802 3451 3175 3526 Secretarii

513 3560 958 3636 Lambertini
1008 3557 1054 3658 (
1073 3563 1404 3635 Thesaur.
1448 3563 1603 3634 Res,
1646 3569 1812 3634 tom.
1849 3563 1924 3635 2.
1976 3582 2148 3655 paq.
2188 3558 2405 3659 214.)
2456 3580 2736 3634 necnon
2788 3565 3174 3654 scripturas

470 3695 473 3700 ⁴
518 3675 842 3748 advocati
895 3673 1142 3749 Ursaia
1194 3670 1384 3773 (Lc.
1423 3671 2238 3770 paq.338.);‚namque
2292 3675 2822 3748 accuratissime
2860 3675 3177 3748 discusso

517 3786 781 3859 dubio:
845 3808 883 3855 σι
927 3787 1029 3858 An
1082 3807 1122 3857 a
1174 3786 1550 3873 benefici0‚
1609 3804 1738 3858 seu
1789 3787 2216 3878 capellania,
2276 3787 2369 3859 ad
2421 3787 2621 3859 cuius
2677 3787 2968 3859 titulum
3021 3787 3174 3877 quis

520 3923 559 3966 ι
602 3899 913 3971 intendit
962 3898 1055 3971 ad
1103 3917 1341 3970 sacros
1393 3894 1697 3970 Ordines
1765 3898 2202 3987 promoveri,
2259 3896 2704 3969 detrahenda
2766 3899 2911 3969 sint
2964 3915 3175 3969 onera

522 4037 561 4080 ι
603 4009 975 4085 Missarum
1028 4012 1259 4084 eidem
1313 4011 1618 4100 adiecta,
1661 4011 1954 4099 quando
2003 4009 2468 4082 beneficiatus
2524 4027 2666 4080 non
2720 4015 3012 4082 tenetur
3060 4025 3173 4080 eas

523 4147 560 4191 >
599 4142 726 4216 per
777 4124 1090 4215 seipsum
1145 4123 1532 4211 celebrare,
1573 4122 1683 4194 vel
1736 4123 2000 4215 potius,
2041 4121 2377 4193 oneribus
2430 4117 2808 4191 Missarum
2861 4138 3011 4191 non
3061 4119 3179 4191 de·

523 4258 562 4301 ι
601 4236 872 4323 tractis,
913 4235 1061 4306 sive
1114 4235 1276 4305 illae
1311 4232 1781 4306 celebrandae
1830 4234 1974 4305 sint
2025 4251 2153 4325 per
2186 4234 2525 4324 seipsum,
2567 4232 2719 4303 sive
2755 4233 3032 4322 possint
3068 4249 3177 4303 ce·

524 4368 561 4412 »
603 4346 860 4418 lebrari
914 4363 1039 4437 per
1091 4346 1339 4433 alium,
1381 4344 1754 4418 faciendus
1804 4345 1896 4416 sit
1947 4344 2264 4416 calculus
2299 4344 2615 4415 omnium
2662 4342 3020 4415 fructuum
3058 4357 3175 4433 pro

522 4479 561 4522 ι
601 4455 1102 4530 constituenda
1156 4474 1432 4529 summa
1483 4454 1809 4547 synodali
1862 4455 2392 4541 constitutione,
2469 4454 2575 4527 vel
2628 4455 2938 4546 regionis
2991 4469 3174 4525 more

526 4590 565 4636 ν
606 4569 948 4656 requisita
1002 4586 1127 4659 pro
1177 4568 1397 4640 sacris
1447 4563 1835 4640 Ordinibus
1884 4560 2405 4660 suscipiendis?
2437 4591 2474 4635 »
2534 4567 2607 4637 S.
2647 4562 2723 4638 C.
2764 4565 3168 4657 respondit:

525 4699 564 4742 ‹
602 4672 776 4746 Esse
828 4677 1378 4766 relinquendum
1428 4677 1725 4750 arbitrio
1775 4684 1848 4750 et
1908 4679 2386 4751 conscientiae
2436 4674 3065 4750 ordinariorum.»
