3497 5235
954 346 1073 421 0⁸1».
1100 345 1144 404 1.
1185 347 1259 405 Da
1300 347 1453 405 attin
1491 347 1754 406 Bodetia
1792 347 2067 407 mutiat
2108 350 2161 424 g.
2189 349 2317 406 4-7.
2883 347 2969 411 93

293 478 504 545 debet.
539 515 582 526 -
629 480 749 543 92.
801 476 1048 543 Eodem
1097 479 1237 544 iure
1270 477 1552 566 gaudent
1588 478 1888 545 ecclesiae
1924 479 2330 566 Regularium
2365 480 2703 566 utriusque
2733 499 2969 560 sexus·,

289 585 548 650 minime
601 604 760 649 vero
813 583 1115 649 ecclesiae
1164 602 1716 668 quarumcumque
1766 585 2357 670 congregationum,
2392 604 2552 671 quae
2587 603 2742 651 vere
2775 602 2964 671 regu-

290 688 445 752 lares
493 705 625 753 non
672 688 843 762 sint,
894 685 1142 750 secluso
1187 685 1451 770 speciali
1501 687 1864 773 Apostolico
1915 687 2285 773 privilegio.
2319 726 2361 736 -
2408 690 2515 752 93.
2570 690 2772 753 Penes
2818 705 2962 752 mu-

285 792 511 856 lierum
562 786 948 853 monasteria
997 785 1380 852 Eucharistia
1430 805 1645 872 neque
1697 787 1761 853 in
1809 789 2028 865 chor0,
2080 807 2290 875 neque
2357 790 2515 854 intra
2576 800 2795 877 septa,
2846 789 2961 856 sed

287 894 347 959 in
393 893 657 981 publica
709 891 970 956 ecclesia
1020 889 1449 955 conservanda
1500 901 1614 955 est.
1654 927 1696 937 -
1742 892 1855 956 94.
1908 894 1973 955 ln
2022 891 2404 977 collegiatis,
2474 910 2637 978 quae
2702 891 2965 958 insimul

284 995 681 1084 parochiales
715 1012 842 1058 non
875 992 1023 1066 sint,
1061 992 1298 1076 absque
1331 993 1695 1077 Apostolico
1731 993 2074 1081 privilegio
2123 996 2230 1061 SS.
2271 993 2658 1059 Eucharistia
2692 993 2963 1060 retineri

286 1100 533 1184 nequit.
573 1134 618 1145 -
665 1099 774 1161 95.
831 1097 1025 1159 Multo
1071 1094 1278 1159 minus
1326 1093 1390 1158 in
1438 1094 1572 1159 aliis
1621 1094 1907 1160 ecclesiis
1953 1096 2376 1181 simplicibus.
2422 1133 2464 1143 -
2511 1099 2619 1160 96.
2675 1100 2961 1162 Consue-

283 1201 433 1267 tudo
467 1195 1025 1271 immemorabilis,
1063 1214 1225 1281 quae
1258 1196 1581 1280 privilegii
1617 1196 1962 1282 Apostolici
2000 1197 2500 1284 praesumptioni
2538 1198 2747 1264 locum
2784 1198 2961 1277 facit,

283 1303 392 1369 hac
442 1304 510 1367 in
560 1322 636 1366 re
688 1301 878 1365 valet.
908 1335 950 1346 -
985 1300 1091 1363 97.
1133 1301 1294 1364 Cum
1344 1301 1452 1366 SS.
1493 1300 1880 1365 Eucharistia
1917 1301 1980 1365 in
2012 1300 2282 1385 quadam
2316 1299 2659 1387 parochiali
2693 1302 2958 1367 ecclesia

283 1406 643 1470 conservari
697 1423 824 1469 non
872 1413 1109 1488 posset,
1163 1406 1225 1469 S.
1269 1405 1344 1469 C.
1395 1402 1773 1488 approbavit
1819 1402 2149 1469 decretum
2199 1405 2523 1489 Episcopi,
2563 1403 2671 1488 qui
2706 1421 2843 1469 eam
2889 1404 2957 1469 in

280 1509 549 1594 simplici
603 1506 868 1572 ecclesia
902 1506 1060 1569 intra
1095 1504 1457 1588 parochiam
1493 1504 1822 1582 asservari,
1862 1505 2081 1591 ibique
2113 1524 2361 1570 sacrum
2394 1503 2527 1571 lieri
2562 1515 2956 1572 statuerat.-

281 1614 385 1678 98.
425 1608 891 1676 Eucharistiam
939 1608 1241 1673 asservari
1291 1626 1478 1694 posse
1524 1607 1601 1673 ad
1652 1619 1904 1692 tempus
1954 1628 2032 1674 ex
2076 1609 2201 1673 sola
2254 1608 2546 1695 Episcopi
2599 1608 2850 1675 licentia
2888 1609 2959 1676 in

279 1714 553 1799 simplici
604 1712 895 1785 ecclesia,
932 1711 1076 1775 alias
1112 1730 1237 1776 non
1272 1709 1655 1798 improbavit
1691 1709 1913 1777 eadem
1966 1714 2033 1777 S.
2071 1715 2206 1778 (1.-
2239 1715 2345 1776 99.
2386 1716 2609 1777 Preces
2646 1731 2766 1798 pro
2800 1712 2956 1778 reti-

282 1816 483 1883 nenda
535 1813 930 1880 Eucharistia
966 1812 1256 1878 Pontifex
1302 1819 1365 1882 S.
1406 1816 1480 1879 C.
1518 1817 1712 1880 Conc.
1754 1814 1905 1878 olim
1941 1815 2331 1888 remittebat,
2372 1812 2560 1878 modo
2593 1823 2806 1879 autem
2852 1832 2957 1879 eas

281 1920 565 1985 licentias
615 1915 912 1982 concedit
961 1921 1026 1984 S.
1065 1918 1135 1981 C.
1176 1917 1300 1980 Rit.
1358 1917 1458 1980 vel
1512 1915 1860 1985 secretaria
1912 1914 2235 1980 Brevium.
2272 1951 2314 1962 -
2353 1917 2497 1981 100.
2553 1918 2619 1980 ln
2669 1914 2953 1980 ecclesiis

281 2021 745 2106 parochialibus
793 2019 1069 2104 parocho
1119 2018 1437 2104 privative
1485 2018 1793 2106 competit
1857 2017 2247 2084 tabernaculi
2310 2018 2551 2082 clavem
2615 2017 2943 2084 retinere:

281 2123 570 2207 adeoque
624 2120 795 2185 laicis
830 2120 1019 2184 etiam
1057 2119 1339 2204 patronis
1370 2131 1741 2206 competere
1775 2120 2135 2187 nullatenus
2168 2130 2402 2206 potest,
2457 2120 2567 2185 nisi
2605 2120 2766 2186 adsit
2800 2139 2949 2188 con-

281 2225 553 2290 suetudo
589 2221 1192 2287 immemorabiliS.-
1224 2226 1368 2289 101.
1413 2222 1696 2289 Affertur
1727 2225 1883 2307 Cap.
1912 2227 2182 2289 unicum
2216 2205 2297 2287 de
2330 2222 2614 2288 custodia
2647 2224 2949 2288 Euchari-

281 2326 468 2402 stiae,
521 2345 779 2391 necnon
825 2324 1115 2411 synopsis
1165 2326 1490 2390 literarum
1546 2327 2009 2410 encyclicarum
2060 2329 2121 2392 S.
2165 2329 2235 2390 C.
2292 2325 2515 2411 Episc.
2569 2338 2634 2392 et
2683 2326 2947 2413 Regul.,

282 2451 434 2516 quae
487 2429 719 2496 eadem
767 2428 849 2493 de
899 2445 968 2490 re
1016 2427 1225 2493 editae
1271 2440 1455 2505 sunt3
1509 2427 1746 2492 ibidem
1800 2434 1862 2497 S.
1902 2432 1971 2495 C.
2014 2427 2477 2513 impensissime
2513 2429 2786 2493 inculcat
2820 2431 2950 2493 An-

279 2533 602 2609 tistitibus,
657 2542 728 2596 ut
775 2529 1066 2616 diligenti
1114 2549 1326 2594 sacrae
1375 2530 1805 2595 Eucharistiae
1854 2529 2184 2598 custodiae
2235 2529 2599 2620 invigilent.
2634 2529 2951 2616 Adeoque

278 2636 616 2721 praecipit,
668 2644 742 2699 ut
790 2653 909 2720 per
940 2635 1143 2701 edicta
1196 2637 1261 2699 in
1305 2632 1590 2700 sacrariis
1622 2634 1931 2719 affigenda
1966 2652 2200 2721 poenas
2232 2651 2350 2718 pro
2386 2632 2688 2720 qualitate
2721 2636 2947 2721 culpae

281 2740 661 2803 constituant
711 2736 773 2802 in
823 2755 957 2813 eos,
1009 2738 1115 2821 qui
1167 2736 1247 2802 ad
1295 2737 1584 2803 eiusdem
1635 2736 1987 2802 custodiam
2051 2747 2372 2803 tenentur.
2444 2736 2673 2802 lisdem
2722 2736 2949 2822 poenis

281 2840 527 2905 obnoxii
578 2852 732 2905 sunt
778 2840 1053 2924 quilibet
1099 2839 1410 2927 sacrilego
1458 2839 1886 2905 Eucharistiae
1948 2838 2118 2904 furto
2169 2840 2563 2905 occasionem
2613 2838 2949 2905 dederint.

279 2943 678 3009 Antistitibus
727 2942 841 3007 hac
888 2941 968 3008 de
1020 2962 1087 3006 re
1137 2941 1462 3009 facultates
1513 2943 1973 3027 impertiuntur
2006 2954 2222 3008 contra
2256 2943 2598 3026 Regulares
2633 2952 2696 3006 et
2729 2960 2948 3007 exem-

278 3058 438 3132 ptos,
487 3047 880 3111 cumulative
930 3059 1141 3111 tamen
1173 3065 1321 3111 cum
1358 3065 1574 3112 eorum
1614 3044 2065 3129 Superioribus
2099 3046 2527 3135 generalibus.
2558 3080 2600 3092 —
2639 3047 2783 3110 102.
2824 3048 2949 3109 Pro

279 3150 571 3233 expensis
619 3146 1012 3223 necessariis,
1047 3166 1119 3212 ac
1152 3150 1526 3233 praesertim
1561 3168 1677 3235 pro
1713 3147 2015 3233 lampadis
2049 3149 2449 3214 nutrimento
2486 3142 2549 3212 in
2580 3145 2941 3212 subsidium

279 3253 407 3338 cogi
455 3259 725 3337 possunt
774 3248 1156 3334 parochiani.
1210 3252 1323 3328 Qui
1375 3251 1556 3336 plura
1607 3250 1951 3327 desiderat,
2003 3249 2185 3316 adeat
2218 3250 2404 3316 Card.
2445 3252 2721 3314 Petram.
2759 3254 2821 3316 S.
2864 3252 2935 3313 C.

277 3353 397 3419 Rit.
445 3354 669 3418 statuit
716 3351 1066 3438 generatim
1126 3355 1436 3419 utendum
1490 3372 1621 3419 esse
1687 3355 1828 3418 oleo
1892 3354 2197 3419 olivarum
2261 3371 2381 3438 pro
2444 3351 2732 3436 lampade
2795 3362 2940 3416 ante

279 3455 725 3519 Eucharistiam
774 3454 1042 3520 alenda:
1099 3456 1270 3539 quod
1318 3455 1366 3520 si
1420 3454 1635 3520 haberi
1687 3456 1939 3539 nequit,
1995 3456 2343 3521 remittitur
2373 3453 2757 3540 prudentiae
2790 3452 2941 3539 Epi-

275 3575 634 3640 scoporum,
689 3568 760 3621 ut
807 3559 1042 3641 lampas
1091 3557 1409 3623 nutriatur
1455 3577 1530 3622 ex
1578 3558 1711 3622 aliis
1761 3560 1916 3623 oleis
1964 3568 2272 3643 quantum
2315 3556 2453 3622 fieri
2488 3568 2699 3641 potest
2747 3574 2940 3641 vege·

279 3660 517 3722 talibus.
575 3658 853 3725 Additur
896 3661 1185 3745 synopsis
1234 3660 1408 3737 voti,
1463 3660 1634 3745 quod
1686 3661 1751 3724 in
1800 3678 1932 3724 rem
1982 3670 2128 3724 ante
2176 3659 2671 3725 declarationem
2727 3657 2939 3722 elabo-

278 3776 515 3828 raverat
550 3764 891 3827 Consultor
923 3765 990 3829 S.
1014 3762 1539 3847 congregationis
1573 3762 1861 3827 Rituum.
1901 3767 1964 3829 S.
1999 3764 2069 3827 C.
2102 3764 2227 3827 Rit.
2269 3762 2334 3827 in
2360 3761 2674 3827 Firmana
2706 3758 2930 3835 edixit,

273 3865 659 3929 sacerdotem
709 3862 1041 3928 aedituum
1090 3866 1394 3930 ecclesiae
1448 3865 1772 3931 cuiusdam
1835 3864 2058 3930 ruralis
2119 3865 2570 3930 sanctissimam
2634 3862 2933 3927 Euchari-

272 3964 451 4031 stiam
497 3967 872 4032 asservantis
918 3965 994 4032 ad
1043 3967 1452 4032 residentiam
1506 3978 1568 4031 et
1615 3967 2049 4051 quotidianam
2100 3967 2255 4031 inibi
2311 3967 2529 4032 Missae
2563 3964 2932 4030 celebratio·

276 4085 426 4131 nem
473 4070 696 4134 teneri.

421 4272 534 4342 91.
563 4269 651 4344 In
681 4270 1172 4362 expendendis
1207 4268 1715 4365 Episcoporum
1754 4269 2223 4344 relationibus
2247 4269 2516 4360 pluries
2541 4267 2929 4361 comperire

272 4383 904 4475 contingit‚.quod
957 4381 1447 4457 Eucharistiae
1499 4382 2040 4455 Sacramentum
2092 4382 2496 4453 asservetur
2554 4381 2629 4452 in
2682 4381 2925 4469 aliqua

272 4494 606 4583 ecclesia,
662 4496 829 4567 licet
897 4496 1049 4589 ipsa
1119 4495 1254 4566 hoc
1317 4495 1470 4566 iure
1529 4513 1616 4567 ex
1666 4512 2023 4566 sacrorum
2079 4511 2436 4565 canonum
2488 4492 2926 4584 praescripto

269 4605 552 4677 minime
603 4607 896 4698 polleat,
953 4605 1064 4679 vel
1117 4606 1371 4678 saltem
1421 4605 1782 4678 indultum
1832 4604 2316 4696 Apostolicum
2369 4622 2515 4676 non
2567 4604 2916 4676 obtineat.

274 4709 527 4804 Itaque
574 4737 718 4791 non
772 4720 904 4793 erit
959 4719 1090 4792 abs
1140 4738 1217 4792 re
1269 4719 1617 4792 nonnulla
1665 4736 1883 4810 super
1931 4717 2064 4791 hoc
2115 4724 2536 4812 argumento
2573 4714 2919 4791 delibare.
