3497 5235
611 310 728 375 392
1364 320 1730 379 humationis
1772 320 1824 376 S.
1853 320 2035 394 Oongr.
2063 319 2209 377 Oeno.
2248 319 2517 393 expositio.

613 472 652 515 ι
693 450 964 544 sentes)
1019 452 1337 542 aliosque
1389 459 1712 543 pastores
1765 473 2008 526 curam
2063 455 2458 526 animarum
2511 453 2886 541 habenteS,
2924 451 3129 521 varia
3165 455 3269 521 est

614 583 651 626 »
691 559 1059 653 dispositio
1112 564 1330 652 iuris,
1386 564 1515 636 sed
1568 572 1808 636 tamen
1863 564 2450 656 distinguendum
2504 570 2637 636 est.
2714 563 2785 635 Si
2832 564 3027 636 enim
3082 567 3269 635 certo

610 693 648 738 ν
689 673 933 761 scitur,
991 674 1116 746 uhi
1169 675 1520 767 parochus
1574 694 1842 748 moram
1905 676 2168 763 trahat,
2228 676 2698 767 personaliter
2747 674 3080 746 citandus
3131 679 3266 759 est,

613 807 650 850 »
691 790 770 855 ut
807 785 991 856 intra
1023 794 1545 877 competentem
1575 789 1953 860 terminum
1984 787 2074 860 ad
2105 788 2471 860 ecclesiam
2501 788 2784 875 redeat;
2825 805 2965 877 quo
2993 786 3266 876 elapso,

613 918 652 961 »
692 895 925 969 adhuc
976 916 1103 989 per
1153 916 1276 970 sex
1315 916 1596 971 menses
1633 899 2159 991 exspectandus
2193 906 2325 986 est,
2367 898 2631 990 quibus
2673 899 2939 991 pariter
2973 895 3268 985 elapsis,

613 1028 651 1073 ν
691 1007 1081 1096 parochiali
1119 1009 1414 1083 ecclesia
1452 1009 1714 1100 privari
1753 1009 1993 1097 debet,
2033 1012 2201 1103 Cap.
2233 1008 2339 1081 Ex
2377 1017 2563 1101 part.
2597 1009 2681 1082 de
2714 1010 2883 1081 cler.
2917 1027 3057 1080 non
3095 1026 3271 1091 res„-

615 1139 653 1184 ν
693 1118 816 1188 ubi
869 1138 1033 1193 vero
1087 1120 1346 1210 latitat,
1404 1127 1474 1193 et
1527 1120 1922 1211 ignoratur,
1963 1140 2105 1212 quo
2147 1122 2299 1193 loco
2336 1128 2675 1209 moretur,
2704 1139 2832 1211 per
2865 1122 2999 1192 tria
3036 1119 3269 1192 edicta

616 1251 653 1294 2>
693 1227 785 1299 ad
839 1230 1080 1302 valvas
1151 1231 1491 1304 ecclesiae
1560 1230 1917 1323 affigenda
1994 1234 2194 1305 citari
2248 1232 2509 1322 debet3
2565 1233 2826 1304 deinde
2878 1231 2969 1303 ab
3023 1230 3271 1302 ultimo

614 1364 652 1406 »
693 1342 925 1414 edicto
978 1344 1503 1434 exspectandus
1554 1362 1681 1435 per
1732 1363 1857 1416 sex
1911 1363 2219 1432 menseS,
2262 1344 2527 1436 quibus
2576 1344 2872 1436 elapsiS,
2911 1343 3003 1415 ad
3038 1345 3271 1433 priva-

615 1478 653 1521 »
695 1454 963 1525 tionem
1019 1456 1544 1546 procedendum
1600 1463 1735 1546 est,
1795 1463 1875 1529 ut
1928 1457 2224 1530 ecclesia
2278 1465 2507 1544 vacet,
2550 1476 2632 1529 ac
2684 1473 3069 1528 concursus
3105 1472 3271 1526 con-

613 1588 651 1630 »
695 1568 925 1638 vocari
994 1570 1219 1660 possit
1272 1570 1469 1641 iuxta
1523 1565 1919 1642 Tridentini
1997 1570 2389 1642 decretum.
2465 1566 2636 1642 Ideo
2687 1571 2762 1640 in
2814 1570 3041 1660 primo
3101 1585 3268 1638 casu

614 1699 651 1742 »
691 1676 1023 1750 citandus
1077 1688 1181 1750 est
1237 1679 1730 1769 personaliter,
1790 1682 1986 1769 quia,
2030 1682 2309 1770 quoties
2354 1679 2706 1772 parochus
2758 1698 3095 1771 praesens
3132 1684 3262 1764 est,

615 1810 650 1853 ›
692 1804 823 1861 nec
874 1789 1161 1877 residet,
1224 1791 1758 1862 excusationem
1809 1810 1955 1862 non
2007 1790 2253 1880 habet,
2312 1800 2382 1863 et
2436 1794 2534 1863 ita
2590 1791 2884 1863 iuridice
2920 1792 3260 1881 privatur,

613 1920 651 1962 »
692 1896 861 1968 dum
917 1901 1055 1971 iam
1111 1907 1383 1974 constet
1436 1900 1526 1972 de
1579 1902 2053 1973 contumacia.
2113 1902 2440 1974 Secundo
2492 1910 2733 1975 autem
2778 1920 2946 1973 casu
2980 1907 3089 1972 ter
3126 1917 3267 1971 mo-

614 2031 651 2074 »
696 2012 974 2083 nendus
1025 2017 1157 2100 est,
1200 2020 1278 2084 ut
1334 2011 1423 2083 ad
1460 2014 1831 2086 ecclesiam
1869 2013 2139 2101 redeat,
2184 2020 2253 2085 et
2290 2015 2564 2087 tardius
2601 2016 2922 2106 privatur
2971 2013 3263 2085 ecclesia

616 2144 652 2184 ν
695 2122 1112 2211 parochiali,
1155 2124 1321 2213 quia
1377 2124 1641 2196 absens
1697 2130 1932 2216 potest
1984 2125 2252 2199 habere
2298 2128 2556 2198 iustam
2593 2126 3074 2198 excusationis
3106 2143 3266 2197 cau-

618 2256 654 2298 »
694 2252 873 2321 sam,
915 2244 985 2308 et
1037 2235 1444 2307 huiusmodi
1501 2236 1990 2325 interpretatio
2043 2256 2170 2308 seu
2222 2237 2443 2309 forma
2498 2236 2933 2328 procedendi
2972 2235 3260 2307 iuridica

620 2367 656 2409 »
701 2353 806 2416 est
857 2355 944 2419 et·
982 2348 1055 2417 in
1108 2348 1309 2438 praxi
1363 2346 1834 2433 admittenda,
1892 2366 1982 2417 ne
2037 2349 2246 2420 detur
2297 2350 2635 2421 correctio
2686 2349 2887 2437 iuriS,
2929 2366 3117 2436 quae
3150 2363 3266 2437 po-

621 2480 656 2520 »
697 2456 838 2526 tius
875 2457 1133 2530 debeat
1171 2459 1528 2529 conciliari
1581 2477 1707 2549 per
1741 2464 1915 2530 text.
1958 2479 2113 2550 cap.
2156 2458 2326 2531 Cum
2363 2460 2720 2550 expediat,
2760 2460 2844 2531 de
2879 2460 3045 2530 cler.
3086 2477 3160 2528 n.
3194 2456 3255 2529 6.

760 2568 928 2641 236.
993 2595 1028 2636 »
1070 2565 1327 2641 Verum
1382 2590 1421 2641 a
1475 2567 1886 2643 Tridentino
1927 2572 2105 2643 Sess.
2145 2570 2268 2643 23.
2309 2590 2465 2663 cap.
2511 2570 2579 2644 1.
2620 2570 2704 2642 de
2742 2570 3050 2664 Reform.
3089 2569 3259 2640 alius

620 2702 656 2744 »
699 2678 949 2751 modus
985 2682 1410 2771 procedendi
1465 2690 1708 2754 contra
1766 2684 2107 2772 parochos
2145 2682 2480 2755 absentes
2517 2683 2853 2755 inventus
2889 2690 3035 2770 est;
3073 2683 3261 2773 prius

619 2814 654 2857 ›
696 2791 884 2861 enim
939 2793 1208 2864 citandi
1261 2800 1431 2865 sunt
1483 2811 1610 2882 per
1662 2795 2017 2882 edictum,
2077 2794 2337 2866 deinde
2407 2794 2939 2884 procedendum
2989 2801 3096 2866 est
3146 2810 3263 2883 per

616 2927 654 2969 »
694 2921 1030 2975 censuras
1082 2906 1626 2992 ecclesiasticas,
1689 2907 2333 2995 sequestrationem
2389 2911 2460 2977 et
2510 2904 3064 2977 subtractionem
3123 2903 3264 2973 fru-

617 3038 654 3081 »
697 3020 966 3102 ctuum,
1025 3022 1095 3087 et
1149 3016 1433 3088 demum
1487 3017 1645 3088 aliis
1698 3018 1871 3088 iuris
1924 3017 2257 3088 remediis
2308 3013 2729 3088 Ordinarius
2775 3022 3008 3107 potest
3053 3015 3265 3086 etiam

616 3148 654 3190 »
693 3127 798 3196 uti
851 3144 1079 3215 usque
1131 3127 1221 3197 ad
1278 3129 1789 3218 privationem,
1848 3127 2229 3200 dummodo
2286 3134 2522 3199 tamen
2576 3128 2668 3200 ab
2721 3128 2972 3200 ultimo
3038 3125 3263 3198 edicto

617 3261 653 3303 »
695 3239 983 3327 parochi
1030 3239 1365 3312 absentes
1417 3239 1653 3311 adhuc
1703 3258 1829 3330 per
1881 3257 2003 3311 sex
2060 3257 2338 3311 menses
2376 3245 2882 3329 exspectentur
2918 3239 3105 3309 iuxta
3143 3236 3269 3308 de·

618 3371 654 3413 »
697 3348 1155 3422 clarationem
1211 3349 1283 3422 S.
1326 3350 1933 3443 Congregationis,
1987 3351 2075 3422 de
2130 3369 2269 3440 qua
2325 3356 2629 3422 testatur
2669 3347 2856 3420 Rota
2893 3350 3053 3422 Dec.
3098 3344 3262 3420 131.

619 3483 655 3525 »
697 3461 772 3530 in
824 3462 990 3548 fin„
1046 3464 1211 3534 Dec.
1258 3462 1421 3536 163.
1467 3465 1539 3534 in
1586 3463 1824 3554 princ.
1863 3487 1929 3532 ».

760 3573 929 3643 237.
992 3596 1029 3637 ιι
1067 3571 1259 3646 Haec
1312 3574 1602 3665 quidem
1656 3594 1799 3647 non
1853 3581 1961 3647 est
2013 3574 2234 3645 forma
2290 3572 2717 3665 procedendi
2771 3580 3012 3644 contra
3061 3588 3271 3662 paro-

619 3706 655 3749 »
697 3683 866 3755 chos
920 3685 1282 3774 absentes,
1326 3688 1449 3759 sed
1505 3707 1645 3759 non
1683 3688 1973 3776 derogat
2009 3686 2453 3774 dispositioni
2490 3702 2849 3756 sacrorum
2887 3700 3261 3755 canonum.

617 3818 655 3860 »
695 3792 795 3866 De
851 3797 998 3868 iure
1052 3798 1238 3868 enim
1296 3805 1538 3869 contra
1591 3796 1935 3887 parochos
1987 3797 2384 3881 latitantes,
2426 3793 2762 3886 profugos
2814 3802 2885 3867 et
2939 3793 3268 3865 absentes

615 3931 653 3974 >
695 3907 924 3979 tribus
975 3908 1222 3981 edictis
1276 3908 1803 3999 procedendum
1854 3914 2005 3995 est;
2066 3927 2104 3979 e
2157 3914 2400 3979 contra
2454 3925 2539 3978 ex
2595 3903 3009 3978 Tridentino
3042 3923 3263 3974 unuru

616 4042 654 4084 »
694 4017 982 4106 sufficit,
1024 4020 1082 4090 si
1126 4020 1314 4091 ultra
1366 4020 1673 4092 edictum
1712 4018 2142 4091 adiiciantur
2178 4035 2520 4090 censurae
2559 4018 3070 4091 ecclesiasticae
3099 4034 3270 4089 cum

618 4152 654 4194 »
695 4131 1262 4219 sequestratione
1316 4138 1386 4203 et
1436 4130 1921 4204 subtractione
1977 4129 2391 4220 fructuum3
2450 4138 2521 4203 et
2571 4131 2750 4202 ratio
2787 4138 2924 4219 est,
2979 4131 3145 4220 quia
3181 4146 3273 4200 ex

616 4263 654 4305 »
697 4249 934 4314 mente
988 4238 1383 4314 Tridentini
1437 4246 1908 4330 sequestratio
1960 4252 2029 4316 et
2083 4244 2474 4315 subtractio
2511 4241 2872 4313 fructuum
2911 4262 3061 4316 cum
3098 4258 3277 4312 cen-

617 4377 654 4423 ›
696 4355 882 4425 suris
932 4361 1126 4426 stant
1171 4354 1331 4426 ‘loco
1384 4355 1596 4426 trium
1651 4355 2070 4443 edictorum,
2106 4372 2289 4443 quae
2326 4353 2414 4424 de
2451 4355 2605 4425 iure
2640 4356 3033 4425 necessaria
3062 4358 3273 4440 sunt,

618 4487 656 4529 »
700 4471 777 4535 ut
829 4467 1115 4555 parochi
1171 4465 1507 4538 absentes
1559 4465 1877 4537 ecclesiis
1912 4467 2302 4555 priventur.
2357 4461 2629 4537 Idcirco
2674 4460 3081 4536 Ordinarius
3124 4481 3278 4534 uno

623 4596 661 4641 ›
701 4575 811 4644 vei
867 4576 1004 4648 aiio
1056 4577 1265 4648 modo
1315 4577 1699 4670 procedere
1750 4583 1983 4668 potest
2035 4578 2123 4648 ad
2161 4576 2628 4667 privationem
2663 4576 2989 4649 beneficii
3021 4582 3281 4646 contra

624 4703 662 4745 »
705 4684 1048 4769 parochos
1102 4687 1512 4773 latitantes3
1568 4693 1871 4776 utraque
1924 4694 2163 4758 tamen
2219 4685 2472 4773 forma,
2515 4687 2687 4757 iuris
2731 4706 2814 4759 ac
2850 4684 3279 4778 Tridentini,
