<?xml version="1.0" encoding="UTF-8"?>
<!DOCTYPE html PUBLIC "-//W3C//DTD XHTML 1.0 Transitional//EN"
    "http://www.w3.org/TR/xhtml1/DTD/xhtml1-transitional.dtd">
<html xmlns="http://www.w3.org/1999/xhtml" xml:lang="en" lang="en">
 <head>
  <title>
</title>
<meta http-equiv="Content-Type" content="text/html;charset=utf-8" />
  <meta name='ocr-system' content='tesseract 3.04.00' />
  <meta name='ocr-capabilities' content='ocr_page ocr_carea ocr_par ocr_line ocrx_word'/>
</head>
<body>
  <div class='ocr_page' id='page_1' title='image "./devisitationesa00popegoog_0321.png"; bbox 0 0 3497 5235; ppageno 0'>
   <div class='ocr_carea' id='block_1_1' title="bbox 1037 252 2866 329">
    <p class='ocr_par' dir='ltr' id='par_1_1' title="bbox 1037 252 2866 329">
     <span class='ocr_line' id='line_1_1' title="bbox 1037 252 2866 329; baseline 0.002 -16"><span class='ocrx_word' id='word_1_1' title='bbox 1037 255 1160 329; x_wconf 62' lang='grc' dir='ltr'><strong>σοι».</strong></span> <span class='ocrx_word' id='word_1_2' title='bbox 1184 257 1280 314; x_wconf 89' lang='lat'><strong>111.</strong></span> <span class='ocrx_word' id='word_1_3' title='bbox 1320 255 1393 312; x_wconf 74' lang='lat' dir='ltr'>Do</span> <span class='ocrx_word' id='word_1_4' title='bbox 1432 252 1567 314; x_wconf 73' lang='lat' dir='ltr'>clero</span> <span class='ocrx_word' id='word_1_5' title='bbox 1608 254 1880 313; x_wconf 64' lang='lat' dir='ltr'>tacuisti.</span> <span class='ocrx_word' id='word_1_6' title='bbox 1920 256 1976 329; x_wconf 64' lang='lat' dir='ltr'>§z</span> <span class='ocrx_word' id='word_1_7' title='bbox 2002 255 2048 314; x_wconf 85' lang='lat'><strong>1.</strong></span> <span class='ocrx_word' id='word_1_8' title='bbox 2758 255 2866 318; x_wconf 74' lang='lat'>281</span> 
     </span>
    </p>
   </div>
   <div class='ocr_carea' id='block_1_2' title="bbox 159 384 2895 4723">
    <p class='ocr_par' dir='ltr' id='par_1_2' title="bbox 159 384 2895 4723">
     <span class='ocr_line' id='line_1_2' title="bbox 258 384 2880 483; baseline 0.003 -27"><span class='ocrx_word' id='word_1_9' title='bbox 258 404 483 475; x_wconf 82' lang='lat' dir='ltr'>›men,</span> <span class='ocrx_word' id='word_1_10' title='bbox 538 391 618 458; x_wconf 92' lang='lat' dir='ltr'>ut</span> <span class='ocrx_word' id='word_1_11' title='bbox 665 386 925 460; x_wconf 91' lang='lat' dir='ltr'>diebus</span> <span class='ocrx_word' id='word_1_12' title='bbox 972 384 1361 459; x_wconf 81' lang='lat' dir='ltr'>Dominicis</span> <span class='ocrx_word' id='word_1_13' title='bbox 1410 393 1480 459; x_wconf 92' lang='lat' dir='ltr'>et</span> <span class='ocrx_word' id='word_1_14' title='bbox 1531 386 1731 460; x_wconf 83' lang='lat' dir='ltr'>iestis</span> <span class='ocrx_word' id='word_1_15' title='bbox 1784 388 1873 459; x_wconf 93' lang='lat' dir='ltr'>de</span> <span class='ocrx_word' id='word_1_16' title='bbox 1924 395 2335 482; x_wconf 88' lang='lat' dir='ltr'>praecepto,</span> <span class='ocrx_word' id='word_1_17' title='bbox 2375 395 2697 483; x_wconf 89' lang='lat' dir='ltr'>tempore</span> <span class='ocrx_word' id='word_1_18' title='bbox 2738 388 2880 463; x_wconf 82' lang='lat' dir='ltr'>Ad-</span> 
     </span>
     <span class='ocr_line' id='line_1_3' title="bbox 257 495 2879 590; baseline 0.003 -25"><span class='ocrx_word' id='word_1_19' title='bbox 257 523 284 565; x_wconf 78' lang='lat'><strong>»</strong></span> <span class='ocrx_word' id='word_1_20' title='bbox 314 507 543 571; x_wconf 86' lang='lat' dir='ltr'>ventus</span> <span class='ocrx_word' id='word_1_21' title='bbox 593 503 664 570; x_wconf 91' lang='lat' dir='ltr'>et</span> <span class='ocrx_word' id='word_1_22' title='bbox 699 496 1325 590; x_wconf 84' lang='lat' dir='ltr'>Quadragesimae,</span> <span class='ocrx_word' id='word_1_23' title='bbox 1368 518 1452 570; x_wconf 93' lang='lat' dir='ltr'>ac</span> <span class='ocrx_word' id='word_1_24' title='bbox 1485 505 1899 571; x_wconf 87' lang='lat' dir='ltr'>octavarum</span> <span class='ocrx_word' id='word_1_25' title='bbox 1943 495 2356 573; x_wconf 89' lang='lat' dir='ltr'>Nativitatis</span> <span class='ocrx_word' id='word_1_26' title='bbox 2391 498 2702 588; x_wconf 89' lang='lat' dir='ltr'>Domini,</span> <span class='ocrx_word' id='word_1_27' title='bbox 2742 498 2879 572; x_wconf 88' lang='lat' dir='ltr'>Pa-</span> 
     </span>
     <span class='ocr_line' id='line_1_4' title="bbox 254 606 2877 702; baseline 0.003 -25"><span class='ocrx_word' id='word_1_28' title='bbox 254 633 283 677; x_wconf 80' lang='lat'><strong>»</strong></span> <span class='ocrx_word' id='word_1_29' title='bbox 311 610 550 681; x_wconf 87' lang='lat' dir='ltr'>schatis</span> <span class='ocrx_word' id='word_1_30' title='bbox 583 607 1152 683; x_wconf 85' lang='lat' dir='ltr'>Resurrectionis</span> <span class='ocrx_word' id='word_1_31' title='bbox 1186 608 1272 680; x_wconf 91' lang='lat' dir='ltr'>D.</span> <span class='ocrx_word' id='word_1_32' title='bbox 1304 606 1390 680; x_wconf 89' lang='lat' dir='ltr'>N.</span> <span class='ocrx_word' id='word_1_33' title='bbox 1427 606 1488 681; x_wconf 91' lang='lat'><strong>1.</strong></span> <span class='ocrx_word' id='word_1_34' title='bbox 1529 607 1637 698; x_wconf 92' lang='lat' dir='ltr'>C.,</span> <span class='ocrx_word' id='word_1_35' title='bbox 1678 629 1763 683; x_wconf 89' lang='lat' dir='ltr'>ac</span> <span class='ocrx_word' id='word_1_36' title='bbox 1798 610 1993 682; x_wconf 78' lang='lat' dir='ltr'>SStbi</span> <span class='ocrx_word' id='word_1_37' title='bbox 2030 607 2355 702; x_wconf 84' lang='lat' dir='ltr'>Corporis</span> <span class='ocrx_word' id='word_1_38' title='bbox 2387 609 2648 685; x_wconf 82' lang='lat' dir='ltr'>Christi</span> <span class='ocrx_word' id='word_1_39' title='bbox 2685 614 2877 685; x_wconf 87' lang='lat' dir='ltr'>ultra</span> 
     </span>
     <span class='ocr_line' id='line_1_5' title="bbox 256 721 2875 813; baseline 0.003 -23"><span class='ocrx_word' id='word_1_40' title='bbox 256 723 746 795; x_wconf 82' lang='lat' dir='ltr'>»medietatem</span> <span class='ocrx_word' id='word_1_41' title='bbox 799 724 1331 813; x_wconf 83' lang='lat' dir='ltr'>capitularium,</span> <span class='ocrx_word' id='word_1_42' title='bbox 1372 723 1495 813; x_wconf 83' lang='lat' dir='ltr'>qui</span> <span class='ocrx_word' id='word_1_43' title='bbox 1549 740 1693 794; x_wconf 93' lang='lat' dir='ltr'>non</span> <span class='ocrx_word' id='word_1_44' title='bbox 1746 730 1957 796; x_wconf 92' lang='lat' dir='ltr'>erunt</span> <span class='ocrx_word' id='word_1_45' title='bbox 2012 723 2102 795; x_wconf 92' lang='lat' dir='ltr'>de</span> <span class='ocrx_word' id='word_1_46' title='bbox 2153 724 2466 812; x_wconf 82' lang='lat' dir='ltr'>servitiO,</span> <span class='ocrx_word' id='word_1_47' title='bbox 2506 721 2766 796; x_wconf 80' lang='lat' dir='ltr'>Missae</span> <span class='ocrx_word' id='word_1_48' title='bbox 2802 730 2875 797; x_wconf 91' lang='lat' dir='ltr'>et</span> 
     </span>
     <span class='ocr_line' id='line_1_6' title="bbox 254 829 1548 925; baseline 0 -23"><span class='ocrx_word' id='word_1_49' title='bbox 254 857 282 902; x_wconf 88' lang='lat'><strong>›</strong></span> <span class='ocrx_word' id='word_1_50' title='bbox 313 829 616 925; x_wconf 81' lang='lat' dir='ltr'>vesperis</span> <span class='ocrx_word' id='word_1_51' title='bbox 670 835 1010 906; x_wconf 90' lang='lat' dir='ltr'>inservire</span> <span class='ocrx_word' id='word_1_52' title='bbox 1067 839 1474 907; x_wconf 87' lang='lat' dir='ltr'>teneantur.</span> <span class='ocrx_word' id='word_1_53' title='bbox 1508 857 1548 902; x_wconf 58' lang='grc' dir='ltr'><strong>ν</strong></span> 
     </span>
     <span class='ocr_line' id='line_1_7' title="bbox 371 941 2877 1035; baseline 0.003 -22"><span class='ocrx_word' id='word_1_54' title='bbox 371 946 472 1015; x_wconf 89' lang='grc'>15.</span> <span class='ocrx_word' id='word_1_55' title='bbox 528 941 1023 1017; x_wconf 89' lang='lat' dir='ltr'>Limitationes</span> <span class='ocrx_word' id='word_1_56' title='bbox 1074 947 1150 1016; x_wconf 91' lang='lat' dir='ltr'>in</span> <span class='ocrx_word' id='word_1_57' title='bbox 1186 945 1592 1018; x_wconf 90' lang='lat' dir='ltr'>huiusmodi</span> <span class='ocrx_word' id='word_1_58' title='bbox 1631 944 1952 1017; x_wconf 79' lang='lat' dir='ltr'>clausula</span> <span class='ocrx_word' id='word_1_59' title='bbox 1989 945 2542 1035; x_wconf 83' lang='lat' dir='ltr'>comprehensas</span> <span class='ocrx_word' id='word_1_60' title='bbox 2579 947 2877 1020; x_wconf 83' lang='lat' dir='ltr'>adauxit</span> 
     </span>
     <span class='ocr_line' id='line_1_8' title="bbox 248 1054 2868 1150; baseline 0.001 -22"><span class='ocrx_word' id='word_1_61' title='bbox 248 1075 548 1149; x_wconf 79' lang='lat' dir='ltr'>persaepe</span> <span class='ocrx_word' id='word_1_62' title='bbox 584 1060 658 1130; x_wconf 90' lang='lat' dir='ltr'>S.</span> <span class='ocrx_word' id='word_1_63' title='bbox 699 1054 808 1147; x_wconf 94' lang='lat' dir='ltr'>C.,</span> <span class='ocrx_word' id='word_1_64' title='bbox 847 1057 1066 1130; x_wconf 88' lang='lat' dir='ltr'>veluti</span> <span class='ocrx_word' id='word_1_65' title='bbox 1105 1058 1371 1129; x_wconf 81' lang='lat' dir='ltr'>factum</span> <span class='ocrx_word' id='word_1_66' title='bbox 1407 1064 1517 1129; x_wconf 87' lang='lat' dir='ltr'>est</span> <span class='ocrx_word' id='word_1_67' title='bbox 1552 1058 1626 1129; x_wconf 88' lang='lat' dir='ltr'>in</span> <span class='ocrx_word' id='word_1_68' title='bbox 1661 1057 2045 1131; x_wconf 79' lang='lat' dir='ltr'>Bituntina</span> <span class='ocrx_word' id='word_1_69' title='bbox 2079 1058 2200 1128; x_wconf 75' lang='lat'><strong>24.</strong></span> <span class='ocrx_word' id='word_1_70' title='bbox 2243 1055 2580 1130; x_wconf 90' lang='lat' dir='ltr'>Decemb.</span> <span class='ocrx_word' id='word_1_71' title='bbox 2622 1060 2868 1150; x_wconf 90' lang='grc'><strong>1770.,</strong></span> 
     </span>
     <span class='ocr_line' id='line_1_9' title="bbox 248 1166 2874 1261; baseline 0.001 -21"><span class='ocrx_word' id='word_1_72' title='bbox 248 1169 306 1241; x_wconf 88' lang='lat' dir='ltr'>in</span> <span class='ocrx_word' id='word_1_73' title='bbox 345 1188 476 1260; x_wconf 87' lang='lat' dir='ltr'>qua</span> <span class='ocrx_word' id='word_1_74' title='bbox 530 1171 823 1261; x_wconf 89' lang='lat' dir='ltr'>insuper</span> <span class='ocrx_word' id='word_1_75' title='bbox 874 1166 1252 1242; x_wconf 78' lang='lat' dir='ltr'>Ordinatio</span> <span class='ocrx_word' id='word_1_76' title='bbox 1315 1171 1424 1242; x_wconf 91' lang='lat' dir='ltr'>ius</span> <span class='ocrx_word' id='word_1_77' title='bbox 1494 1171 1883 1242; x_wconf 82' lang='lat' dir='ltr'>reservavit</span> <span class='ocrx_word' id='word_1_78' title='bbox 1950 1170 2384 1260; x_wconf 87' lang='lat' dir='ltr'>capitulares</span> <span class='ocrx_word' id='word_1_79' title='bbox 2436 1170 2530 1242; x_wconf 90' lang='lat' dir='ltr'>ad</span> <span class='ocrx_word' id='word_1_80' title='bbox 2580 1170 2874 1242; x_wconf 90' lang='lat' dir='ltr'>chorum</span> 
     </span>
     <span class='ocr_line' id='line_1_10' title="bbox 245 1280 2879 1372; baseline 0 -20"><span class='ocrx_word' id='word_1_81' title='bbox 245 1281 503 1372; x_wconf 83' lang='lat' dir='ltr'>cogendi</span> <span class='ocrx_word' id='word_1_82' title='bbox 541 1280 1010 1372; x_wconf 80' lang='lat' dir='ltr'>temporibuS,</span> <span class='ocrx_word' id='word_1_83' title='bbox 1052 1299 1240 1371; x_wconf 86' lang='lat' dir='ltr'>quae</span> <span class='ocrx_word' id='word_1_84' title='bbox 1274 1281 1463 1352; x_wconf 91' lang='lat' dir='ltr'>bene</span> <span class='ocrx_word' id='word_1_85' title='bbox 1500 1280 1632 1352; x_wconf 91' lang='lat' dir='ltr'>sibi</span> <span class='ocrx_word' id='word_1_86' title='bbox 1690 1281 2147 1368; x_wconf 83' lang='lat' dir='ltr'>viderentur3</span> <span class='ocrx_word' id='word_1_87' title='bbox 2205 1281 2538 1370; x_wconf 85' lang='lat' dir='ltr'>idemque</span> <span class='ocrx_word' id='word_1_88' title='bbox 2572 1283 2879 1371; x_wconf 87' lang='lat' dir='ltr'>praesti·-</span> 
     </span>
     <span class='ocr_line' id='line_1_11' title="bbox 242 1389 2875 1483; baseline 0.002 -22"><span class='ocrx_word' id='word_1_89' title='bbox 242 1398 362 1461; x_wconf 86' lang='lat' dir='ltr'>tum</span> <span class='ocrx_word' id='word_1_90' title='bbox 394 1393 465 1463; x_wconf 92' lang='lat' dir='ltr'>in</span> <span class='ocrx_word' id='word_1_91' title='bbox 499 1393 876 1466; x_wconf 75' lang='lat' dir='ltr'>cosentina</span> <span class='ocrx_word' id='word_1_92' title='bbox 915 1395 1108 1465; x_wconf 83' lang='lat' dir='ltr'>Serv.</span> <span class='ocrx_word' id='word_1_93' title='bbox 1145 1393 1334 1465; x_wconf 86' lang='lat' dir='ltr'>chor.</span> <span class='ocrx_word' id='word_1_94' title='bbox 1377 1395 1498 1464; x_wconf 87' lang='lat'><strong>23.</strong></span> <span class='ocrx_word' id='word_1_95' title='bbox 1534 1389 1698 1464; x_wconf 91' lang='lat' dir='ltr'>Iun.</span> <span class='ocrx_word' id='word_1_96' title='bbox 1737 1394 1953 1465; x_wconf 84' lang='lat'><strong>1838.</strong></span> <span class='ocrx_word' id='word_1_97' title='bbox 1987 1390 2362 1466; x_wconf 90' lang='lat' dir='ltr'>Praeterea</span> <span class='ocrx_word' id='word_1_98' title='bbox 2399 1394 2474 1464; x_wconf 93' lang='lat' dir='ltr'>in</span> <span class='ocrx_word' id='word_1_99' title='bbox 2509 1394 2875 1483; x_wconf 90' lang='lat' dir='ltr'>praedicta</span> 
     </span>
     <span class='ocr_line' id='line_1_12' title="bbox 248 1501 2877 1595; baseline 0.002 -22"><span class='ocrx_word' id='word_1_100' title='bbox 248 1503 562 1575; x_wconf 74' lang='lat' dir='ltr'>Lucerina</span> <span class='ocrx_word' id='word_1_101' title='bbox 612 1505 732 1574; x_wconf 93' lang='lat'><strong>22.</strong></span> <span class='ocrx_word' id='word_1_102' title='bbox 773 1501 941 1576; x_wconf 93' lang='lat' dir='ltr'>Dec.</span> <span class='ocrx_word' id='word_1_103' title='bbox 990 1506 1204 1576; x_wconf 82' lang='lat'><strong>1838.</strong></span> <span class='ocrx_word' id='word_1_104' title='bbox 1248 1505 1340 1576; x_wconf 92' lang='lat' dir='ltr'>ab</span> <span class='ocrx_word' id='word_1_105' title='bbox 1394 1504 1673 1577; x_wconf 91' lang='lat' dir='ltr'>indulto</span> <span class='ocrx_word' id='word_1_106' title='bbox 1725 1506 2002 1595; x_wconf 79' lang='lat' dir='ltr'>excepti</span> <span class='ocrx_word' id='word_1_107' title='bbox 2039 1504 2237 1577; x_wconf 77' lang='lat' dir='ltr'>fuere</span> <span class='ocrx_word' id='word_1_108' title='bbox 2272 1505 2427 1577; x_wconf 89' lang='lat' dir='ltr'>dies</span> <span class='ocrx_word' id='word_1_109' title='bbox 2463 1504 2623 1577; x_wconf 81' lang='lat' dir='ltr'>festi</span> <span class='ocrx_word' id='word_1_110' title='bbox 2662 1507 2877 1578; x_wconf 88' lang='lat' dir='ltr'>etiam</span> 
     </span>
     <span class='ocr_line' id='line_1_13' title="bbox 248 1613 2878 1707; baseline 0.003 -24"><span class='ocrx_word' id='word_1_111' title='bbox 248 1615 478 1687; x_wconf 86' lang='lat' dir='ltr'>reducti</span> <span class='ocrx_word' id='word_1_112' title='bbox 543 1623 615 1688; x_wconf 91' lang='lat' dir='ltr'>et</span> <span class='ocrx_word' id='word_1_113' title='bbox 692 1615 952 1689; x_wconf 81' lang='lat' dir='ltr'>festum</span> <span class='ocrx_word' id='word_1_114' title='bbox 1030 1615 1102 1688; x_wconf 91' lang='lat' dir='ltr'>S.</span> <span class='ocrx_word' id='word_1_115' title='bbox 1145 1613 1530 1705; x_wconf 89' lang='lat' dir='ltr'>Titularis;</span> <span class='ocrx_word' id='word_1_116' title='bbox 1605 1615 1869 1706; x_wconf 88' lang='lat' dir='ltr'>quibus</span> <span class='ocrx_word' id='word_1_117' title='bbox 1939 1618 2239 1707; x_wconf 88' lang='lat' dir='ltr'>proinde</span> <span class='ocrx_word' id='word_1_118' title='bbox 2316 1617 2570 1691; x_wconf 91' lang='lat' dir='ltr'>diebus</span> <span class='ocrx_word' id='word_1_119' title='bbox 2630 1637 2878 1691; x_wconf 87' lang='lat' dir='ltr'>omnes</span> 
     </span>
     <span class='ocr_line' id='line_1_14' title="bbox 249 1726 1937 1818; baseline 0.001 -23"><span class='ocrx_word' id='word_1_120' title='bbox 249 1727 493 1798; x_wconf 88' lang='lat' dir='ltr'>omnino</span> <span class='ocrx_word' id='word_1_121' title='bbox 546 1728 643 1798; x_wconf 90' lang='lat' dir='ltr'>ad</span> <span class='ocrx_word' id='word_1_122' title='bbox 695 1726 986 1799; x_wconf 90' lang='lat' dir='ltr'>chorum</span> <span class='ocrx_word' id='word_1_123' title='bbox 1042 1727 1377 1801; x_wconf 86' lang='lat' dir='ltr'>accedere</span> <span class='ocrx_word' id='word_1_124' title='bbox 1430 1727 1937 1818; x_wconf 84' lang='lat' dir='ltr'>adigebantur.</span> 
     </span>
     <span class='ocr_line' id='line_1_15' title="bbox 370 1834 2871 1931; baseline 0.003 -25"><span class='ocrx_word' id='word_1_125' title='bbox 370 1838 477 1908; x_wconf 94' lang='grc'>16.</span> <span class='ocrx_word' id='word_1_126' title='bbox 532 1834 804 1910; x_wconf 88' lang='lat' dir='ltr'>Causae</span> <span class='ocrx_word' id='word_1_127' title='bbox 857 1857 1049 1927; x_wconf 88' lang='lat' dir='ltr'>vero,</span> <span class='ocrx_word' id='word_1_128' title='bbox 1091 1857 1176 1910; x_wconf 83' lang='lat' dir='ltr'>ex</span> <span class='ocrx_word' id='word_1_129' title='bbox 1233 1838 1497 1929; x_wconf 84' lang='lat' dir='ltr'>quibus</span> <span class='ocrx_word' id='word_1_130' title='bbox 1549 1840 1622 1909; x_wconf 94' lang='lat' dir='ltr'>S.</span> <span class='ocrx_word' id='word_1_131' title='bbox 1662 1836 1737 1910; x_wconf 91' lang='lat' dir='ltr'>C.</span> <span class='ocrx_word' id='word_1_132' title='bbox 1796 1838 2203 1912; x_wconf 90' lang='lat' dir='ltr'>huiusmodi</span> <span class='ocrx_word' id='word_1_133' title='bbox 2258 1840 2533 1913; x_wconf 88' lang='lat' dir='ltr'>indulta</span> <span class='ocrx_word' id='word_1_134' title='bbox 2591 1841 2871 1931; x_wconf 86' lang='lat' dir='ltr'>tribuit,</span> 
     </span>
     <span class='ocr_line' id='line_1_16' title="bbox 248 1948 2882 2046; baseline 0.003 -28"><span class='ocrx_word' id='word_1_135' title='bbox 248 1948 471 2022; x_wconf 86' lang='lat' dir='ltr'>multae</span> <span class='ocrx_word' id='word_1_136' title='bbox 508 1968 667 2022; x_wconf 89' lang='lat' dir='ltr'>esse</span> <span class='ocrx_word' id='word_1_137' title='bbox 702 1957 1048 2040; x_wconf 83' lang='lat' dir='ltr'>possunt3</span> <span class='ocrx_word' id='word_1_138' title='bbox 1090 1959 1160 2024; x_wconf 94' lang='lat' dir='ltr'>et</span> <span class='ocrx_word' id='word_1_139' title='bbox 1197 1953 1423 2042; x_wconf 91' lang='lat' dir='ltr'>primo</span> <span class='ocrx_word' id='word_1_140' title='bbox 1462 1952 1754 2040; x_wconf 90' lang='lat' dir='ltr'>quidem</span> <span class='ocrx_word' id='word_1_141' title='bbox 1806 1973 1844 2016; x_wconf 64' lang='grc' dir='ltr'>ι</span> <span class='ocrx_word' id='word_1_142' title='bbox 1877 1953 2061 2023; x_wconf 87' lang='lat' dir='ltr'>aeris</span> <span class='ocrx_word' id='word_1_143' title='bbox 2097 1954 2555 2043; x_wconf 88' lang='lat' dir='ltr'>intemperies</span> <span class='ocrx_word' id='word_1_144' title='bbox 2601 1948 2716 2046; x_wconf 88' lang='lat' dir='ltr'>(ut</span> <span class='ocrx_word' id='word_1_145' title='bbox 2750 1954 2882 2026; x_wconf 90' lang='lat' dir='ltr'>ha-</span> 
     </span>
     <span class='ocr_line' id='line_1_17' title="bbox 250 2059 2883 2159; baseline 0.004 -33"><span class='ocrx_word' id='word_1_146' title='bbox 250 2083 281 2125; x_wconf 82' lang='lat'><strong>»</strong></span> <span class='ocrx_word' id='word_1_147' title='bbox 309 2059 500 2133; x_wconf 87' lang='lat' dir='ltr'>betur</span> <span class='ocrx_word' id='word_1_148' title='bbox 549 2063 624 2133; x_wconf 92' lang='lat' dir='ltr'>in</span> <span class='ocrx_word' id='word_1_149' title='bbox 679 2063 921 2135; x_wconf 68' lang='lat' dir='ltr'>Alban.</span> <span class='ocrx_word' id='word_1_150' title='bbox 969 2065 1160 2137; x_wconf 86' lang='lat' dir='ltr'>Serv.</span> <span class='ocrx_word' id='word_1_151' title='bbox 1204 2063 1394 2135; x_wconf 85' lang='lat' dir='ltr'>chor.</span> <span class='ocrx_word' id='word_1_152' title='bbox 1436 2066 1556 2135; x_wconf 84' lang='lat'><strong>23.</strong></span> <span class='ocrx_word' id='word_1_153' title='bbox 1598 2060 1807 2134; x_wconf 82' lang='lat' dir='ltr'>Mart.</span> <span class='ocrx_word' id='word_1_154' title='bbox 1853 2065 2066 2136; x_wconf 85' lang='grc'><strong>1839.</strong></span> <span class='ocrx_word' id='word_1_155' title='bbox 2105 2061 2180 2159; x_wconf 64' lang='grc' dir='ltr'><strong>ἓ.</strong></span> <span class='ocrx_word' id='word_1_156' title='bbox 2225 2061 2591 2158; x_wconf 80' lang='lat' dir='ltr'>Pensent),</span> <span class='ocrx_word' id='word_1_157' title='bbox 2647 2066 2883 2136; x_wconf 91' lang='lat' dir='ltr'>bumi-</span> 
     </span>
     <span class='ocr_line' id='line_1_18' title="bbox 251 2172 2879 2267; baseline 0.003 -29"><span class='ocrx_word' id='word_1_158' title='bbox 251 2172 533 2262; x_wconf 80' lang='lat' dir='ltr'>›ditaS,</span> <span class='ocrx_word' id='word_1_159' title='bbox 609 2173 1062 2264; x_wconf 90' lang='lat' dir='ltr'>climatisque</span> <span class='ocrx_word' id='word_1_160' title='bbox 1131 2174 1641 2263; x_wconf 89' lang='lat' dir='ltr'>insalubritas,</span> <span class='ocrx_word' id='word_1_161' title='bbox 1707 2192 1897 2265; x_wconf 88' lang='lat' dir='ltr'>quae</span> <span class='ocrx_word' id='word_1_162' title='bbox 1958 2175 2405 2267; x_wconf 82' lang='lat' dir='ltr'>allegantur,</span> <span class='ocrx_word' id='word_1_163' title='bbox 2470 2176 2879 2250; x_wconf 90' lang='lat' dir='ltr'>huiusmodi</span> 
     </span>
     <span class='ocr_line' id='line_1_19' title="bbox 251 2279 2876 2382; baseline 0.003 -32"><span class='ocrx_word' id='word_1_164' title='bbox 251 2307 285 2349; x_wconf 83' lang='lat'><strong>›</strong></span> <span class='ocrx_word' id='word_1_165' title='bbox 319 2279 575 2373; x_wconf 88' lang='lat' dir='ltr'>(iustae</span> <span class='ocrx_word' id='word_1_166' title='bbox 628 2287 966 2358; x_wconf 90' lang='lat' dir='ltr'>nimirum</span> <span class='ocrx_word' id='word_1_167' title='bbox 1004 2285 1296 2382; x_wconf 88' lang='lat' dir='ltr'>causae)</span> <span class='ocrx_word' id='word_1_168' title='bbox 1347 2304 1504 2359; x_wconf 90' lang='lat' dir='ltr'>esse</span> <span class='ocrx_word' id='word_1_169' title='bbox 1555 2287 1891 2359; x_wconf 87' lang='lat' dir='ltr'>videntur</span> <span class='ocrx_word' id='word_1_170' title='bbox 1926 2287 2019 2359; x_wconf 90' lang='lat' dir='ltr'>ad</span> <span class='ocrx_word' id='word_1_171' title='bbox 2053 2287 2382 2378; x_wconf 85' lang='lat' dir='ltr'>exempla</span> <span class='ocrx_word' id='word_1_172' title='bbox 2419 2289 2494 2359; x_wconf 92' lang='lat' dir='ltr'>in</span> <span class='ocrx_word' id='word_1_173' title='bbox 2532 2288 2876 2360; x_wconf 81' lang='lat' dir='ltr'>Isernien.</span> 
     </span>
     <span class='ocr_line' id='line_1_20' title="bbox 248 2394 2886 2472; baseline 0.005 -12"><span class='ocrx_word' id='word_1_174' title='bbox 248 2420 284 2460; x_wconf 56' lang='grc' dir='ltr'><strong><em>ν</em></strong></span> <span class='ocrx_word' id='word_1_175' title='bbox 317 2396 420 2467; x_wconf 87' lang='lat'>26.</span> <span class='ocrx_word' id='word_1_176' title='bbox 456 2394 622 2469; x_wconf 92' lang='lat' dir='ltr'>Iun.</span> <span class='ocrx_word' id='word_1_177' title='bbox 673 2399 886 2470; x_wconf 86' lang='lat'><strong>1723.</strong></span> <span class='ocrx_word' id='word_1_178' title='bbox 944 2401 1018 2471; x_wconf 93' lang='lat' dir='ltr'>in</span> <span class='ocrx_word' id='word_1_179' title='bbox 1080 2401 1559 2472; x_wconf 83' lang='lat' dir='ltr'>Tarraconen.</span> <span class='ocrx_word' id='word_1_180' title='bbox 1617 2401 1740 2471; x_wconf 86' lang='lat'><strong>23.</strong></span> <span class='ocrx_word' id='word_1_181' title='bbox 1782 2395 1989 2470; x_wconf 86' lang='lat' dir='ltr'>Mart.</span> <span class='ocrx_word' id='word_1_182' title='bbox 2039 2399 2315 2471; x_wconf 88' lang='grc'><strong>1765...</strong></span> <span class='ocrx_word' id='word_1_183' title='bbox 2374 2407 2445 2472; x_wconf 93' lang='lat' dir='ltr'>et</span> <span class='ocrx_word' id='word_1_184' title='bbox 2504 2400 2886 2472; x_wconf 87' lang='lat' dir='ltr'>novissime</span> 
     </span>
     <span class='ocr_line' id='line_1_21' title="bbox 245 2507 2875 2584; baseline 0.003 -10"><span class='ocrx_word' id='word_1_185' title='bbox 245 2529 279 2574; x_wconf 88' lang='lat'><strong>›</strong></span> <span class='ocrx_word' id='word_1_186' title='bbox 313 2509 374 2578; x_wconf 91' lang='lat' dir='ltr'>in</span> <span class='ocrx_word' id='word_1_187' title='bbox 431 2510 723 2584; x_wconf 81' lang='lat' dir='ltr'>Valven.</span> <span class='ocrx_word' id='word_1_188' title='bbox 768 2513 963 2584; x_wconf 84' lang='lat' dir='ltr'>Serv.</span> <span class='ocrx_word' id='word_1_189' title='bbox 1005 2512 1195 2583; x_wconf 83' lang='lat' dir='ltr'>chor.</span> <span class='ocrx_word' id='word_1_190' title='bbox 1237 2511 1357 2582; x_wconf 81' lang='grc'><strong>24.</strong></span> <span class='ocrx_word' id='word_1_191' title='bbox 1400 2507 1747 2583; x_wconf 81' lang='lat' dir='ltr'>Novemb.</span> <span class='ocrx_word' id='word_1_192' title='bbox 1796 2513 2008 2584; x_wconf 86' lang='lat'><strong>1738.</strong></span> <span class='ocrx_word' id='word_1_193' title='bbox 2052 2512 2145 2582; x_wconf 91' lang='lat' dir='ltr'>ad</span> <span class='ocrx_word' id='word_1_194' title='bbox 2198 2514 2269 2583; x_wconf 97' lang='lat'><strong>2.</strong></span> <span class='ocrx_word' id='word_1_195' title='bbox 2312 2511 2489 2584; x_wconf 94' lang='lat' dir='ltr'>dub.</span> <span class='ocrx_word' id='word_1_196' title='bbox 2549 2517 2619 2584; x_wconf 88' lang='lat' dir='ltr'>et</span> <span class='ocrx_word' id='word_1_197' title='bbox 2674 2510 2875 2582; x_wconf 90' lang='lat' dir='ltr'>alibi.</span> 
     </span>
     <span class='ocr_line' id='line_1_22' title="bbox 243 2617 2881 2718; baseline 0.001 -25"><span class='ocrx_word' id='word_1_198' title='bbox 243 2644 276 2685; x_wconf 63' lang='grc' dir='ltr'><strong>ν</strong></span> <span class='ocrx_word' id='word_1_199' title='bbox 317 2617 421 2694; x_wconf 81' lang='lat' dir='ltr'>Ast</span> <span class='ocrx_word' id='word_1_200' title='bbox 469 2623 693 2715; x_wconf 85' lang='lat' dir='ltr'>probe</span> <span class='ocrx_word' id='word_1_201' title='bbox 746 2642 904 2696; x_wconf 91' lang='lat' dir='ltr'>cum</span> <span class='ocrx_word' id='word_1_202' title='bbox 957 2622 1309 2716; x_wconf 88' lang='lat' dir='ltr'>Episcopo</span> <span class='ocrx_word' id='word_1_203' title='bbox 1362 2619 1680 2717; x_wconf 61' lang='lat' dir='ltr'>(Albam,</span> <span class='ocrx_word' id='word_1_204' title='bbox 1716 2625 1922 2695; x_wconf 88' lang='lat' dir='ltr'>cuius</span> <span class='ocrx_word' id='word_1_205' title='bbox 1956 2626 2317 2696; x_wconf 87' lang='lat' dir='ltr'>sententia</span> <span class='ocrx_word' id='word_1_206' title='bbox 2352 2624 2575 2696; x_wconf 89' lang='lat' dir='ltr'>relata</span> <span class='ocrx_word' id='word_1_207' title='bbox 2615 2619 2881 2718; x_wconf 81' lang='lat' dir='ltr'>iuerat)</span> 
     </span>
     <span class='ocr_line' id='line_1_23' title="bbox 238 2733 2880 2823; baseline -0 -20"><span class='ocrx_word' id='word_1_208' title='bbox 238 2754 272 2796; x_wconf 83' lang='lat'><strong>›</strong></span> <span class='ocrx_word' id='word_1_209' title='bbox 310 2740 402 2805; x_wconf 88' lang='lat' dir='ltr'>est</span> <span class='ocrx_word' id='word_1_210' title='bbox 449 2734 998 2822; x_wconf 89' lang='lat' dir='ltr'>advertendum,</span> <span class='ocrx_word' id='word_1_211' title='bbox 1056 2753 1229 2807; x_wconf 91' lang='lat' dir='ltr'>num</span> <span class='ocrx_word' id='word_1_212' title='bbox 1283 2733 1463 2806; x_wconf 89' lang='lat' dir='ltr'>baec</span> <span class='ocrx_word' id='word_1_213' title='bbox 1514 2736 1699 2806; x_wconf 89' lang='lat' dir='ltr'>aeris</span> <span class='ocrx_word' id='word_1_214' title='bbox 1753 2735 2217 2807; x_wconf 88' lang='lat' dir='ltr'>insalubritas</span> <span class='ocrx_word' id='word_1_215' title='bbox 2269 2754 2352 2807; x_wconf 90' lang='lat' dir='ltr'>ea</span> <span class='ocrx_word' id='word_1_216' title='bbox 2405 2736 2523 2821; x_wconf 90' lang='lat' dir='ltr'>sit,</span> <span class='ocrx_word' id='word_1_217' title='bbox 2583 2733 2880 2823; x_wconf 89' lang='lat' dir='ltr'>quaein</span> 
     </span>
     <span class='ocr_line' id='line_1_24' title="bbox 236 2843 2881 2937; baseline 0.003 -29"><span class='ocrx_word' id='word_1_218' title='bbox 236 2867 272 2907; x_wconf 57' lang='grc' dir='ltr'><strong>ν</strong></span> <span class='ocrx_word' id='word_1_219' title='bbox 310 2843 532 2917; x_wconf 89' lang='lat' dir='ltr'>allatis</span> <span class='ocrx_word' id='word_1_220' title='bbox 585 2846 977 2937; x_wconf 81' lang='lat' dir='ltr'>exemplis3</span> <span class='ocrx_word' id='word_1_221' title='bbox 1037 2864 1126 2917; x_wconf 93' lang='lat' dir='ltr'>ne</span> <span class='ocrx_word' id='word_1_222' title='bbox 1178 2847 1447 2919; x_wconf 90' lang='lat' dir='ltr'>scilicet</span> <span class='ocrx_word' id='word_1_223' title='bbox 1500 2846 1705 2920; x_wconf 80' lang='lat' dir='ltr'>facile</span> <span class='ocrx_word' id='word_1_224' title='bbox 1760 2847 1994 2919; x_wconf 90' lang='lat' dir='ltr'>cultus</span> <span class='ocrx_word' id='word_1_225' title='bbox 2049 2846 2337 2918; x_wconf 89' lang='lat' dir='ltr'>divinus</span> <span class='ocrx_word' id='word_1_226' title='bbox 2372 2846 2881 2917; x_wconf 88' lang='lat' dir='ltr'>detrimentum</span> 
     </span>
     <span class='ocr_line' id='line_1_25' title="bbox 234 2955 2880 3050; baseline -0 -24"><span class='ocrx_word' id='word_1_227' title='bbox 234 2979 271 3025; x_wconf 88' lang='lat'>›</span> <span class='ocrx_word' id='word_1_228' title='bbox 309 2958 657 3045; x_wconf 84' lang='lat' dir='ltr'>patiatur;</span> <span class='ocrx_word' id='word_1_229' title='bbox 719 2959 910 3049; x_wconf 83' lang='lat' dir='ltr'>quod</span> <span class='ocrx_word' id='word_1_230' title='bbox 962 2958 1344 3050; x_wconf 84' lang='lat' dir='ltr'>diligenter</span> <span class='ocrx_word' id='word_1_231' title='bbox 1396 2960 1796 3032; x_wconf 82' lang='lat' dir='ltr'>cavendum</span> <span class='ocrx_word' id='word_1_232' title='bbox 1849 2962 1922 3030; x_wconf 91' lang='lat' dir='ltr'>in</span> <span class='ocrx_word' id='word_1_233' title='bbox 1973 2958 2191 3030; x_wconf 87' lang='lat' dir='ltr'>buius</span> <span class='ocrx_word' id='word_1_234' title='bbox 2245 2957 2522 3049; x_wconf 90' lang='lat' dir='ltr'>generis</span> <span class='ocrx_word' id='word_1_235' title='bbox 2582 2955 2880 3026; x_wconf 90' lang='lat' dir='ltr'>indultis</span> 
     </span>
     <span class='ocr_line' id='line_1_26' title="bbox 226 3068 2141 3163; baseline 0.001 -28"><span class='ocrx_word' id='word_1_236' title='bbox 226 3089 263 3135; x_wconf 85' lang='lat'>›</span> <span class='ocrx_word' id='word_1_237' title='bbox 300 3069 389 3139; x_wconf 89' lang='lat' dir='ltr'>ad</span> <span class='ocrx_word' id='word_1_238' title='bbox 445 3071 641 3142; x_wconf 77' lang='lat' dir='ltr'>Text.</span> <span class='ocrx_word' id='word_1_239' title='bbox 686 3070 765 3141; x_wconf 79' lang='lat' dir='ltr'>in</span> <span class='ocrx_word' id='word_1_240' title='bbox 810 3072 978 3161; x_wconf 84' lang='lat' dir='ltr'>Cap.</span> <span class='ocrx_word' id='word_1_241' title='bbox 1024 3070 1142 3143; x_wconf 75' lang='lat'>12.</span> <span class='ocrx_word' id='word_1_242' title='bbox 1185 3071 1269 3143; x_wconf 83' lang='lat' dir='ltr'>de</span> <span class='ocrx_word' id='word_1_243' title='bbox 1323 3071 1618 3145; x_wconf 82' lang='lat' dir='ltr'>Constit.</span> <span class='ocrx_word' id='word_1_244' title='bbox 1660 3068 1735 3163; x_wconf 62' lang='grc' dir='ltr'><strong>ἓ.</strong></span> <span class='ocrx_word' id='word_1_245' title='bbox 1790 3071 2065 3143; x_wconf 82' lang='lat' dir='ltr'>Verum.</span> <span class='ocrx_word' id='word_1_246' title='bbox 2103 3094 2141 3136; x_wconf 80' lang='lat'><strong>»</strong></span> 
     </span>
     <span class='ocr_line' id='line_1_27' title="bbox 371 3176 2882 3277; baseline 0.001 -28"><span class='ocrx_word' id='word_1_247' title='bbox 371 3181 480 3251; x_wconf 88' lang='grc'>17.</span> <span class='ocrx_word' id='word_1_248' title='bbox 510 3179 841 3254; x_wconf 88' lang='lat' dir='ltr'>Secundo</span> <span class='ocrx_word' id='word_1_249' title='bbox 871 3182 1022 3253; x_wconf 89' lang='lat' dir='ltr'>loco</span> <span class='ocrx_word' id='word_1_250' title='bbox 1062 3205 1100 3246; x_wconf 63' lang='lat' dir='ltr'>a&lt;</span> <span class='ocrx_word' id='word_1_251' title='bbox 1133 3199 1363 3271; x_wconf 87' lang='lat' dir='ltr'>aequa</span> <span class='ocrx_word' id='word_1_252' title='bbox 1392 3179 1527 3277; x_wconf 92' lang='lat' dir='ltr'>(sic</span> <span class='ocrx_word' id='word_1_253' title='bbox 1563 3183 1794 3274; x_wconf 89' lang='lat' dir='ltr'>pergit</span> <span class='ocrx_word' id='word_1_254' title='bbox 1820 3182 2070 3255; x_wconf 88' lang='lat' dir='ltr'>eadem</span> <span class='ocrx_word' id='word_1_255' title='bbox 2101 3176 2384 3276; x_wconf 82' lang='lat' dir='ltr'>Alben.)</span> <span class='ocrx_word' id='word_1_256' title='bbox 2413 3180 2628 3252; x_wconf 89' lang='lat' dir='ltr'>etiam</span> <span class='ocrx_word' id='word_1_257' title='bbox 2666 3197 2882 3251; x_wconf 88' lang='lat' dir='ltr'>causa</span> 
     </span>
     <span class='ocr_line' id='line_1_28' title="bbox 219 3290 2884 3383; baseline 0.001 -26"><span class='ocrx_word' id='word_1_258' title='bbox 219 3314 256 3357; x_wconf 86' lang='lat'><strong>›</strong></span> <span class='ocrx_word' id='word_1_259' title='bbox 292 3290 540 3364; x_wconf 88' lang='lat' dir='ltr'>habita</span> <span class='ocrx_word' id='word_1_260' title='bbox 609 3310 824 3383; x_wconf 88' lang='lat' dir='ltr'>saepe</span> <span class='ocrx_word' id='word_1_261' title='bbox 887 3302 994 3367; x_wconf 89' lang='lat' dir='ltr'>est</span> <span class='ocrx_word' id='word_1_262' title='bbox 1047 3293 1404 3366; x_wconf 87' lang='lat' dir='ltr'>redituum</span> <span class='ocrx_word' id='word_1_263' title='bbox 1471 3295 1831 3382; x_wconf 80' lang='lat' dir='ltr'>tenuitaS,</span> <span class='ocrx_word' id='word_1_264' title='bbox 1898 3300 1975 3365; x_wconf 91' lang='lat' dir='ltr'>ut</span> <span class='ocrx_word' id='word_1_265' title='bbox 2028 3300 2224 3383; x_wconf 91' lang='lat' dir='ltr'>patet</span> <span class='ocrx_word' id='word_1_266' title='bbox 2294 3311 2421 3382; x_wconf 88' lang='lat' dir='ltr'>per</span> <span class='ocrx_word' id='word_1_267' title='bbox 2471 3292 2757 3364; x_wconf 88' lang='lat' dir='ltr'>decreta</span> <span class='ocrx_word' id='word_1_268' title='bbox 2809 3292 2884 3361; x_wconf 93' lang='lat' dir='ltr'>in</span> 
     </span>
     <span class='ocr_line' id='line_1_29' title="bbox 212 3402 2879 3496; baseline 0.001 -27"><span class='ocrx_word' id='word_1_269' title='bbox 212 3426 249 3469; x_wconf 86' lang='lat'><strong>›</strong></span> <span class='ocrx_word' id='word_1_270' title='bbox 288 3404 600 3496; x_wconf 87' lang='lat' dir='ltr'>allegata</span> <span class='ocrx_word' id='word_1_271' title='bbox 657 3405 1066 3477; x_wconf 84' lang='lat' dir='ltr'>Isernien...</span> <span class='ocrx_word' id='word_1_272' title='bbox 1109 3410 1178 3477; x_wconf 91' lang='lat' dir='ltr'>et</span> <span class='ocrx_word' id='word_1_273' title='bbox 1231 3407 1306 3476; x_wconf 89' lang='lat' dir='ltr'>in</span> <span class='ocrx_word' id='word_1_274' title='bbox 1341 3406 1686 3478; x_wconf 79' lang='lat' dir='ltr'>Arianen.</span> <span class='ocrx_word' id='word_1_275' title='bbox 1735 3406 1849 3475; x_wconf 91' lang='lat'><strong>12.</strong></span> <span class='ocrx_word' id='word_1_276' title='bbox 1891 3402 2228 3477; x_wconf 90' lang='lat' dir='ltr'>Decemb.</span> <span class='ocrx_word' id='word_1_277' title='bbox 2275 3405 2524 3492; x_wconf 87' lang='grc'><strong>1698.,</strong></span> <span class='ocrx_word' id='word_1_278' title='bbox 2572 3405 2879 3475; x_wconf 84' lang='lat' dir='ltr'>Tranen.</span> 
     </span>
     <span class='ocr_line' id='line_1_30' title="bbox 208 3514 2882 3606; baseline 0.002 -25"><span class='ocrx_word' id='word_1_279' title='bbox 208 3539 246 3581; x_wconf 62' lang='grc' dir='ltr'><em>ι</em></span> <span class='ocrx_word' id='word_1_280' title='bbox 284 3517 416 3587; x_wconf 89' lang='grc'><strong>22.</strong></span> <span class='ocrx_word' id='word_1_281' title='bbox 456 3514 805 3589; x_wconf 82' lang='lat' dir='ltr'>Novemb.</span> <span class='ocrx_word' id='word_1_282' title='bbox 854 3517 1067 3588; x_wconf 92' lang='grc'><strong>1738.</strong></span> <span class='ocrx_word' id='word_1_283' title='bbox 1146 3517 1270 3587; x_wconf 80' lang='lat' dir='ltr'>Ast</span> <span class='ocrx_word' id='word_1_284' title='bbox 1323 3518 1540 3589; x_wconf 88' lang='lat' dir='ltr'>etiam</span> <span class='ocrx_word' id='word_1_285' title='bbox 1610 3515 2202 3606; x_wconf 88' lang='lat' dir='ltr'>ponderandum,</span> <span class='ocrx_word' id='word_1_286' title='bbox 2260 3534 2354 3586; x_wconf 91' lang='lat' dir='ltr'>an</span> <span class='ocrx_word' id='word_1_287' title='bbox 2406 3535 2492 3589; x_wconf 89' lang='lat' dir='ltr'>ea</span> <span class='ocrx_word' id='word_1_288' title='bbox 2547 3515 2710 3587; x_wconf 87' lang='lat' dir='ltr'>talis</span> <span class='ocrx_word' id='word_1_289' title='bbox 2761 3515 2882 3604; x_wconf 91' lang='lat' dir='ltr'>sit,</span> 
     </span>
     <span class='ocr_line' id='line_1_31' title="bbox 205 3627 2884 3722; baseline 0.001 -28"><span class='ocrx_word' id='word_1_290' title='bbox 205 3651 243 3693; x_wconf 81' lang='lat'><strong>»</strong></span> <span class='ocrx_word' id='word_1_291' title='bbox 284 3646 482 3717; x_wconf 88' lang='lat' dir='ltr'>quae</span> <span class='ocrx_word' id='word_1_292' title='bbox 518 3647 690 3719; x_wconf 87' lang='lat' dir='ltr'>prae</span> <span class='ocrx_word' id='word_1_293' title='bbox 728 3628 1038 3722; x_wconf 90' lang='lat' dir='ltr'>locorum</span> <span class='ocrx_word' id='word_1_294' title='bbox 1078 3635 1149 3700; x_wconf 94' lang='lat' dir='ltr'>et</span> <span class='ocrx_word' id='word_1_295' title='bbox 1177 3647 1645 3720; x_wconf 89' lang='lat' dir='ltr'>personarum</span> <span class='ocrx_word' id='word_1_296' title='bbox 1676 3627 2023 3718; x_wconf 87' lang='lat' dir='ltr'>qualitate</span> <span class='ocrx_word' id='word_1_297' title='bbox 2053 3628 2352 3699; x_wconf 88' lang='lat' dir='ltr'>decorae</span> <span class='ocrx_word' id='word_1_298' title='bbox 2381 3628 2884 3699; x_wconf 90' lang='lat' dir='ltr'>canonicorum</span> 
     </span>
     <span class='ocr_line' id='line_1_32' title="bbox 196 3739 2885 3832; baseline 0.001 -27"><span class='ocrx_word' id='word_1_299' title='bbox 196 3763 237 3805; x_wconf 65' lang='grc' dir='ltr'>ι»</span> <span class='ocrx_word' id='word_1_300' title='bbox 278 3739 807 3812; x_wconf 86' lang='lat' dir='ltr'>sustentationi</span> <span class='ocrx_word' id='word_1_301' title='bbox 860 3758 1006 3811; x_wconf 91' lang='lat' dir='ltr'>non</span> <span class='ocrx_word' id='word_1_302' title='bbox 1058 3741 1233 3812; x_wconf 88' lang='lat' dir='ltr'>satis</span> <span class='ocrx_word' id='word_1_303' title='bbox 1284 3739 1524 3827; x_wconf 79' lang='lat' dir='ltr'>iaciat,</span> <span class='ocrx_word' id='word_1_304' title='bbox 1583 3759 1771 3830; x_wconf 88' lang='lat' dir='ltr'>quae</span> <span class='ocrx_word' id='word_1_305' title='bbox 1822 3739 2247 3832; x_wconf 89' lang='lat' dir='ltr'>plerumque</span> <span class='ocrx_word' id='word_1_306' title='bbox 2300 3739 2390 3810; x_wconf 91' lang='lat' dir='ltr'>ad</span> <span class='ocrx_word' id='word_1_307' title='bbox 2428 3746 2707 3811; x_wconf 88' lang='lat' dir='ltr'>scutata</span> <span class='ocrx_word' id='word_1_308' title='bbox 2761 3739 2885 3810; x_wconf 89' lang='lat' dir='ltr'>tri-</span> 
     </span>
     <span class='ocr_line' id='line_1_33' title="bbox 195 3850 2879 3944; baseline 0.001 -27"><span class='ocrx_word' id='word_1_309' title='bbox 195 3877 232 3917; x_wconf 83' lang='lat'>›</span> <span class='ocrx_word' id='word_1_310' title='bbox 275 3853 523 3943; x_wconf 88' lang='lat' dir='ltr'>ginta,</span> <span class='ocrx_word' id='word_1_311' title='bbox 563 3851 677 3922; x_wconf 85' lang='lat' dir='ltr'>vel</span> <span class='ocrx_word' id='word_1_312' title='bbox 733 3851 1209 3942; x_wconf 87' lang='lat' dir='ltr'>quadraginta</span> <span class='ocrx_word' id='word_1_313' title='bbox 1263 3856 1675 3941; x_wconf 89' lang='lat' dir='ltr'>computata</span> <span class='ocrx_word' id='word_1_314' title='bbox 1711 3858 1848 3940; x_wconf 90' lang='lat' dir='ltr'>est,</span> <span class='ocrx_word' id='word_1_315' title='bbox 1889 3858 1971 3923; x_wconf 93' lang='lat' dir='ltr'>ut</span> <span class='ocrx_word' id='word_1_316' title='bbox 2009 3850 2267 3942; x_wconf 89' lang='lat' dir='ltr'>legitur</span> <span class='ocrx_word' id='word_1_317' title='bbox 2304 3852 2376 3921; x_wconf 91' lang='lat' dir='ltr'>in</span> <span class='ocrx_word' id='word_1_318' title='bbox 2417 3852 2721 3944; x_wconf 76' lang='lat' dir='ltr'>Siqnina</span> <span class='ocrx_word' id='word_1_319' title='bbox 2762 3851 2879 3921; x_wconf 92' lang='grc'>18.</span> 
     </span>
     <span class='ocr_line' id='line_1_34' title="bbox 187 3960 2885 4056; baseline 0 -24"><span class='ocrx_word' id='word_1_320' title='bbox 187 3988 225 4032; x_wconf 86' lang='lat'><strong>›</strong></span> <span class='ocrx_word' id='word_1_321' title='bbox 267 3962 463 4035; x_wconf 84' lang='lat' dir='ltr'>Dee.</span> <span class='ocrx_word' id='word_1_322' title='bbox 513 3963 727 4033; x_wconf 88' lang='grc'><strong>1837.</strong></span> <span class='ocrx_word' id='word_1_323' title='bbox 766 3960 841 4056; x_wconf 62' lang='grc' dir='ltr'><strong>ἓ.</strong></span> <span class='ocrx_word' id='word_1_324' title='bbox 882 3964 1009 4036; x_wconf 82' lang='lat' dir='ltr'>Ast</span> <span class='ocrx_word' id='word_1_325' title='bbox 1050 3963 1126 4033; x_wconf 80' lang='lat' dir='ltr'>in</span> <span class='ocrx_word' id='word_1_326' title='bbox 1178 3962 1311 4035; x_wconf 80' lang='lat' dir='ltr'>his,</span> <span class='ocrx_word' id='word_1_327' title='bbox 1351 3987 1388 4030; x_wconf 80' lang='lat'><strong>»</strong></span> <span class='ocrx_word' id='word_1_328' title='bbox 1445 3960 1870 4035; x_wconf 90' lang='lat' dir='ltr'>Huiusmodi</span> <span class='ocrx_word' id='word_1_329' title='bbox 1922 3963 2357 4053; x_wconf 89' lang='lat' dir='ltr'>computatio</span> <span class='ocrx_word' id='word_1_330' title='bbox 2394 3962 2567 4033; x_wconf 91' lang='lat' dir='ltr'>alibi</span> <span class='ocrx_word' id='word_1_331' title='bbox 2619 3962 2885 4052; x_wconf 88' lang='lat' dir='ltr'>passim</span> 
     </span>
     <span class='ocr_line' id='line_1_35' title="bbox 177 4072 2885 4164; baseline -0.002 -16"><span class='ocrx_word' id='word_1_332' title='bbox 177 4096 219 4148; x_wconf 89' lang='lat' dir='ltr'>a</span> <span class='ocrx_word' id='word_1_333' title='bbox 274 4074 358 4148; x_wconf 94' lang='lat' dir='ltr'><strong>S.</strong></span> <span class='ocrx_word' id='word_1_334' title='bbox 411 4072 499 4146; x_wconf 93' lang='lat' dir='ltr'>C.</span> <span class='ocrx_word' id='word_1_335' title='bbox 559 4073 901 4164; x_wconf 84' lang='lat' dir='ltr'>adoptata</span> <span class='ocrx_word' id='word_1_336' title='bbox 971 4082 1124 4147; x_wconf 86' lang='lat' dir='ltr'>est:</span> <span class='ocrx_word' id='word_1_337' title='bbox 1201 4074 1526 4164; x_wconf 88' lang='lat' dir='ltr'>quamvis</span> <span class='ocrx_word' id='word_1_338' title='bbox 1578 4074 1848 4146; x_wconf 90' lang='lat' dir='ltr'>ultimis</span> <span class='ocrx_word' id='word_1_339' title='bbox 1916 4074 2112 4146; x_wconf 88' lang='lat' dir='ltr'>hisce</span> <span class='ocrx_word' id='word_1_340' title='bbox 2181 4072 2663 4163; x_wconf 89' lang='lat' dir='ltr'>temporibus,</span> <span class='ocrx_word' id='word_1_341' title='bbox 2722 4090 2885 4145; x_wconf 91' lang='lat' dir='ltr'>cum</span> 
     </span>
     <span class='ocr_line' id='line_1_36' title="bbox 170 4182 2890 4279; baseline -0.002 -18"><span class='ocrx_word' id='word_1_342' title='bbox 170 4190 434 4279; x_wconf 84' lang='lat' dir='ltr'>pretia</span> <span class='ocrx_word' id='word_1_343' title='bbox 499 4204 735 4257; x_wconf 88' lang='lat' dir='ltr'>rerum</span> <span class='ocrx_word' id='word_1_344' title='bbox 791 4193 1162 4277; x_wconf 88' lang='lat' dir='ltr'>tantopere</span> <span class='ocrx_word' id='word_1_345' title='bbox 1216 4186 1681 4273; x_wconf 79' lang='lat' dir='ltr'>excreverint,</span> <span class='ocrx_word' id='word_1_346' title='bbox 1724 4204 1999 4276; x_wconf 87' lang='lat' dir='ltr'>paucae</span> <span class='ocrx_word' id='word_1_347' title='bbox 2045 4182 2361 4275; x_wconf 81' lang='lat' dir='ltr'>profecto</span> <span class='ocrx_word' id='word_1_348' title='bbox 2396 4183 2726 4275; x_wconf 91' lang='lat' dir='ltr'>regiones</span> <span class='ocrx_word' id='word_1_349' title='bbox 2764 4202 2890 4256; x_wconf 91' lang='lat' dir='ltr'>eae</span> 
     </span>
     <span class='ocr_line' id='line_1_37' title="bbox 168 4294 2887 4390; baseline -0.002 -18"><span class='ocrx_word' id='word_1_350' title='bbox 168 4307 388 4390; x_wconf 87' lang='lat' dir='ltr'>sunt,</span> <span class='ocrx_word' id='word_1_351' title='bbox 463 4299 544 4368; x_wconf 90' lang='lat' dir='ltr'>in</span> <span class='ocrx_word' id='word_1_352' title='bbox 601 4296 869 4386; x_wconf 89' lang='lat' dir='ltr'>quibus</span> <span class='ocrx_word' id='word_1_353' title='bbox 920 4316 1004 4369; x_wconf 88' lang='lat' dir='ltr'>ea</span> <span class='ocrx_word' id='word_1_354' title='bbox 1059 4316 1338 4369; x_wconf 91' lang='lat' dir='ltr'>summa</span> <span class='ocrx_word' id='word_1_355' title='bbox 1389 4296 1480 4367; x_wconf 91' lang='lat' dir='ltr'>ad</span> <span class='ocrx_word' id='word_1_356' title='bbox 1537 4297 1755 4368; x_wconf 90' lang='lat' dir='ltr'>vitam</span> <span class='ocrx_word' id='word_1_357' title='bbox 1791 4295 2131 4367; x_wconf 91' lang='lat' dir='ltr'>decenter</span> <span class='ocrx_word' id='word_1_358' title='bbox 2167 4294 2498 4367; x_wconf 87' lang='lat' dir='ltr'>alendam</span> <span class='ocrx_word' id='word_1_359' title='bbox 2536 4295 2887 4386; x_wconf 77' lang='lat' dir='ltr'>sufficiat3</span> 
     </span>
     <span class='ocr_line' id='line_1_38' title="bbox 168 4391 2892 4503; baseline -0.002 -18"><span class='ocrx_word' id='word_1_360' title='bbox 168 4431 412 4503; x_wconf 85' lang='lat' dir='ltr'>quam</span> <span class='ocrx_word' id='word_1_361' title='bbox 487 4408 783 4498; x_wconf 88' lang='lat' dir='ltr'>quidem</span> <span class='ocrx_word' id='word_1_362' title='bbox 836 4407 1526 4481; x_wconf 88' lang='lat' dir='ltr'>animadversionem</span> <span class='ocrx_word' id='word_1_363' title='bbox 1577 4404 1653 4477; x_wconf 88' lang='lat' dir='ltr'><strong>S.</strong></span> <span class='ocrx_word' id='word_1_364' title='bbox 1695 4404 1771 4477; x_wconf 93' lang='lat' dir='ltr'>C.</span> <span class='ocrx_word' id='word_1_365' title='bbox 1814 4407 2214 4495; x_wconf 87' lang='lat' dir='ltr'>attendere,</span> <span class='ocrx_word' id='word_1_366' title='bbox 2275 4391 2347 4479; x_wconf 81' lang='lat' dir='ltr'>et</span> <span class='ocrx_word' id='word_1_367' title='bbox 2399 4424 2511 4495; x_wconf 91' lang='lat' dir='ltr'>eo,</span> <span class='ocrx_word' id='word_1_368' title='bbox 2568 4425 2711 4497; x_wconf 91' lang='lat' dir='ltr'>quo</span> <span class='ocrx_word' id='word_1_369' title='bbox 2761 4426 2892 4499; x_wconf 89' lang='lat' dir='ltr'>par</span> 
     </span>
     <span class='ocr_line' id='line_1_39' title="bbox 160 4516 2885 4616; baseline -0.003 -19"><span class='ocrx_word' id='word_1_370' title='bbox 160 4534 308 4614; x_wconf 86' lang='lat' dir='ltr'>est,</span> <span class='ocrx_word' id='word_1_371' title='bbox 376 4520 639 4616; x_wconf 86' lang='lat' dir='ltr'>pretio</span> <span class='ocrx_word' id='word_1_372' title='bbox 693 4520 1006 4609; x_wconf 88' lang='lat' dir='ltr'>pendere</span> <span class='ocrx_word' id='word_1_373' title='bbox 1058 4526 1247 4592; x_wconf 89' lang='lat' dir='ltr'>certe</span> <span class='ocrx_word' id='word_1_374' title='bbox 1297 4539 1443 4591; x_wconf 92' lang='lat' dir='ltr'>non</span> <span class='ocrx_word' id='word_1_375' title='bbox 1496 4518 1955 4609; x_wconf 89' lang='lat' dir='ltr'>dedignatur.</span> <span class='ocrx_word' id='word_1_376' title='bbox 2011 4516 2102 4590; x_wconf 94' lang='lat' dir='ltr'>Et</span> <span class='ocrx_word' id='word_1_377' title='bbox 2155 4536 2426 4607; x_wconf 85' lang='lat' dir='ltr'>revera,</span> <span class='ocrx_word' id='word_1_378' title='bbox 2469 4536 2627 4589; x_wconf 89' lang='lat' dir='ltr'>cum</span> <span class='ocrx_word' id='word_1_379' title='bbox 2684 4519 2885 4610; x_wconf 90' lang='lat' dir='ltr'>alibi,</span> 
     </span>
     <span class='ocr_line' id='line_1_40' title="bbox 159 4627 2895 4723; baseline -0.004 -11"><span class='ocrx_word' id='word_1_380' title='bbox 159 4645 328 4712; x_wconf 85' lang='lat' dir='ltr'>tum</span> <span class='ocrx_word' id='word_1_381' title='bbox 414 4632 863 4707; x_wconf 88' lang='lat' dir='ltr'>nominatim</span> <span class='ocrx_word' id='word_1_382' title='bbox 937 4632 1029 4703; x_wconf 91' lang='lat' dir='ltr'>ab</span> <span class='ocrx_word' id='word_1_383' title='bbox 1084 4650 1168 4703; x_wconf 88' lang='lat' dir='ltr'>ea</span> <span class='ocrx_word' id='word_1_384' title='bbox 1236 4632 1483 4723; x_wconf 89' lang='lat' dir='ltr'>regula</span> <span class='ocrx_word' id='word_1_385' title='bbox 1561 4628 1631 4701; x_wconf 92' lang='lat' dir='ltr'><strong>S.</strong></span> <span class='ocrx_word' id='word_1_386' title='bbox 1674 4627 2307 4722; x_wconf 89' lang='lat' dir='ltr'>Congregationem</span> <span class='ocrx_word' id='word_1_387' title='bbox 2385 4632 2764 4704; x_wconf 89' lang='lat' dir='ltr'>recessisse</span> <span class='ocrx_word' id='word_1_388' title='bbox 2819 4633 2895 4703; x_wconf 89' lang='lat' dir='ltr'>in</span> 
     </span>
    </p>
   </div>
  </div>
 </body>
</html>
