3497 5235
622 297 744 361 292
949 287 953 292 ’
1381 293 1754 356 minutionis
1794 297 1849 353 8.
1876 296 2059 370 Oongr.
2087 295 2235 354 Ocno.
2276 296 2547 370 omnitio.

618 435 1180 530 praescriptione
1233 430 1446 504 Conc.
1491 427 1681 504 Trid.
1740 438 2047 520 utraque
2086 430 2508 516 abhorrenS‚
2565 428 2976 502 nullatenus
3029 436 3131 501 est
3174 437 3271 502 at·

616 547 1010 634 tendenda,
1069 545 1247 635 quin
1301 544 1441 615 imo
1499 544 1846 617 radicitus
1897 542 2299 632 evellenda,
2333 548 2546 634 prout
2582 542 2985 632 nuperrime
3040 541 3273 613 confir-

618 664 891 731 matum
943 662 1051 729 est
1103 659 1177 728 in
1233 656 1495 729 Aesina
1550 655 1855 728 Fallent.
1913 656 2037 726 22.
2081 652 2250 727 Dec.
2295 655 2512 726 1860.
2571 671 2698 744 per
2748 650 3018 725 Summ.
3062 672 3268 745 pree,

619 777 690 844 et
744 771 912 842 item
966 787 1092 859 per
1143 769 1392 841 literas
1463 769 1672 840 datas
1743 784 1990 840 mense
2064 763 2316 838 Martio
2389 766 2564 837 anni
2643 765 3141 855 subsequentis
3187 766 3271 839 ad

618 879 877 953 Emum
927 877 1364 970 Episcopum
1420 877 1762 951 Aesinum
1798 897 2016 970 super
2065 883 2261 951 statu
2311 877 2631 950 eiusdem
2684 877 3067 966 dioecesis;
3121 896 3275 950 nec-

622 1011 767 1065 non
818 998 890 1064 et
956 993 1031 1063 in
1083 993 1381 1063 Ianuen.
1445 991 1641 1064 Serv.
1698 990 1887 1063 chor.
1948 990 2063 1062 die
2117 991 2188 1062 8.
2235 988 2411 1082 Aug.
2457 990 2704 1078 1863„
2761 988 2837 1059 in
2889 1008 3032 1079 qua
3082 991 3275 1063 tertio

622 1106 775 1177 loco
812 1103 1171 1195 proposito
1205 1101 1453 1174 dubio:
1516 1125 1553 1171 α
1583 1101 1688 1173 An
1722 1107 1797 1174 et
1832 1101 2186 1191 quomodo
2236 1103 2329 1173 sit
2380 1099 2805 1173 sustinenda
2850 1103 3275 1174 consuetudo

625 1240 663 1286 ›
701 1216 1029 1288 dividens
1065 1215 1425 1287 fallentias
1461 1216 1648 1287 inter
1682 1215 2063 1306 diligentes
2096 1221 2168 1286 et
2194 1214 2637 1304 negligentes
2671 1214 2745 1283 in
2783 1207 3002 1284 casu?
3026 1237 3064 1280 ›
3102 1211 3171 1285 S.
3200 1213 3271 1286 C.

619 1328 1022 1420 rescripsit:
1086 1325 1486 1419 ‹Negative
1524 1327 1599 1397 in
1633 1326 1969 1399 omnibus
2022 1333 2093 1399 et
2137 1325 2726 1418 Archiepiscopus
2763 1330 2988 1413 curet,
3038 1331 3119 1397 ut
3155 1324 3279 1397 fal·

616 1438 1000 1513 lentiarum
1035 1439 1289 1511 divisio
1342 1439 1417 1511 in
1469 1444 1832 1530 posterum
1886 1439 2011 1510 fiat
2062 1438 2152 1509 ad
2206 1439 2527 1509 tramites
2578 1438 2753 1509 iuris
2803 1443 2874 1510 et
2924 1438 3279 1510 resolutio-

621 1576 659 1619 »
703 1570 874 1623 num
911 1549 984 1622 S.
1016 1549 1141 1622 C.»
1182 1548 1322 1622 Cir.
1357 1550 1866 1641 Mentissalisci
1918 1548 1968 1620 F
1975 1550 2097 1622 all.
2146 1551 2263 1621 16.
2304 1546 2495 1621 Iunii
2536 1549 2782 1639 1866„
2816 1550 3269 1622 Bar-chionen.

619 1664 848 1736 Distr.
896 1663 1013 1734 14.
1054 1659 1223 1752 Maji
1267 1663 1481 1734 1859.
1539 1678 1666 1753 per
1719 1662 1991 1733 Summ.
2034 1679 2321 1753 precum
2358 1661 2773 1734 conceditur
2808 1661 3097 1733 licentia
3132 1681 3279 1754 per·

617 1774 928 1865 cipiendi
982 1773 1527 1846 distributiones
1565 1780 1884 1865 tempore
1936 1773 2443 1862 vacationum3
2501 1781 2807 1865 negatur
2855 1773 2933 1843 in
2977 1772 3267 1846 Tranen.

628 1886 794 1959 Vac.
837 1907 883 1959 a
925 1885 1132 1961 Chor.
1174 1886 1296 1958 20.
1339 1883 1505 1957 Dec.
1555 1886 1768 1956 1852.
2708 1937 2721 1950 .

766 1998 887 2069 41.
929 1996 1093 2070 Iure
1130 1998 1473 2070 canonico
1507 1997 1955 2088 prohibetur,
1987 1997 2368 2069 canonicos
2395 1996 2672 2068 noviter
2705 2002 2977 2069 erectos
3014 2014 3278 2068 massae

618 2110 1032 2201 capitularis
1084 2109 1626 2181 distributiones
1677 2108 2121 2195 lucrifacere,
2164 2108 2297 2179 nisi
2352 2108 2608 2180 saltem
2659 2126 2905 2180 eorum
2957 2106 3280 2180 fundato-

617 2240 731 2293 res
783 2240 1086 2311 aequam
1142 2221 1534 2312 portionem
1589 2221 1665 2291 in
1718 2238 2026 2291 massam
2066 2221 2294 2310 ipsam
2332 2220 2918 2292 distributionum
2973 2221 3279 2291 contule-

617 2333 790 2404 rint.
852 2334 1219 2424 Scarsant.
1277 2334 1374 2405 ad
1418 2334 1604 2405 Cecc.
1650 2333 1772 2404 lib.
1808 2331 1880 2403 7.
1926 2333 2037 2404 tit.
2077 2332 2235 2414 M„
2273 2350 2551 2405 necnon
2604 2328 2674 2402 S.
2710 2330 2783 2403 C.
2824 2329 2899 2403 C.
2958 2332 3033 2404 in
3073 2332 3267 2405 Fabr.

618 2445 766 2515 Iar.
825 2450 890 2516 et
942 2445 1098 2516 Em.
1158 2445 1230 2516 8.
1287 2443 1467 2536 Aug.
1531 2445 1746 2517 1829.
1803 2442 1877 2538 ἓ.
1936 2446 2026 2517 At
2077 2463 2270 2527 vem,
2323 2449 2395 2515 et
2454 2444 2816 2536 rescripsit
2866 2444 2941 2514 in
2996 2444 3269 2515 Imolen.

618 2556 914 2628 Distrib.
956 2557 1002 2627 8
1037 2551 1202 2628 Maii
1235 2557 1452 2628 1773.
1494 2557 1587 2629 ad
1645 2556 1711 2627 1.
1758 2555 1967 2646 dub.‚
2009 2558 2082 2629 in
2121 2575 2263 2647 qua
2301 2558 2549 2647 edixit,
2591 2555 3269 2648 archipresbyterum

611 2672 683 2739 et
718 2667 1298 2740 archidiaconum
1333 2669 1776 2760 participare
1802 2668 2039 2740 debere
2092 2670 2298 2742 iuxta
2333 2678 2607 2752 ratam,
2635 2688 2848 2761 quam
2884 2669 3264 2754 conferunt.

613 2775 816 2861 Quod
867 2781 927 2852 si
979 2777 1374 2873 Episcopus
1428 2782 1857 2853 canonicum
1909 2799 2135 2853 novae
2187 2783 2564 2853 erectionis
2615 2777 3073 2853 Tridentinae
3121 2797 3276 2851 san-

613 2893 829 2964 ctioni
883 2893 971 2964 de
1026 2891 1439 2966 amittendis
1491 2892 2120 2965 distributionibus
2156 2892 2544 2965 obnoxium
2580 2911 2736 2964 esse
2788 2893 2987 2981 velit,
3036 2892 3269 2980 utique

610 3009 869 3095 potest,
928 3023 1057 3076 ceu
1096 3005 1386 3077 resolvit
1440 3001 1512 3074 S.
1557 3004 1811 3095 Congr.
1855 3005 1928 3075 in
1959 3005 2238 3077 Pisana
2268 3005 2591 3077 Residen.
2625 3007 2697 3076 2.
2722 3001 2889 3074 Iun.
2921 3005 3161 3091 1838.,
3200 3004 3266 3072 in

616 3135 758 3206 qua
794 3118 1182 3190 canonieus
1219 3113 1655 3188 Lantranchi
1692 3117 2098 3190 declaratus
2150 3116 2284 3188 fuit
2337 3118 2767 3189 residentiae
2803 3116 3151 3189 obnoxius
3183 3113 3269 3185 ad

608 3229 932 3301 tramites
967 3230 1168 3317 iuris,
1201 3236 1479 3300 servata
1533 3229 2054 3301 consuetudine
2091 3229 2183 3300 ad
2222 3229 2514 3300 chorum
2552 3229 2806 3301 diebus
2843 3227 3270 3301 solemniori-

610 3339 748 3412 bus
784 3340 1283 3428 conveniendi,
1331 3361 1369 3406 ι
1401 3345 1643 3411 taxata
1681 3340 1773 3411 ab
1802 3336 2180 3412 Ordinario
2214 3359 2491 3412 summa
2529 3359 2654 3431 pro
2690 3341 2991 3433 singulis
3029 3340 3273 3411 fallen-

614 3452 810 3523 »tiis
864 3452 1102 3523 favore
1156 3451 1468 3523 fabricae
1521 3452 1866 3524 ecclesiae
1902 3451 2375 3543 applicandis.
2419 3475 2457 3518 »
2514 3448 2606 3524 Et
2639 3453 2955 3544 pressius
3007 3451 3081 3522 in
3118 3449 3273 3521 Fer-

610 3565 880 3634 rarien.
932 3564 1264 3635 Thesaur.
1308 3563 1377 3632 4.
1423 3560 1632 3634 Febr.
1678 3565 1893 3636 1843.
1936 3564 2032 3635 ad
2083 3564 2154 3635 5.
2199 3565 2420 3646 Dub„
2467 3565 2542 3635 in
2595 3582 2736 3654 quo
2790 3563 2862 3634 S.
2905 3561 2980 3634 C.
3032 3563 3269 3647 edixit,

608 3676 1162 3761 thesaurarium,
1206 3675 1328 3764 qui
1386 3675 1564 3745 nihil
1616 3676 1690 3746 in
1745 3693 2191 3747 communem
2247 3694 2553 3748 massam
2608 3695 2691 3748 eo
2742 3680 3089 3765 tempore,
3139 3689 3272 3764 quo

607 3787 1024 3879 praebenda
1061 3794 1297 3859 erecta
1338 3786 1498 3872 fuit,
1538 3789 1928 3860 contulisse
1966 3787 2365 3875 dicebatur,
2418 3787 2675 3860 lucrari
2712 3806 2856 3859 non
2895 3806 3102 3879 posse
3137 3786 3272 3857 dis-

606 3899 1035 3972 tributiones
1088 3899 1576 3988 quotidianas,
1630 3905 1846 3989 atque
1885 3898 2062 3971 adeo
2099 3899 2190 3970 ab
2228 3899 2841 3990 archipresbytero
2890 3912 3267 3992 congruam

606 4028 958 4081 summam
996 4028 1151 4082 esse
1186 4009 1574 4081 taxandam
1612 4031 1739 4103 pro
1776 4012 2076 4103 singulis
2123 4011 2465 4084 fallentiis
2517 4010 2757 4084 favore
2794 4013 3136 4084 ecclesiae
3171 4007 3271 4078 la-

604 4121 844 4194 bricae
881 4122 1353 4213 applicandis.
1387 4120 1738 4202 Quoniam
1776 4141 1942 4195 vero
1971 4124 2488 4195 consuetudine
2520 4125 2875 4197 invectum
2908 4124 3163 4209 fuerat,
3197 4124 3270 4189 ut

606 4234 793 4306 idem
832 4235 1318 4306 thesaurarius
1359 4235 1899 4306 distributiones
1945 4236 2132 4307 inter
2166 4241 2578 4326 praesentes
2613 4252 2699 4307 ex
2737 4231 3266 4315 anniversariis,

604 4342 978 4418 funeribus
1013 4352 1085 4417 et
1118 4346 1473 4418 similibus
1507 4346 1863 4438 proiectas
1901 4348 2320 4437 perciperet,
2364 4348 2611 4419 eadem
2666 4344 2738 4417 S.
2771 4345 2845 4418 C.
2883 4347 2978 4419 ad
3003 4345 3163 4418 dub.
3197 4340 3267 4411 5.

603 4456 1016 4545 declaravit,
1074 4477 1197 4530 eas
1251 4459 1448 4530 iuxta
1514 4459 2107 4530 consuetudinem
2161 4461 2489 4532 eumdem
2540 4478 2749 4553 posse
2803 4461 3188 4551 percipere.

752 4568 870 4639 42.
929 4566 1139 4641 Conc.
1199 4566 1390 4641 Trid.
1453 4574 1631 4642 Scss.
1689 4569 1814 4641 24.
1873 4589 2030 4663 cap.
2088 4569 2204 4642 42.
2264 4571 2346 4642 de
2401 4572 2705 4664 Reform.
2750 4571 3010 4644 diserte
3061 4564 3270 4640 dicit:

604 4701 644 4745 ‹
683 4676 1232 4752 Distributiones
1286 4699 1480 4771 ver0,
1521 4684 1646 4771 qui
1701 4682 1910 4754 statis
1959 4682 2152 4754 horis
2205 4682 2685 4772 interfuerint,
2727 4684 3118 4776 recipiant;
3166 4690 3278 4747 re·-
