3497 5235
1065 313 1186 388 ⁰⁸1·
1214 314 1311 371 111.
1353 313 1424 370 D·
1466 313 1601 371 olore
1643 311 1913 371 annontui.
1956 313 2010 386 ἓ.
2037 314 2082 369 1.
2786 311 2906 374 295

286 486 315 529 ι
348 459 485 550 Apr.
549 451 764 525 1664.
823 449 916 521 ad
967 451 1038 520 6.
1096 447 1273 519 dub.
1332 443 1493 540 (lib.
1535 446 1655 519 24.
1712 446 1967 518 decret.
2015 466 2185 539 paq.
2230 442 2442 543 130.)
2493 452 2565 519 et
2616 447 2688 518 in
2732 448 2906 523 Car-

286 570 544 641 καὶαπ.
603 561 967 636 Iurisdict.
1026 553 1190 654 (lib.
1249 558 1370 631 26.
1428 559 1684 630 decret.
1733 576 1905 649 paq.
1964 555 2171 653 328).

395 680 502 751 50.
538 672 936 772 »QCumque
959 677 1206 764 postea
1236 664 1369 764 (ita
1398 669 1629 761 pergit
1656 664 2312 764 Bened.XIV.l.c.)
2349 669 2759 742 dubitatum
2789 670 2901 743 fu-

284 815 313 857 »
343 792 513 877 isset,
548 805 785 860 coram
828 801 969 873 quo
998 782 1443 873 praedictum
1501 781 1977 854 iuramentum
2028 781 2542 873 praestandum
2577 789 2792 871 esset,
2826 781 2899 853 S.

283 926 312 968 ι
342 899 400 973 C.
427 896 941 995 praestandum
970 893 1251 966 censuit
1287 910 1520 962 coram
1552 891 1698 979 illo,
1723 911 1764 961 a
1802 910 1943 981 quo
1969 898 2353 981 punctator
2380 900 2566 964 esset
2600 894 2898 966 electus.

282 1010 411 1083 ›In
457 1030 672 1084 causa
728 1008 918 1081 enim
976 1009 1219 1080 Senen.
1268 1005 1456 1097 Offic.
1502 1003 1619 1077 43.
1681 1003 1850 1075 Iulii
1905 1002 2120 1076 1686.
2162 1006 2521 1095 proposito
2574 1008 2905 1096 sequenti

280 1148 309 1190 ι
338 1123 560 1195 dubio:
620 1124 727 1195 An
778 1120 899 1212 qui
926 1116 1370 1209 punctatoris
1419 1134 1698 1187 munere
1746 1115 1953 1208 funqi
2005 1115 2228 1198 debet,
2274 1121 2592 1189 teneatur
2641 1124 2705 1190 et
2758 1118 2908 1211 coqi

278 1235 528 1325 »possit
581 1234 678 1305 ad
718 1229 1232 1323 praestandum
1284 1229 1757 1300 iuramentum
1810 1229 1886 1298 in
1920 1229 2239 1300 manibus
2278 1230 2792 1322 Archiepiscopi
2842 1237 2908 1304 et

277 1368 306 1409 s
344 1345 666 1437 Capituli,
701 1344 807 1416 vel
846 1342 1095 1414 saltem
1132 1341 1472 1412 alterutro
1507 1341 1708 1412 modo
1742 1339 1826 1411 de
1866 1340 2164 1431 fideliter
2213 1342 2594 1413 eoeercendo
2639 1343 2908 1415 dictum

277 1453 624 1529 ›manus?
676 1452 749 1526 S.
791 1451 865 1525 C.
925 1452 1320 1543 respondit:
1379 1453 1883 1524 Punctatorem
1934 1453 2154 1524 teneri
2205 1454 2448 1525 iurare
2504 1472 2743 1526 coram
2793 1454 2910 1527 de-

278 1574 630 1658 ›putante.
667 1591 705 1634 ›
761 1562 1105 1636 Eamdem
1159 1563 1712 1636 declarationem
1769 1560 1841 1633 S.
1899 1561 2116 1654 Cong.
2176 1565 2555 1636 novissime
2608 1566 2906 1656 protulit

272 1679 329 1750 in
378 1679 585 1750 simili
636 1697 834 1764 casu,
894 1693 1151 1766 nempe
1206 1676 1279 1745 in
1335 1675 1802 1747 Bertinorien.
1844 1675 2100 1747 Praeb.
2141 1676 2256 1748 die
2299 1676 2422 1746 22.
2462 1672 2640 1748 Nov.
2685 1678 2900 1749 1828.

272 1790 344 1861 ad
389 1792 454 1860 2.
514 1789 694 1862 dub.

389 1902 502 1972 51.
563 1899 666 1973 De
718 1898 791 1972 S.
848 1897 1095 1971 Carolo
1149 1894 1573 1969 Borromaeo
1625 1897 1841 1968 refert
1893 1905 2324 1971 memoratus
2390 1897 2717 1972 Pontifex
2771 1903 2900 1975 loc.

267 2013 365 2084 cit.
413 2032 611 2085 num.
668 2011 780 2094 4.,
833 2011 1009 2082 illud
1062 2009 1357 2099 insuper
1411 2008 1504 2079 ab
1566 2011 1817 2081 eodem
1869 2015 2220 2081 statutum
2273 2011 2536 2101 fuisse,
2593 2021 2673 2085 ut
2723 2033 2908 2105 pun-

269 2129 543 2196 ctatores
597 2124 1078 2195 iuramentum
1117 2121 1188 2191 in
1243 2123 1469 2210 prima
1505 2119 1790 2210 Synodo
1826 2120 2247 2194 dioecesana
2284 2131 2735 2213 renovarent,
2776 2145 2907 2198 ceu

271 2241 436 2323 patet
491 2254 580 2307 ex
636 2235 861 2325 ipsius
912 2234 984 2304 S.
1042 2229 1273 2303 Caroli
1327 2232 1818 2322 dispositione,
1878 2251 2095 2321 quam
2146 2235 2297 2305 suis
2349 2236 2588 2308 verbis
2639 2236 2904 2310 ibidem

269 2345 442 2419 affert
492 2344 767 2418 Bened.
823 2341 1018 2415 XIV.

388 2459 505 2529 52.
564 2456 1147 2543 DistributioneS‚
1206 2454 1295 2526 de
1350 2454 1613 2543 quibus
1663 2454 2014 2527 hactenus
2067 2456 2563 2547 disseruimus»,
2619 2460 2909 2532 ordina-

265 2567 396 2640 riae
426 2568 794 2657 dicuntum
826 2567 952 2640 sed
989 2574 1059 2640 et
1097 2566 1281 2638 aliae
1317 2572 1512 2654 sunt,
1538 2583 1724 2656 quae
1761 2568 2217 2659 appellantur
2250 2570 2905 2655 extraordinariae,

259 2685 449 2770 atque
502 2681 720 2753 etiam
773 2678 1202 2760 eventualeS,
1235 2696 1365 2749 seu
1419 2678 1757 2761 incertae,
1794 2698 1980 2769 quae
2016 2679 2434 2752 dividuntur
2469 2683 2653 2754 inter
2705 2701 2909 2773 prae-

254 2797 498 2880 sentes,
556 2798 631 2864 et
682 2792 1062 2863 distinctae
1127 2795 1298 2861 sunt
1350 2809 1391 2859 a
1446 2792 1803 2861 communi
1859 2810 2091 2863 massa
2144 2810 2228 2863 ac
2279 2792 2721 2882 praebenda,
2778 2793 2908 2865 ad-

257 2917 460 2991 eoque
516 2902 1018 2995 praesentibus
1070 2901 1420 2992 praestari
1457 2900 1685 2972 solent
1722 2903 1870 2974 sive
1923 2922 2009 2974 ex
2064 2903 2407 2993 peculiari
2459 2909 2728 2975 statuto
2782 2912 2908 2977 aut

254 3014 757 3087 consuetudine
810 3012 1192 3084 cuiuslibet
1246 3011 1613 3099 ecclesiae,
1654 3013 1802 3083 sive
1856 3031 1943 3085 ex
1981 3031 2315 3103 expressa
2367 3013 2910 3086 benefactorum

254 3123 634 3213 voluntate,
692 3126 911 3197 veluti
966 3123 1324 3214 colligitur
1379 3141 1464 3194 ex
1518 3141 1764 3209 causa,
1823 3126 1934 3195 cui
2006 3125 2259 3197 titulus
2313 3124 2548 3196 Dubia
2599 3124 2909 3197 indulto-

251 3250 392 3307 rum
444 3238 519 3309 6.
580 3234 788 3308 Mart.
851 3236 1064 3307 1820.
1108 3234 1182 3329 g.
1226 3235 1540 3307 Indulta.
1581 3234 1682 3307 De
1735 3235 1872 3305 hac
1925 3255 2138 3307 causa
2197 3235 2412 3326 paulo
2466 3241 2626 3326 post
2679 3254 2908 3307 sermo

247 3346 539 3435 redibit,
600 3348 747 3418 imo
799 3353 1020 3419 totam
1073 3347 1147 3419 in
1200 3346 1416 3417 huius
1479 3348 1713 3437 operis
1781 3347 2139 3420 volumine
2192 3345 2328 3418 111.
2405 3347 2906 3420 exhibebimus

249 3455 370 3527 sub
423 3478 634 3530 num.
674 3458 796 3529 24.

468 3682 614 3736 Art.
641 3682 756 3734 111.
794 3681 888 3735 De
926 3680 1323 3743 absentibuS,
1363 3681 1466 3748 qui
1504 3679 1987 3734 distributiones
2022 3681 2343 3737 lucrantur
2378 3684 2485 3737 vel
2522 3698 2673 3737 non.

359 3879 790 3945 Suunmuu.
833 3881 939 3943 53.
978 3879 1071 3941 Ex
1121 3874 1261 3941 inre
1309 3875 1631 3943 communi
1680 3886 1748 3942 et
1799 3880 1992 3944 Conc.
2033 3877 2207 3943 Trid.
2244 3880 2572 3945 sanctione
2603 3876 2914 3943 distribu-

224 3977 427 4045 tiones
476 3981 850 4068 percipiunt
897 3978 966 4057 ii,
1019 3980 1125 4065 qui
1178 3979 1404 4044 absunt
1453 3979 1533 4044 ob
1583 3978 2047 4057 infirmitatem,
2102 3981 2182 4046 ob
2217 3981 2439 4046 iustam
2475 3992 2542 4046 et
2573 3979 2913 4045 rationabi-

222 4078 342 4147 lem
395 4082 692 4170 corporis
756 4080 1200 4148 necessitatem
1266 4093 1331 4147 et
1394 4080 1476 4147 ob
1523 4083 1899 4148 evidentem
1960 4084 2263 4150 ecclesiae
2326 4082 2798 4150 necessitatem.
2850 4082 2913 4148 Si

215 4186 559 4270 aegritudo
611 4206 691 4252 ex
740 4186 883 4252 iure
931 4184 1100 4250 civili
1155 4183 1481 4249 infirmum
1516 4184 1592 4249 ab
1627 4183 1836 4250 officio
1872 4198 2154 4262 excusat,
2191 4185 2393 4250 multo
2426 4185 2624 4272 magis
2659 4204 2738 4250 ex
2772 4185 2914 4250 iure

216 4289 554 4355 canonice.
585 4326 629 4338 -
662 4292 769 4354 54.
810 4292 1027 4373 ltaque
1079 4286 1310 4354 infirmi
1364 4287 1848 4353 distributiones
1897 4287 2223 4353 lucrantur
2256 4288 2603 4352 ordinarias
2636 4286 2912 4372 perinde

214 4408 278 4453 ac
327 4402 484 4456 actu
533 4391 864 4468 adessent,
933 4392 1221 4475 itemque
1283 4401 1623 4477 augmenta
1686 4388 1971 4475 proiecta
2023 4408 2101 4454 ex
2153 4389 2495 4475 illegitime
2548 4390 2914 4457 absentium

209 4490 546 4571 sallentiiS,
599 4494 758 4579 quin
808 4491 971 4559 obsit
1017 4502 1348 4570 statutum,
1402 4493 1572 4579 quod
1623 4492 1820 4556 veluti
1874 4492 2306 4557 irrationabile
2348 4492 2739 4558 censendum
2773 4505 2909 4573 est3

210 4595 370 4679 quin
430 4597 563 4661 imo
610 4596 983 4682 percipiunt
1031 4596 1220 4660 etiam
1270 4595 1752 4662 distributiones
1800 4594 2354 4672 extraordinariaS,
2392 4596 2506 4661 nisi
2546 4596 2754 4662 obstet
2788 4596 2915 4663 dis-

201 4700 460 4783 positio
510 4698 923 4776 donatorum,
981 4709 1290 4764 statutum
1339 4709 1404 4765 et
1453 4698 1879 4778 consuetude,
1930 4700 2146 4785 prouti
2209 4698 2277 4765 in
2324 4701 2695 4785 Aquilaria,
2748 4717 2911 4785 quae
