3497 5235
1075 280 1194 354 (lup.
1224 281 1322 338 m.
1364 282 1435 338 Do
1477 280 1611 339 clero
1652 283 1923 342 nomint
1965 288 2019 359 ξ.
2044 286 2125 344 18.
2815 290 2931 353 493

269 412 534 480 clericali
587 413 930 500 privilegio
977 416 1207 502 privati
1259 436 1386 483 non
1438 417 1700 483 luerint.
1738 455 1782 467 -
1815 423 1964 485 435.
2020 421 2177 486 Hinc
2213 424 2593 507 quaestioni,
2631 445 2704 491 an
2740 446 2923 512 prae-

268 516 567 583 veniente
617 517 957 603 Episcopo,
1011 520 1112 583 vel
1164 521 1421 585 volente
1474 519 1798 586 vindicare
1847 523 2177 600 clericum,
2230 525 2449 609 possit,
2497 525 2646 592 licet
2695 528 2796 595 hic
2830 551 2929 597 re·

272 620 488 705 quisita
538 638 668 685 non
700 618 965 685 habeat?
1011 622 1076 687 S.
1110 623 1313 707 Cong.
1353 625 1533 687 Imm.
1575 623 1944 709 respondit:
1982 624 2384 691 affirmative.
2418 664 2462 676 -
2497 631 2646 695 436.
2690 634 2931 700 Caven-

269 720 415 787 dum
468 733 675 788 tamen
706 771 724 799 ,
777 742 857 789 ne
905 722 1173 789 clericus
1223 723 1509 789 habitum
1558 736 1838 789 resumat
1888 727 1950 790 in
2001 725 2314 792 fraudem.
2367 766 2410 777 —
2458 733 2610 796 437.
2664 734 2932 809 Quando

269 824 548 891 habitum
598 827 663 891 in
711 824 999 891 fraudem
1054 826 1195 910 quis
1245 840 1516 892 resumat
1567 827 1948 912 explicatur.
2000 828 2202 893 Hodie
2234 829 2475 895 attendi
2512 832 2751 901 debent
2801 841 2927 903 En-

267 928 530 1013 cyclicae
576 949 626 992 s.
660 947 743 992 m.
785 928 874 992 Pii
912 932 1024 993 PP.
1058 931 1164 993 IX.
1203 948 1402 1014 super
1435 929 1553 994 hoc
1585 942 1988 1015 argumento.
2013 969 2056 979 -
2081 935 2232 999 438.
2275 934 2557 999 Clericus
2594 939 2699 1021 qui
2737 939 2926 1006 alicui

268 1029 559 1095 ecclesiae
610 1031 876 1096 inservit
921 1030 1060 1095 sine
1110 1031 1405 1097 mandato
1457 1031 1797 1118 Episcopi,
1867 1034 1966 1098 vel
2017 1053 2143 1099 non
2196 1035 2279 1099 illi
2336 1035 2678 1115 ecclesiae,
2739 1060 2927 1125 quam

268 1132 394 1217 ipse
445 1132 827 1221 designavit,
881 1152 1008 1198 non
1060 1132 1205 1200 ideo
1257 1133 1371 1200 lori
1427 1134 1835 1221 privilegium
1885 1137 2140 1202 amittit.
2178 1175 2221 1185 -
2255 1141 2404 1203 439.
2449 1143 2677 1205 Contra
2728 1145 2931 1209 eccle-

260 1236 533 1301 siasticos
583 1236 645 1301 in
695 1236 1040 1303 maioribus
1089 1236 1420 1304 ordinibus
1484 1239 1905 1315 constitutos,
1971 1240 2070 1303 vel
2133 1238 2445 1305 beneficio
2504 1244 2930 1311 ecclesiastico

264 1338 623 1422 praeditOS,
675 1338 783 1423 qui
836 1359 961 1405 non
1016 1340 1367 1417 incedunt,
1422 1340 1579 1425 quid
1640 1343 1933 1406 statuerit
1991 1343 2284 1407 Clemens
2333 1344 2412 1407 V.
2462 1381 2505 1391 -
2553 1348 2707 1411 440.
2764 1347 2926 1423 Quid

264 1441 615 1507 Concilium
664 1441 1136 1507 Tridentinum.
1173 1479 1216 1490 -
1250 1446 1400 1509 441.
1442 1447 1592 1509 442.
1646 1442 1807 1520 Quid
1860 1445 2072 1513 Sixtus
2119 1447 2227 1521 V.,
2280 1446 2386 1529 qui
2440 1445 2610 1513 hisce
2655 1447 2925 1514 sanctio·

262 1544 440 1611 nibus
480 1547 747 1613 clericos
782 1547 969 1612 etiam
1006 1549 1418 1614 ecclesiastica
1456 1549 1764 1635 pensione
1801 1550 2120 1636 praeditos
2152 1550 2444 1616 subiecit.
2477 1587 2519 1600 -
2553 1555 2710 1617 443.
2746 1556 2928 1619 Tem-

263 1662 728 1734 peramentum,
779 1669 892 1715 seu
943 1653 1238 1738 exceptio
1289 1673 1318 1716 a
1370 1654 1549 1721 Sixto
1584 1655 1663 1718 V.
1700 1673 1997 1719 concessa
2049 1653 2149 1729 iis,
2187 1655 2294 1738 qui
2335 1655 2711 1739 pensionem
2763 1655 2926 1722 obti-

264 1762 411 1816 nent
456 1752 778 1839 sexaginta
825 1772 1013 1818 aurea
1062 1773 1190 1819 non
1242 1754 1692 1832 excedentem,
1744 1775 1872 1821 non
1922 1757 2276 1841 applicatur
2321 1757 2730 1835 beneficiatis,
2768 1777 2928 1843 quo-

263 1871 399 1917 rum
452 1854 755 1921 beneficia
821 1856 1110 1922 eamdem
1172 1877 1479 1922 summam
1530 1876 1658 1923 non
1710 1872 2121 1943 exsuperant.
2173 1894 2215 1906 -—
2263 1862 2414 1924 444.
2469 1858 2708 1924 Bened.
2762 1862 2922 1925 Xlll.

260 1958 640 2022 constitutio
686 1959 983 2036 accessit,
1036 1980 1155 2043 qua
1208 1959 1557 2025 beneficiati
1610 1978 1738 2025 non
1790 1960 2159 2026 incedentes
2217 1960 2451 2026 citandi
2500 1972 2649 2026 sunt
2693 1961 2768 2027 ad
2819 1961 2925 2026 ha-

260 2058 458 2124 bitum
496 2061 990 2137 resumendum;
1025 2062 1072 2125 si
1114 2072 1416 2138 renuant,
1457 2061 1766 2127 beneficio
1799 2063 2160 2146 privantur.
2197 2063 2571 2128 Huiusmodi
2622 2063 2924 2129 beneficia

259 2162 320 2227 S.
362 2160 508 2229 Sedi
565 2174 877 2227 reservata
929 2178 1285 2230 remanent.
1336 2201 1379 2211 -
1428 2168 1576 2231 445.
1646 2164 2008 2231 Beneficiati
2071 2166 2335 2252 insuper
2380 2166 2456 2231 ab
2504 2166 2639 2251 ipso
2687 2166 2924 2232 dimissi

259 2262 503 2329 habitus
556 2278 879 2331 momento
929 2285 1055 2330 non
1105 2278 1370 2351 possunt
1407 2267 1803 2333 beneficiales
1839 2268 2076 2332 fructus
2125 2269 2328 2332 lacere
2363 2288 2534 2344 sum,
2570 2267 2687 2332 sub
2722 2288 2924 2354 poena

258 2367 477 2451 culpae
512 2367 777 2433 lethalis.
818 2404 862 2416 -
896 2370 1046 2433 446.
1088 2369 1502 2436 Condonandi
1541 2370 1780 2435 fructus
1813 2369 2174 2434 huiusmodi
2215 2368 2567 2434 facultatem
2607 2375 2668 2438 S.
2704 2370 2927 2435 Poeni-

258 2471 587 2535 tentiariae
623 2490 654 2533 a
690 2470 926 2535 Bened.
960 2473 1119 2536 Xlll.
1157 2472 1416 2537 ablatam
1455 2474 1659 2537 eidem
1698 2472 1980 2538 restituit
2014 2471 2255 2538 Bened.
2290 2473 2452 2537 XlV.
2482 2510 2525 2521 —
2553 2476 2703 2537 447.
2742 2474 2925 2538 Trina

257 2571 555 2647 monitio,
608 2576 769 2658 quae
819 2573 1171 2658 requiritur
1217 2593 1336 2660 pro
1385 2574 1762 2641 incurrenda
1815 2574 2145 2640 amissione
2196 2574 2521 2663 privileg-ii
2575 2575 2686 2639 lori
2734 2586 2797 2640 et
2830 2594 2928 2641 ca-

253 2673 486 2750 nonis,
538 2692 658 2759 pro
705 2676 1063 2761 privatione
1114 2675 1402 2742 beneficii
1468 2678 1732 2743 minime
1797 2678 2036 2763 requiri
2104 2677 2384 2742 videtur.
2441 2677 2488 2724 -’
2531 2681 2682 2743 448.
2734 2679 2926 2754 Quale

255 2778 563 2861 temporis
607 2780 881 2863 spatium
934 2779 1335 2864 requiratur,
1391 2795 1460 2847 ut
1508 2781 1649 2865 quis
1707 2779 1989 2845 habitum
2051 2799 2119 2843 ac
2179 2792 2497 2845 tonsuram
2567 2778 2924 2843 deseruisse

251 2877 501 2944 dicatur
546 2881 623 2946 ad
674 2880 1011 2957 effectum,
1065 2881 1145 2946 de
1194 2902 1323 2967 quo
1370 2884 1603 2967 agitur.
1641 2918 1685 2930 -
1716 2886 1868 2947 449.
1924 2882 2018 2949 Ad
2072 2881 2376 2948 beneficia
2429 2891 2493 2945 et
2543 2881 2920 2965 pensiones,
2973 2967 2980 2972 Ι

252 2984 511 3067 quando
559 2985 768 3068 agitur
814 2984 893 3049 de
943 2984 1358 3071 dispositione
1412 2985 1602 3072 legis,
1655 2983 1802 3049 satis
1849 2998 1971 3060 est,
2008 2985 2056 3049 si
2093 2985 2425 3049 clericatus
2472 2993 2764 3066 tempore
2797 2982 2923 3046 col·
2968 2980 2985 2994 ⁶

253 3085 506 3151 lationis
553 3086 967 3170 praeferatur.
1006 3126 1049 3136 -
1084 3091 1231 3154 450.
1274 3086 1398 3155 Sed
1432 3087 1481 3152 si
1517 3089 1728 3172 agitur
1759 3089 1838 3154 de
1873 3089 2288 3173 dispositione
2336 3085 2635 3161 hominis,
2687 3103 2925 3170 nempe

251 3189 512 3272 quando
563 3190 858 3256 fundator
906 3192 969 3255 in
1021 3191 1397 3256 beneficiato
1444 3191 1810 3257 clericatum
1875 3191 2248 3276 requisivit,
2314 3187 2778 3254 attendendum
2829 3201 2923 3255 est

250 3302 509 3377 tempus
557 3293 632 3358 ab
683 3295 913 3360 eodem
964 3293 1401 3382 indigitatum,
1455 3313 1688 3378 nempe
1736 3295 1835 3358 vel
1885 3294 2257 3367 vac-ationis,
2309 3292 2413 3355 vel
2462 3291 2923 3376 praesentatio-

244 3394 374 3472 nis,
430 3397 527 3461 vel
579 3397 929 3461 collationis
979 3396 1147 3462 iuxta
1196 3396 1530 3484 adagium:
1573 3396 1868 3472 Qualitas
1902 3397 2152 3461 adiecta-
2182 3393 2360 3459 verbo
2395 3393 2721 3478 verificari
2754 3391 2923 3458 debet

248 3508 525 3583 tempore
568 3501 755 3565 verbi.
795 3538 838 3549 -
880 3504 1027 3566 451.
1084 3505 1219 3566 lura
1270 3521 1385 3586 pro
1435 3500 1792 3586 privatione
1841 3498 2297 3564 beneficiorum
2351 3498 2924 3562 ecclesiasticorum

244 3602 553 3690 applicari
606 3623 731 3668 non
790 3614 1054 3688 possunt
1112 3602 1476 3688 capellaniis
1538 3602 1889 3678 laicalibus;
1958 3620 2120 3686 quae
2182 3600 2568 3685 capellaniae
2631 3600 2925 3665 dicantur

243 3706 522 3770 laicales,
577 3711 657 3770 At
709 3708 1081 3791 EpiscopuS,
1135 3707 1224 3770 uti
1276 3706 1620 3770 voluntatis
1668 3703 2116 3769 defunctorum
2168 3718 2528 3780 exsecutor,
2566 3715 2776 3788 potest
2823 3721 2923 3766 ca-

244 3809 516 3895 pellanis
565 3806 927 3872 huiusmodi
982 3826 1335 3894 congruum
1388 3819 1641 3892 tempus
1689 3805 2080 3892 praefigere,
2134 3825 2262 3890 quo
2314 3805 2631 3869 inutiliter
2677 3804 2916 3888 elaps0,

246 3929 364 3975 eos
412 3910 769 3997 privatione
804 3912 1035 3994 punire
1076 3918 1308 3996 potest.
1345 3946 1387 3958 -
1424 3911 1573 3974 452.
1615 3913 1950 3993 Hucusque
1993 3909 2237 3995 egimus
2271 3907 2350 3973 de
2386 3909 2524 3972 iure
2559 3906 2918 3984 communi;

245 4025 311 4078 at
362 4013 445 4078 de
481 4013 620 4078 iure
650 4013 904 4100 speciali
944 4011 1340 4078 concordatis
1376 4031 1515 4080 cum
1554 4014 1616 4079 S.
1650 4011 1815 4078 Sede
1851 4012 2021 4076 initis
2053 4011 2343 4076 standum
2380 4023 2494 4077 est.
2534 4047 2577 4058 -
2611 4012 2761 4075 453.
2802 4011 2918 4102 (3.0-

241 4115 347 4181 lor
373 4116 644 4181 vestium
682 4115 964 4180 virorum
1000 4116 1564 4181 ecclesiasticorum
1603 4125 1695 4178 est
1727 4117 1931 4201 niger.
1965 4150 2007 4162 -
2043 4117 2192 4180 454.
2236 4114 2414 4180 Circa
2451 4112 2710 4176 formam
2749 4111 2920 4175 nulla

242 4216 706 4285 determinatio
755 4217 909 4282 facta
957 4230 1157 4283 exstat
1196 4217 1256 4282 in
1292 4219 1480 4281 sacris
1516 4216 1884 4292 canonibus,
1921 4217 2034 4281 nisi
2073 4216 2243 4300 quod
2282 4214 2487 4280 ordini
2528 4225 2592 4278 et
2625 4211 2918 4298 dignitati

241 4339 563 4409 congruas
598 4321 764 4384 iuxta
802 4321 1098 4406 Episcopi
1134 4319 1500 4385 mandatum
1538 4337 1639 4383 eas
1672 4337 1806 4383 esse
1839 4317 2079 4384 debere
2118 4316 2409 4382 traditur.
2442 4317 2672 4381 Talaris
2708 4325 2920 4379 autem

240 4425 477 4491 eadem
528 4442 667 4488 esse
716 4421 935 4488 debet.
971 4459 1013 4472 -
1046 4428 1196 4489 455.
1254 4421 1673 4487 Nihilominus
1721 4420 1821 4486 bic
1870 4420 2044 4508 rigor
2085 4419 2394 4506 tantisper
2443 4420 2764 4485 emollitus
2797 4429 2920 4494 est,

234 4539 310 4594 et
349 4525 752 4613 permittitur
783 4526 1121 4611 aliquando
1156 4526 1413 4592 brevior
1446 4523 1660 4601 vestis,
1698 4543 1861 4610 quae
1897 4537 2102 4589 tamen
2132 4542 2392 4609 semper
2425 4525 2604 4609 nigra
2642 4523 2748 4599 sit,
2786 4540 2921 4586 mo-

235 4630 428 4697 desta
477 4642 543 4695 et
589 4629 889 4714 simplex.
944 4631 1146 4695 Nemo
1193 4628 1269 4694 ad
1306 4627 1742 4694 celebrandam
1781 4630 2019 4692 Missam
2053 4628 2332 4712 aliasque
2380 4625 2740 4692 functiones
2772 4643 2922 4711 per·
