3497 5235
553 330 672 393 318
1293 327 1664 387 humationi·
1706 326 1760 384 8.
1794 326 1978 402 Gom.
2006 326 2154 389 Οοιιο.
2194 329 2466 403 upa-itio.

698 464 819 535 97.
858 460 1259 553 Aliquando
1288 461 1662 552 contingit,
1697 470 1781 532 ut
1806 459 2129 532 canonici
2162 461 2404 550 aliqua
2431 460 2976 534 honorificentia
3016 479 3219 552 prae·

557 575 687 648 diti
739 575 911 664 sint,
971 592 1157 665 quae
1212 575 1322 645 ius
1376 572 1647 645 eisdem
1689 571 1987 660 tribuat,
2038 578 2118 644 ut
2167 572 2494 644 habitum
2534 571 2851 645 eiusdem
2888 572 3226 644 bonorifi-

551 687 831 759 centiae
887 686 1252 776 proprium
1305 684 1521 756 etiam
1576 684 1649 755 in
1702 682 1919 756 choro
1975 702 2214 776 gerere
2267 692 2580 775 queant,
2637 703 2769 757 ceu
2824 686 2905 758 fit
2956 704 3074 756 ex.
3120 705 3220 777 gr.

550 798 640 870 de
693 795 969 869 Vicario
1024 793 1379 883 Generali‚
1437 792 1952 868 Protonotariis
2006 794 2453 888 Apostolicis,
2507 803 2578 870 et
2632 798 2791 869 aliis
2842 796 3219 869 similibus,

549 906 876 982 Iamvero
928 910 986 979 si
1027 909 1187 998 quis
1237 927 1481 980 eorum
1535 907 1627 980 ad
1678 907 1973 980 chorum
2019 906 2153 979 hoc
2188 906 2440 980 babitu
2479 909 2864 1000 insignitus
2900 908 3223 998 accedat,

552 1021 892 1112 quoniam
945 1013 1214 1091 ibidem
1267 1037 1409 1090 non
1463 1019 1733 1091 assistit
1789 1017 2331 1090 canonicalibus
2384 1020 2706 1093 vestibus
2758 1021 3085 1110 indutuS,
3128 1022 3229 1094 uti

553 1133 940 1204 canonicus
991 1132 1334 1203 iuteresse
1370 1148 1514 1202 non
1553 1136 1957 1221 reputatur,
1999 1129 2324 1219 adeoque
2354 1131 2895 1204 distributiones
2931 1134 3222 1206 amittit.

552 1240 646 1315 Et
696 1262 871 1316 sane
926 1241 997 1315 S.
1043 1241 1296 1334 Congr.
1336 1238 1485 1314 Rit.
1545 1241 1620 1312 in
1675 1240 1996 1314 Lauden.
2041 1242 2161 1312 31.
2202 1238 2410 1315 Mart.
2461 1243 2674 1315 1740.
2733 1237 2964 1339 (apud
3002 1244 3225 1316 θανά.

553 1374 628 1425 η.
677 1350 937 1449 1221.)
988 1353 1351 1444 proposito
1403 1352 1668 1425 dubio:
1730 1376 1769 1419 ‹
1806 1351 1910 1425 An
1964 1352 2173 1424 liceat
2227 1354 2484 1426 lucrari
2523 1354 3070 1428 distributiones
3130 1358 3231 1428 in-

553 1489 592 1532 »
632 1465 1045 1536 teressendo
1099 1462 1370 1535 Divinis
1413 1465 1566 1536 sine
1606 1463 1864 1536 habitu
1904 1465 2265 1555 assignato
2299 1466 2406 1538 uti
2441 1460 2898 1557 Praeposito?
2935 1486 3236 1560 respon-

557 1601 596 1644 »
637 1576 768 1665 dit,
826 1574 1087 1648 debere
1140 1577 1483 1648 interesse
1535 1594 1700 1649 cum
1754 1574 2010 1647 habitu
2054 1575 2192 1648 sibi
2231 1579 2301 1650 in
2340 1579 2695 1650 erectione
2734 1583 3106 1672 assignato
3146 1580 3232 1653 ad

550 1712 589 1755 ›
629 1687 954 1760 effectum
1027 1686 1355 1758 lucrandi
1427 1686 1999 1759 distributiones.
2054 1711 2091 1754 »
2148 1685 2350 1760 Idem
2416 1689 2912 1762 confirmatum
2965 1690 3109 1764 fuit
3164 1694 3229 1764 in

549 1804 889 1876 Assisien.
932 1803 1004 1875 2.
1046 1799 1209 1874 Iulii
1268 1801 1482 1874 1640.
1544 1802 1736 1894 apud
1809 1800 2141 1873 eumdem
2194 1797 2507 1874 Gardell.
2566 1821 2643 1873 n.
2710 1803 2923 1875 1230.
2982 1810 3232 1876 contra

544 1916 850 2008 primam
892 1915 1302 1989 Assisiensis
1339 1909 1644 2007 Capituli
1682 1914 2137 2006 dignitatem,
2180 1933 2365 2004 quae
2413 1917 2485 1987 in
2521 1915 2733 1988 choro
2772 1935 2930 1988 cum
2968 1915 3232 1988 habitu

547 2028 955 2118 praelatitio
1011 2029 1352 2100 interesse
1407 2045 1488 2097 ac
1541 2025 2084 2098 distributiones
2134 2028 2477 2117 consequi
2510 2026 3027 2100 contendebat.

695 2140 818 2211 98.
878 2138 1097 2212 Aliter
1151 2144 1389 2210 autem
1444 2137 1832 2208 dicendum
1888 2142 2021 2224 est,
2079 2139 2137 2209 si
2190 2140 2579 2210 canonicus
2614 2138 2960 2211 doctorali
2997 2139 3227 2213 bireto

551 2256 798 2323 utatur
848 2252 921 2323 in
960 2251 1215 2323 choro:
1256 2249 1584 2339 quamvis
1621 2248 1818 2320 enim
1854 2247 2085 2321 eidem
2125 2249 2316 2321 istud
2355 2249 2588 2321 facere
2626 2269 2770 2322 non
2808 2250 3051 2338 liceat,
3088 2269 3229 2323 non

550 2361 811 2433 idcirco
863 2370 1107 2435 tamen
1160 2360 1702 2432 distributiones
1753 2359 2045 2432 amittit.
2116 2355 2299 2432 Nam
2360 2366 2605 2453 rogata
2660 2361 2731 2433 S.
2772 2359 3030 2452 Congr.
3074 2359 3221 2434 Rit.

551 2474 621 2544 7.
665 2469 829 2544 Dec.
878 2473 1089 2544 1844.
1131 2475 1206 2543 in
1253 2472 1617 2544 Venusin.:
1682 2494 1717 2536 «ι
1753 2469 1860 2542 An
1914 2471 1985 2543 in
2037 2470 2250 2544 choro
2286 2478 2357 2543 et
2394 2472 2998 2562 processionibus,
3042 2491 3227 2563 quae

552 2607 591 2651 »
631 2583 1121 2674 capitulariter
1171 2589 1513 2676 aguntur,
1568 2583 1795 2674 possit
1850 2583 1934 2673 is,
1994 2585 2106 2657 eui
2160 2582 2250 2656 ob
2307 2584 2791 2675 magisterium
2837 2585 2951 2656 vel
3008 2586 3229 2659 licen-

548 2720 587 2762 ›
635 2696 885 2768 tiatum
921 2698 995 2768 in
1032 2697 1428 2787 disciplinis
1480 2695 1923 2787 theologicis,
1975 2697 2086 2767 vel
2123 2696 2344 2769 sacris
2379 2697 2780 2770 canonibus
2814 2697 3221 2786 obtentum,

550 2806 936 2880 »facultas
986 2810 1402 2882 conceditur
1470 2807 1840 2880 deferendi
1909 2807 2217 2880 biretum
2274 2826 2434 2879 eum
2487 2814 2796 2898 quatuor
2866 2810 3221 2900 apicibuS,

550 2944 589 2987 »
631 2919 878 2991 eodem
930 2920 1160 2994 bireto
1213 2915 1365 2993 uti3
1426 2920 1528 2991 An
1584 2921 1744 3008 iste,
1805 2918 2339 2991 contradicente
2382 2918 2731 3010 capitote,
2773 2921 3222 3011 punctationi

551 3056 590 3099 ι»
631 3031 1215 3104 distributionum
1269 3032 1620 3104 obnoxius
1676 3031 1963 3120 evadat,
2023 3032 2304 3104 etiamsi
2359 3032 2451 3104 40
2505 3032 2771 3104 abhinc
2816 3035 3034 3104 annis
3081 3034 3219 3103 iam

552 3167 592 3211 ›
631 3144 1012 3217 defunctus
1066 3145 1249 3216 alius
1300 3143 1632 3216 sacerdos
1688 3144 1762 3214 in
1817 3142 2069 3214 eadem
2125 3145 2422 3216 ecclesia
2477 3164 2650 3216 usus
2703 3143 2919 3215 suerit
2960 3144 3082 3217 tali
3116 3143 3223 3214 la·

550 3278 588 3321 ›
629 3256 920 3344 onitate,
965 3262 1035 3327 et
1072 3273 1279 3327 nemo
1317 3247 1878 3327 contradixerit?
1921 3276 1956 3318 «ι
1990 3252 2061 3325 S.
2088 3251 2341 3345 Congr.
2375 3255 2772 3347 respondit:
2810 3281 2848 3322 s
2882 3252 3227 3347 Negative

548 3390 586 3434 ι»
629 3368 699 3437 in
754 3367 1115 3455 omnibus,
1150 3367 1482 3436 nimirum
1523 3384 1654 3437 nec
1692 3366 1794 3437 uti
1837 3383 2045 3456 posse
2083 3366 2156 3436 in
2193 3366 2693 3439 ecclesiasticis
2731 3366 3228 3440 functionibus

547 3501 584 3545 ›
626 3478 748 3549 tali
805 3477 1061 3566 bireto,
1121 3496 1245 3549 nec
1300 3478 1628 3548 amittere
1685 3477 2255 3566 distributiones,
2313 3479 2666 3567 siquidem
2720 3478 3039 3552 biretum
3085 3496 3227 3550 non

546 3614 584 3657 ν
626 3597 734 3662 est
787 3590 1284 3662 indumentum
1339 3589 1648 3661 chorale.
1691 3612 1727 3656 ι»
1787 3585 2211 3682 (Gardellini
2262 3610 2336 3661 n.
2380 3588 2666 3686 4991.).

692 3705 814 3774 99.
871 3701 1083 3775 Porro
1138 3704 1210 3773 in
1264 3702 1399 3773 hac
1454 3708 1698 3773 nostra
1752 3701 2297 3774 elucubratione
2334 3704 2827 3775 recensuimus
2865 3722 3080 3775 casus
3113 3722 3227 3775 or-

544 3813 887 3903 dinarios,
930 3821 1000 3886 et
1039 3835 1078 3885 a
1117 3815 1266 3887 iure
1304 3815 1647 3888 canonico
1687 3812 2226 3902 determinatoS,
2285 3814 2551 3904 quibus
2588 3817 2915 3887 canonici
2956 3818 3223 3907 aliique

544 3926 755 3998 choro
810 3927 1239 4019 emancipati
1278 3926 1568 4017 impune
1608 3924 1894 3998 chorale
1933 3927 2297 3999 servitium
2344 3930 2672 4000 amittere
2710 3936 3059 4019 possuut3
3096 3927 3226 4000 sed

545 4045 614 4111 et
670 4040 962 4131 insuper
1015 4040 1377 4111 intercidit
1428 4057 1952 4130 saepenumero
2004 4042 2395 4113 necessitas
2447 4041 2556 4112 vel
2594 4041 2866 4114 utilitas
2905 4048 3230 4113 extraor-

544 4150 852 4239 dinaria,
910 4169 1095 4241 quae
1148 4170 1308 4223 cum
1348 4150 1757 4223 eorumdem
1809 4153 2288 4241 praesentiam
2344 4158 2415 4224 et
2468 4170 2754 4243 operam
2798 4152 2938 4223 alio
2978 4157 3223 4224 evocat

544 4262 1034 4352 detineatque,
1093 4266 1404 4355 postulat
1443 4264 1796 4352 aequitas,
1834 4279 1923 4333 ne
1963 4263 2095 4353 ipsi
2132 4262 2714 4335 distributionum
2757 4263 3032 4336 iactura
3068 4261 3228 4334 affi-

545 4376 852 4447 ciantur.
926 4373 1110 4448 Hinc
1175 4381 1459 4467 praesto
1516 4381 1623 4446 est
1680 4371 1753 4445 S.
1797 4371 1871 4445 C.
1919 4371 2180 4459 Conc.,
2266 4393 2450 4464 quae
2505 4376 2703 4446 iuxta
2764 4374 3225 4464 disciplinam

545 4491 825 4559 maturo
878 4488 1139 4560 iudicio
1211 4506 1295 4559 ac
1346 4487 1686 4559 diuturno
1752 4505 1888 4557 usu
1959 4487 2310 4561 sancitam
2387 4485 2665 4557 indulta
2735 4485 3219 4577 impertiatur,

543 4595 810 4687 quibus
861 4597 1053 4669 chori
1106 4599 1512 4671 dimittendi
1568 4597 1874 4669 facultas
1932 4595 2083 4669 ssat.
2151 4593 2476 4669 lamvero
2529 4597 2722 4669 hisce
2776 4596 2862 4667 de
2918 4594 3227 4666 indultis

545 4709 824 4798 copiose
877 4717 1115 4782 actum
1169 4719 1277 4783 est
1330 4712 1403 4782 in
1456 4729 1704 4801 eausa,
1762 4711 1873 4783 cui
1930 4710 2186 4782 titulus
2232 4709 2466 4782 Dubia
2501 4709 2949 4783 [adultorum
2985 4707 3098 4780 die
3131 4704 3223 4776 6.
