3497 5235
495 297 609 359 {44
1246 295 1611 362 Iusti-notioni·
1653 294 1704 350 Β.
1734 294 1918 366 Oongr.
1946 293 2091 351 Οοιιο.
2132 292 2401 366 expetitio.

491 431 819 505 voluerit.
876 428 1107 519 quue
1161 428 1382 500 multo
1434 427 1888 500 verisimilius
1939 434 2237 518 apparet
2274 444 2361 498 ex
2399 443 2507 513 e0,
2550 423 2740 514 quod
2794 421 3163 514 proximus
3247 453 3266 488 ·.

491 544 646 617 eius
696 560 1062 614 successor
1110 539 1431 612 Clemens
1479 535 1686 611 XIII.
1745 539 1822 610 in
1874 538 2006 610 hoc
2056 538 2302 610 eodem
2381 554 2637 628 genere
2708 534 3037 624 exposuit
3089 537 3162 603 et

491 654 905 728 declaravit.
965 649 1036 725 Is
1069 652 1258 724 enim
1297 652 1369 722 in
1406 649 1694 724 Litteris
1739 647 2135 739 Encyclicis
2172 650 2229 721 A
2264 669 2398 740 quo
2432 649 2546 720 die
2580 652 2765 741 post.
2809 643 2921 716 Id.
2954 641 3155 735 Sept.

490 765 934 838 ann01748.
977 763 1190 850 datis,
1247 782 1405 835 cum
1462 763 1685 834 multa
1738 763 1828 834 de
1880 762 2386 854 episcopalium
2445 781 2819 833 munerum
2869 759 3165 853 periun-

490 878 726 951 ctione
777 876 1102 960 dixisset,
1160 875 1337 947 illud
1390 875 1603 946 etiam
1660 873 1947 960 adiecit,
2006 892 2286 946 sacrum
2340 893 2468 965 pro
2516 874 2778 967 populo
2816 889 3161 964 peragere

493 989 731 1062 crebro
780 983 1169 1079 Episcopos
1220 993 1570 1077 oportere,
1627 987 1715 1058 de
1771 1004 1846 1058 se
1896 985 2129 1076 deque
2184 983 2735 1059 Venerabilibus
2788 984 3166 1057 Fratribus

495 1101 645 1173 suis
680 1100 752 1170 in
786 1098 977 1172 hanc
1011 1099 1442 1171 sententiam
1480 1099 1761 1172 locutus
1795 1117 1811 1166 :
1875 1122 1909 1163 ‹
1945 1095 2114 1168 Cum
2155 1116 2296 1169 non
2336 1106 2616 1171 nostras
2668 1094 3168 1170 tantummodo

502 1236 541 1282 ι
581 1228 829 1285 curare
880 1210 1271 1283 debeamus
1323 1211 1800 1298 infirmitateS,
1858 1212 1983 1283 sed
2036 1212 2250 1283 etiam
2314 1218 2567 1302 putare
2621 1210 2919 1281 aliorum
2975 1208 3166 1279 mala

502 1349 541 1395 ι
581 1324 674 1396 ad
726 1341 855 1394 nos
904 1324 1261 1413 pertinere
1314 1329 1385 1395 et
1435 1343 1517 1396 ea
1571 1341 1800 1412 aeque
1854 1322 2119 1395 habere
2173 1341 2255 1393 ac
2310 1330 2595 1407 nostra,
2674 1319 3171 1393 vehementius

504 1460 543 1506 ι
581 1435 996 1524 diutiusque
1058 1435 1500 1508 intendenda
1563 1434 1770 1506 nobis
1839 1434 1929 1506 ad
2002 1432 2376 1505 Dominum
2450 1442 2691 1505 nostra
2746 1441 2855 1505 est
2906 1433 3165 1520 orati0,

503 1569 542 1615 ι
581 1563 760 1636 qua,
815 1551 1187 1635 tamquam
1241 1542 1599 1618 Ecclesiae
1649 1546 1968 1617 fidelium
2026 1548 2488 1636 interpretes,
2545 1547 2859 1616 omnium
2916 1544 3168 1630 fidem,

502 1682 541 1728 ι
581 1675 780 1748 spem
833 1665 903 1730 et
957 1656 1376 1729 charitatem
1432 1666 1598 1730 ante
1650 1657 1891 1730 oculos
1928 1654 2207 1728 Domini
2246 1663 2671 1744 statuentes,
2714 1656 2903 1745 quod
2943 1655 3177 1727 omni-

503 1794 540 1840 »
580 1768 720 1841 bus
754 1769 829 1839 in
867 1769 1304 1854 universum,
1362 1769 1698 1858 quodque
1751 1770 2008 1858 cuique
2048 1769 2365 1840 fidelium
2402 1788 2581 1859 opus
2616 1775 2749 1855 est,
2791 1788 2831 1838 a
2872 1766 3174 1838 Domino

504 1906 541 1952 »
579 1883 1069 1973 impetremus.
1129 1879 1251 1951 Dei
1304 1889 1544 1952 autem
1581 1880 1921 1951 exorandi
1962 1880 2145 1950 viam
2188 1879 2397 1950 nobis
2436 1882 2735 1965 muniet,
2776 1883 2849 1949 et
2885 1877 3177 1968 quidvis

505 2018 545 2065 ι·
585 1991 1028 2082 adipiscendi
1082 1991 1297 2064 etiam
1359 1991 1628 2082 aperiet
1683 1991 2265 2082 augustissimum
2338 1988 2830 2062 Eucharistiae
2899 1987 3177 2061 sacrifi-

437 2134 443 2140 ·
507 2130 544 2174 ›
585 2106 798 2178 cium.
856 2100 1128 2176 Idcirco
1182 2102 1293 2174 vel
1347 2103 1672 2173 maximis
1709 2103 1933 2190 nostri
1972 2103 2287 2174 muneris
2323 2101 2916 2196 occupationibus
2950 2100 3172 2172 etiam

508 2242 544 2287 »
585 2216 956 2307 implicati,
1014 2222 1543 2286 sacrosanctum
1597 2210 1765 2286 Iesu
1815 2211 2072 2286 Christi
2124 2210 2390 2305 Corpus
2425 2221 2497 2285 et
2534 2214 2967 2304 Sanguinem
3022 2227 3173 2282 non

508 2355 545 2400 ›
585 2329 1073 2402 recusabimus
1126 2328 1507 2418 quominus
1574 2327 1984 2416 frequenter
2051 2325 2196 2399 Deo
2264 2327 2685 2412 offeramuS,
2746 2324 3177 2413 nullumque

508 2467 545 2513 »
584 2443 814 2513 maius
867 2448 1201 2531 putemus
1254 2439 1462 2511 nobis
1513 2440 1759 2512 datum
1815 2458 1972 2512 esse
2027 2429 2419 2531 negotium,
2476 2457 2692 2530 quam
2731 2437 2978 2511 crebro
3014 2437 3178 2529 pla-

506 2579 546 2627 >
588 2554 888 2628 cationis
937 2553 1245 2626 hostiam
1298 2572 1424 2645 pro
1478 2555 1741 2627 nostris
1794 2553 2182 2645 populique
2233 2554 2547 2645 peccatis
2599 2550 2744 2624 Deo
2796 2549 2990 2624 Patri
3040 2551 3177 2621 im-

511 2691 549 2729 »
588 2666 882 2738 molare.
928 2691 964 2734 »

650 2775 845 2850 Haec
898 2776 1234 2850 Decessor
1285 2777 1404 2850 ille
1454 2773 1707 2849 Noster
1777 2796 1918 2848 non
1974 2778 2210 2848 minus
2263 2778 2625 2868 sapienter
2678 2794 2894 2866 quam
2946 2777 3089 2866 pie.
3126 2814 3180 2830 -

505 2885 765 2961 Verum
814 2888 1078 2979 quibus
1112 2885 1442 2981 Episcopi
1482 2889 1736 2961 diebus
1771 2887 2107 2979 perlitare
2143 2907 2270 2980 pro
2306 2889 2569 2981 populo
2607 2887 2948 2975 debeant,
2991 2888 3181 2959 nihil

504 3001 626 3074 ille
678 3001 1100 3087 constituit3
1176 3019 1262 3070 ex
1318 3018 1458 3090 quo
1512 2998 1777 3071 lactum
1831 3007 1983 3087 est,
2041 3007 2122 3072 ut
2172 3000 2359 3071 inter
2409 2999 2733 3072 doctores
2786 2997 3181 3073 catholicos

509 3122 727 3205 atque
779 3114 992 3185 etiam
1044 3112 1234 3185 inter
1278 3113 1468 3203 ipsos
1503 3109 1891 3203 Episcopos
1928 3112 2016 3183 de
2052 3111 2281 3185 officio
2317 3112 2751 3200 conveniret,
2792 3110 2880 3183 de
2917 3108 3182 3182 diebus

508 3225 968 3316 discreparet.
1026 3221 1343 3315 Cumque
1394 3224 1582 3296 hanc
1633 3223 2049 3316 opinionum
2103 3225 2520 3296 varietatem
2573 3221 2940 3295 Romanae
2993 3219 3185 3294 Con-

510 3339 961 3431 gregationes
995 3334 1293 3411 Nostrae
1332 3339 1423 3410 ad
1458 3338 1647 3410 hanc
1684 3338 1872 3410 diem
1910 3337 2201 3410 minime
2236 3337 2685 3424 sustulerint,
2746 3355 2888 3407 non
2924 3335 3182 3408 eadem

507 3450 778 3541 ubique
830 3450 1065 3522 extitit
1118 3449 1540 3540 disciplina,
1607 3451 1731 3522 sed
1804 3450 1997 3520 varia
2070 3450 2140 3521 in
2209 3449 2382 3521 locis
2434 3449 2646 3521 variis
2699 3447 3175 3520 consuetudo.

507 3556 714 3633 Nunc
762 3578 929 3634 vero
980 3557 1312 3652 Episcopi
1367 3562 1633 3651 plureS,
1691 3578 1972 3633 omnem
2020 3560 2513 3632 haesitationis
2550 3578 2840 3631 causam
2876 3558 3012 3630 sibi
3054 3579 3186 3651 pe-

511 3673 706 3745 nitus
758 3673 968 3744 eximi
1025 3672 1420 3762 cupientes,
1460 3673 1979 3764 significarunt,
2021 3690 2229 3744 avere
2274 3691 2349 3743 se
2387 3680 2457 3745 et
2495 3689 2720 3757 orare,
2764 3677 2843 3743 ut
2876 3671 2965 3743 de
3004 3672 3182 3765 ipsis

511 3785 767 3858 diebus
819 3783 1020 3858 Sedis
1076 3785 1517 3875 Apostolicae
1587 3789 2010 3861 auctoritate
2081 3787 2534 3875 decernatur,
2605 3785 2752 3859 lata
2806 3785 3005 3877 lege,
3064 3788 3183 3857 cui

511 3916 758 3971 omnes
811 3901 883 3970 in
937 3897 1287 3988 reliquum
1329 3907 1609 3991 tempus
1643 3899 2164 3989 obtemperent.
2199 3938 2245 3951 -
2282 3893 2508 3989 Igitur
2544 3915 2705 3968 cum
2744 3896 2921 3968 nihil
2957 3892 3182 3968 Nobis

509 4017 657 4082 tam
711 4027 920 4082 curae
972 4009 1091 4097 sit,
1150 4027 1366 4099 quam
1421 4011 1708 4102 publica
1762 4011 2310 4083 christianorum
2364 4010 2636 4082 utilitas
2672 4015 2742 4082 et
2779 4027 3015 4081 rerum
3066 4027 3184 4079 sa-

513 4138 791 4193 crarum
846 4120 1246 4211 aequabilis
1299 4121 1371 4191 in
1425 4121 1757 4193 omnibus
1792 4122 1963 4195 locis
1999 4121 2409 4214 disciplina,
2466 4120 2824 4210 simulque
2876 4119 3181 4193 velimus

513 4226 1063 4305 venerabilibus
1113 4230 1484 4306 Fratribus
1536 4230 1809 4306 Nostris
1862 4230 2259 4324 EpiscopiS,
2304 4233 2723 4323 praesertim
2761 4239 2909 4305 tam
2948 4249 3181 4322 aequa

513 4344 1077 4439 postulantibuS,
1117 4344 1553 4435 satisfacere,
1613 4345 1791 4418 nihil
1843 4344 2317 4417 differendum
2355 4344 2717 4431 ducimuS,
2758 4343 2935 4432 quin
2972 4341 3062 4414 de
3099 4359 3182 4413 ea

513 4472 592 4527 re
644 4474 772 4548 pro
826 4464 1175 4547 potestate
1227 4453 1483 4529 Nostra
1532 4463 1937 4530 statuamus
1990 4476 2072 4529 ac
2124 4455 2548 4529 iudicemus.

668 4563 1074 4641 Generatim
1128 4586 1293 4641 vero
1345 4576 1417 4642 et
1468 4569 1801 4641 universe
1851 4567 2161 4640 officium
2217 4567 2407 4639 istud
2444 4564 2876 4658 episcopale,
2916 4563 3005 4638 de
3038 4581 3185 4653 quo

517 4680 909 4773 loquimur,
949 4699 1096 4773 non
1132 4687 1242 4754 est
1278 4680 1566 4755 difficile
1602 4699 2053 4774 cognoscere,
2094 4698 2312 4772 quam
2345 4679 2439 4753 sit
2475 4679 2696 4753 sacris
2728 4678 2985 4751 litteris
3018 4692 3193 4749 con-
