3497 5235
605 270 727 344 ⁰⁸?-
757 271 827 328 11.
867 270 939 328 Do
980 271 1245 346 Episcopo,
1284 269 1691 344 Archiopincopo,
1730 267 1960 327 Printto
1999 267 2057 326 ot
2096 268 2421 325 Parianus.
2463 269 2516 343 g.
2543 268 2594 324 8.
2827 264 2944 363 179

276 433 310 477 ›
348 406 550 479 alteri
590 406 1060 495 committere,
1104 404 1215 478 vel
1252 405 1450 477 illam
1488 404 1754 478 debeat
1789 422 1915 497 per
1949 404 2262 494 seipsum
2302 397 2677 475 exercere?
2733 403 2805 473 5.
2842 400 2946 476 An

272 545 309 589 ι
342 518 565 609 possit
619 513 1029 608 Capitulum
1081 518 1253 590 dare
1306 515 1617 589 subditis
1670 517 2172 588 attestationes
2208 516 2297 587 de
2344 516 2484 586 vita
2524 521 2597 587 et
2631 513 2950 586 moribus

275 657 308 701 ι
343 648 470 722 per
504 630 849 720 seipsum,
892 629 1003 701 vel
1041 628 1356 703 debeant
1394 628 1551 700 dari
1588 648 1629 699 a
1666 625 1943 700 Vicario
1980 621 2421 719 Capitulari?
2469 629 2539 698 6.
2587 624 2689 698 An
2726 627 2953 717 possit

275 768 310 810 ν
344 741 750 833 Capitulum
806 740 1053 812 iubere
1106 739 1386 813 Vicario
1437 737 1857 830 Capitulari,
1916 748 1995 811 ut
2046 739 2169 811 det
2206 739 2383 810 tales
2420 740 2947 828 attestationeS,

275 881 310 923 ν
345 855 457 927 vel
511 853 827 925 debeant
876 853 1193 944 pendere
1248 852 1338 924 ab
1395 851 1690 923 arbitrio
1743 848 2004 925 Vicarii
2068 844 2548 941 capitularis?
2604 851 2675 922 7.
2723 849 2953 922 An‘in

279 994 312 1038 ι
349 985 701 1040 concursu
750 966 1271 1057 parochialium
1323 964 1586 1039 debeat
1620 966 2055 1038 intervenire
2111 964 2486 1036 arbitrium
2529 962 2789 1037 Vicarii
2826 963 2959 1037 Ca-

281 1105 314 1148 »
353 1078 733 1171 pitularis,
790 1078 900 1149 vel
954 1077 1218 1151 debeat
1270 1077 1588 1168 pendere
1651 1075 1743 1147 ab
1799 1076 2091 1149 arbitrio
2143 1075 2492 1167 Capituli,
2551 1075 2958 1169 tactocon-

281 1216 314 1260 ι
349 1208 565 1262 cursu
639 1189 714 1259 in
777 1190 1186 1280 praesentia
1239 1185 1593 1279 Capituli,
1664 1187 1774 1260 vel
1846 1186 1923 1258 in
1991 1187 2366 1275 absentia,
2423 1194 2495 1260 et
2550 1206 2642 1258 an
2695 1187 2958 1261 debeat

283 1326 316 1369 ›
354 1302 634 1373 attendi
689 1298 1130 1373 consuetudo
1182 1301 1383 1391 regni
1439 1300 1511 1370 in
1567 1292 1780 1371 casu?
1813 1323 1851 1368 ›
1907 1296 1981 1369 S.
2024 1296 2489 1390 Congregatio
2521 1296 2811 1369 Concilii
2849 1317 2961 1371 re-

280 1413 589 1505 spondit:
637 1436 675 1478 ιι
721 1411 822 1483 Ad
863 1413 929 1481 1.
974 1408 1343 1503 Negative.
1391 1409 1497 1481 Ad
1534 1411 1608 1481 2.
1653 1407 1991 1501 Negative
2029 1412 2267 1499 quoad
2302 1412 2605 1502 primam
2646 1417 2951 1502 partem,

285 1551 316 1593 ›
357 1524 795 1596 Affirmative
850 1524 1088 1612 quoad
1141 1523 1558 1594 secundam.
1612 1522 1713 1594 Ad
1766 1523 1837 1593 3.
1881 1519 2249 1613 Negative.
2310 1523 2415 1593 Ad
2470 1523 2538 1613 4.
2593 1520 2959 1613 Provisum

285 1661 318 1706 ›
354 1638 426 1707 in
464 1639 702 1708 tertie.
748 1635 853 1707 Ad
882 1638 953 1707 5.
989 1633 1325 1725 Negative
1357 1635 1549 1725 quod
1578 1635 1879 1726 primam
1918 1642 2222 1724 partem,
2249 1632 2686 1705 Affirmative
2721 1633 2961 1722 quoad

285 1773 316 1817 ι
355 1750 774 1821 secundam.
843 1748 943 1819 Ad
996 1750 1066 1819 6.
1134 1744 1503 1839 Negative.
1571 1747 1672 1819 Ad
1728 1748 1798 1818 7.
1861 1746 2295 1820 Affirmative
2365 1746 2605 1836 quoad
2652 1746 2958 1837 primam

283 1884 316 1925 ψ
354 1867 635 1950 partem
691 1859 781 1930 ad
838 1859 1133 1930 formam
1186 1859 1392 1948 iuris3
1436 1861 1507 1930 in
1565 1859 1859 1949 reliquis
1912 1854 2283 1949 Negative.
2331 1883 2368 1926 ›

421 1973 547 2043 75.
603 1970 804 2053 Quod
855 1972 1170 2062 pertinet
1222 1971 1314 2042 ad
1366 1969 1720 2059 subditOS,
1764 1971 1886 2060 qui
1925 1970 2159 2041 alieno
2197 1968 2546 2061 Episcopo
2584 1970 2965 2041 remittun-

286 2088 392 2153 tur
444 2082 673 2155 sacris
723 2080 1115 2154 Ordinibus
1167 2083 1529 2169 initiandi,
1570 2090 1890 2174 praestat
1925 2084 2204 2171 afferre,
2263 2102 2449 2173 quae
2507 2083 2721 2154 tradit
2757 2079 2966 2152 Lam-

286 2191 464 2265 bert.
512 2194 586 2263 in
619 2193 749 2286 fol.
792 2214 989 2267 caus.
1018 2194 1343 2266 Elboren.
1372 2194 1649 2289 Dub.§.
1687 2197 1934 2277 quta,
1964 2196 2054 2266 ad
2092 2196 2278 2267 diem
2320 2196 2714 2286 2.August.
2748 2195 2961 2265 1721.

289 2330 323 2369 «
356 2301 575 2376 quta
612 2305 800 2377 idem
839 2304 1051 2378 Conc.
1094 2302 1316 2402 (8333.
1355 2306 1478 2378 23.
1520 2326 1582 2378 c.
1609 2305 1682 2378 3.
1725 2307 1808 2379 de
1847 2300 2199 2402 Reform.)
2235 2303 2593 2399 Episcopi,
2638 2307 2760 2395 qui
2796 2305 2969 2377 sub-

289 2444 323 2485 »
359 2418 551 2489 ditos
601 2435 770 2489 suos
825 2416 1194 2491 dimittunt
1246 2417 1682 2491 ordinandos
1736 2418 1828 2489 ad
1882 2420 2100 2490 alium
2178 2416 2638 2511 Episcopum,
2700 2419 2967 2490 debent

289 2552 322 2595 »
359 2547 482 2599 eos
536 2527 896 2600 dimittere
947 2530 1287 2622 probatos
1338 2537 1410 2603 et
1462 2532 1936 2620 examinatos,
1994 2538 2065 2603 et
2118 2531 2584 2604 cohaerenter
2642 2532 2734 2602 ad
2787 2532 2967 2603 haec

287 2640 672 2712 »invaluit
721 2642 990 2732 opini0,
1032 2643 1225 2732 quod
1276 2641 1700 2735 Episcopus,
1761 2647 1873 2716 cui
1930 2645 2117 2717 lacta
2171 2653 2278 2717 est
2331 2647 2760 2732 commissiO,
2821 2664 2969 2716 non

287 2758 653 2824 »tenetur
702 2754 1090 2842 inquirere,
1151 2774 1243 2827 an
1297 2758 1567 2829 dimissi
1620 2758 1766 2829 sint
1819 2757 2085 2845 idonei,
2143 2763 2213 2829 et
2281 2777 2376 2830 an
2446 2759 2765 2831 habeant
2816 2755 2966 2828 suf-

289 2888 324 2928 »
365 2863 725 2935 sicientem
777 2865 1066 2936 titulum
1121 2886 1247 2957 pro
1299 2868 1795 2956 ordinatione,
1867 2877 1946 2941 ut
1999 2869 2217 2941 habet
2270 2869 2591 2960 Fagnan.
2654 2872 2729 2941 in
2791 2871 2964 2959 Cap.

290 2997 326 3042 ›
371 2974 543 3047 Cum
594 2977 977 3048 secundum
1030 2998 1104 3049 η.
1147 2980 1267 3050 52.
1311 2980 1395 3050 de
1447 2980 1691 3052 Presb.
1731 2987 1799 3053 et
1855 2982 2106 3073 Diqn„
2148 2982 2307 3053 licet
2377 2982 2739 3070 inquirere
2810 2998 2975 3070 pos-

290 3109 326 3154 »
365 3088 488 3172 sit,
526 3087 585 3160 si
641 3089 839 3172 velit,
883 3090 1080 3160 iuxta
1134 3091 1641 3164 resolutionem
1695 3092 1907 3163 huius
1960 3094 2029 3164 S.
2075 3091 2149 3164 C.
2193 3095 2269 3164 in
2324 3112 2465 3163 una
2520 3093 2806 3164 Nullius
2850 3093 2967 3162 16.

290 3226 326 3271 ›
366 3199 667 3272 Ianuar.
714 3201 927 3272 1595.
985 3198 1178 3294 (Lib.
1224 3202 1293 3274 7.
1335 3203 1592 3276 decret.
1645 3223 1814 3295 paq.
1873 3204 1994 3276 80.
2055 3225 2101 3276 a
2154 3200 2381 3299 terqo)
2439 3204 2558 3275 ubi
2617 3204 2974 3294 proposito

290 3336 327 3380 ι
369 3312 618 3384 dubio:
661 3350 709 3363 -
744 3310 846 3383 An
885 3310 1278 3404 Episcopus
1314 3315 1657 3386 ordinans
1696 3301 1969 3386 alienos
2006 3316 2332 3387 subditos
2370 3317 2774 3388 saeculares
2812 3333 2972 3387 cum

291 3449 327 3492 ›
368 3423 792 3495 dimissoriis
846 3426 1105 3518 proprii
1162 3421 1492 3518 Episcopi
1546 3427 1958 3513 asserentis,
2002 3447 2122 3498 eos
2157 3429 2602 3499 examinatos
2652 3426 2869 3498 fuisse
2906 3433 2976 3497 et

292 3560 330 3604 >
371 3536 672 3607 idoneos
724 3543 1064 3625 repertos,
1101 3543 1436 3609 teneatur
1492 3538 1899 3610 huiusmodi
1978 3541 2417 3611 attestationi
2502 3539 2803 3626 deferre,
2862 3538 2976 3609 vel

290 3673 330 3714 s
370 3650 591 3719 etiam
629 3649 873 3738 possit
924 3648 1207 3719 eosdem
1263 3649 1703 3721 ordinandos
1756 3645 2212 3722 examinare?
2248 3689 2296 3702 -
2333 3670 2750 3741 responsum
2806 3649 2971 3720 fuit:

290 3784 330 3829 ›
369 3757 664 3832 -Posse
716 3757 1144 3852 Episcopum
1197 3761 1678 3849 ordinantem,
1734 3763 1794 3832 si
1852 3763 2173 3852 voluerit,
2234 3763 2676 3835 attestationi
2714 3760 2979 3854 proprii

289 3896 328 3941 ,ν
368 3868 711 3961 Episcopi
766 3871 1067 3959 deferre,
1125 3870 1252 3942 sed
1310 3891 1451 3943 non
1506 3873 1836 3944 teneri.-
1871 3871 1962 3945 Et
2014 3876 2396 3947 concordat
2455 3874 2592 3943 alia
2641 3873 2979 3943 resolutio

285 4008 327 4051 ›
367 4001 597 4072 super
631 3983 852 4053 dubio
889 3983 1359 4056 ordinationis
1397 3982 1591 4055 edita
1629 3985 1744 4056 die
1789 3986 1901 4056 17.
1936 3981 2229 4057 Ianuar.
2278 3986 2491 4056 1693.
2530 4009 2567 4053 »
2624 3980 2816 4079 (Lib.
2851 3982 2975 4056 43.

284 4096 558 4167 decret.
609 4116 780 4188 paq.
827 4093 993 4191 71.)

449 4206 570 4277 76.
609 4205 806 4278 Haec
859 4206 993 4277 luit
1044 4206 1258 4278 etiam
1331 4207 1667 4280 resolutio
1740 4208 1833 4281 ad
1886 4211 1957 4280 3.
2019 4207 2193 4279 dub.
2246 4208 2320 4277 in
2375 4226 2585 4278 causa
2644 4208 2979 4279 Elboren.

284 4317 492 4390 Dub.
528 4319 648 4388 23.
694 4319 871 4408 Aug.
918 4319 1131 4389 1721.
1178 4338 1337 4389 mox
1394 4326 1807 4401 memorata,
1862 4320 1984 4391 ubi
2054 4319 2402 4411 agebatur
2473 4320 2559 4391 de
2632 4316 2986 4411 Episcopo

282 4427 669 4501 Patarensi
723 4429 1202 4520 suffraganeo,
1258 4447 1383 4501 seu
1438 4431 1766 4501 auxiliari
1821 4429 2149 4521 Episcopi
2192 4428 2626 4504 Elborensis.
2675 4431 2984 4506 Dubium

280 4544 392 4614 ita
457 4550 880 4632 conceptum
933 4551 1113 4614 erat:
1174 4565 1211 4608 ‹
1260 4545 1359 4614 An
1415 4542 1599 4615 idem
1654 4539 2050 4634 Episcopus
2104 4543 2469 4614 auxiliaris
2505 4551 2833 4617 teneatur
2882 4545 2992 4615 in-

289 4680 330 4721 »
375 4654 696 4745 quirere,
740 4662 976 4727 utrum
1031 4656 1214 4727 circa
1267 4655 1453 4746 illOS,
1512 4657 1637 4746 qui
1688 4654 1829 4728 sibi
1881 4655 1974 4727 ab
2027 4652 2434 4747 Ordinatio,
2484 4675 2614 4729 seu
2664 4654 2990 4749 Capitulo
