3497 5235
1058 317 1178 393 0⁸1».
1205 319 1300 377 111.
1340 319 1413 376 Do
1454 319 1588 377 eluro
1627 320 1899 379 annulari.
1942 322 1997 396 ἓ.
2026 322 2072 380 1.
2782 318 2894 382 301

387 451 499 522 57.
560 474 598 518 ›
644 448 921 525 Sufficit
977 459 1246 542 autem,
1286 461 1367 526 ut
1417 454 1762 545 probetur
1797 455 2112 544 morbuS,
2154 458 2277 546 qui
2316 457 2450 530 etsi
2486 456 2575 527 de
2610 474 2686 528 se
2722 456 2900 529 levis

270 588 299 633 ›
326 562 429 650 sit,
486 569 721 654 potest
775 572 1018 636 tamen
1069 583 1196 657 per
1248 583 1614 638 accessum
1651 567 1742 638 ad
1782 566 2072 638 chorum
2111 567 2263 639 fieri
2303 568 2578 658 gravior
2615 562 2899 662 (Garcia

270 700 299 743 ›
329 677 594 749 deBen.
629 674 702 749 3.
742 697 814 768 p.
851 678 947 749 II.
988 697 1064 748 η.
1089 676 1300 760 363..
1344 676 1669 749 Antonel.
1702 677 2017 771 ibidem).
2056 676 2242 750 Hinc
2279 681 2350 752 S.
2383 669 2635 771 Cong'r.
2678 679 2905 752 lacul-

270 795 529 861 ›tatem
585 787 899 861 faciebat
956 788 1258 861 Antonio
1311 786 1683 877 Guiducci‚
1742 790 2174 863 cathedralis
2208 787 2635 881 Eugubinae
2687 810 2902 862 cano-

268 925 297 968 »
329 902 494 989 nico,
551 900 936 973 abessendi
990 922 1029 972 a
1082 901 1296 975 choro
1349 901 1440 973 ad
1478 898 1830 993 vesperas
1862 910 1934 975 ct
1969 900 2543 992 completorium,
2587 921 2668 972 eo
2706 901 2899 991 quod

267 1039 296 1084 ›
327 1013 736 1087 asthmatico
765 1012 1009 1084 morbo
1039 1012 1429 1086 laboraret:
1464 1015 1587 1104 qui
1619 1032 1779 1084 cum
1807 1015 1896 1086 iis
1926 1012 2371 1085 vertentibus
2398 1012 2591 1082 horis
2619 1012 2900 1085 diurnis

266 1127 534 1218 »magis
585 1143 751 1197 eum
804 1125 1195 1217 affligeret,
1276 1127 1550 1217 gravior
1603 1125 1972 1198 accedenti
2033 1125 2123 1196 ad
2185 1125 2476 1196 chorum
2530 1124 2898 1197 incidisset

263 1260 292 1303 ›
323 1231 714 1330 (anubina
746 1237 1002 1309 Servit.
1036 1236 1226 1308 chor.
1261 1238 1384 1308 23.
1418 1236 1598 1329 Aug.
1637 1232 1920 1331 1738.).
1961 1233 2149 1319 Quid
2183 1231 2438 1328 plura?
2478 1236 2693 1308 etiam
2731 1255 2901 1327 pru-

264 1371 293 1414 »
323 1347 507 1422 denti
537 1348 874 1423 existenti
914 1347 1163 1421 timore
1200 1356 1766 1438 superventurae
1801 1347 2237 1420 infirmitatis
2267 1347 2660 1438 quemlibet
2687 1347 2898 1418 choro

262 1460 621 1553 »legitime
675 1460 1166 1532 excusandum
1220 1461 1680 1532 consentiunt
1732 1456 2093 1546 Barbosa‚
2148 1455 2683 1550 Pignatellus...
2742 1458 2899 1528 alii-

261 1595 291 1639 ›
322 1589 473 1662 que,
533 1578 606 1643 et
657 1569 732 1643 S.
773 1571 954 1643 haec
1006 1567 1472 1663 Congregatio
1525 1570 1763 1643 firmat
1814 1572 1890 1642 in
1947 1572 2337 1643 Casertana
2390 1569 2629 1641 Indul.
2672 1570 2896 1641 abess.

263 1707 292 1749 ›
326 1683 429 1755 16.
469 1678 641 1756 Dec.
706 1684 921 1755 1797.

375 1793 491 1866 58.
557 1818 595 1864 >
634 1792 937 1868 Demum
990 1813 1125 1866 nec
1161 1796 1314 1867 eius
1351 1794 1611 1867 indolis
1647 1793 1865 1869 debet
1899 1813 2050 1868 esse
2088 1793 2404 1882 morbuS,
2448 1794 2627 1867 adeo
2663 1800 2743 1865 ut
2780 1811 2903 1866 ex-

257 1929 286 1973 »
317 1914 504 1979 cuset
558 1907 920 1998 legitime,
993 1906 1084 1977 ob
1139 1923 1350 1996 quem
1404 1907 1567 1996 quis
1620 1907 1810 1979 domi
1862 1913 2213 1998 perpetuo
2284 1906 2538 1977 morari
2609 1905 2894 1994 debeat,

252 2038 282 2083 ›
317 2024 431 2090 aut
484 2023 801 2107 nequeat
855 2017 993 2089 alio
1046 2036 1121 2088 se
1176 2016 1520 2107 conferre,
1561 2020 1674 2090 vel
1711 2024 1792 2089 ut
1828 2017 2224 2089 valetudini
2278 2016 2630 2104 consulat,
2670 2017 2781 2088 vel
2818 2022 2896 2088 ut

254 2129 838 2202 »inclementiam
908 2130 1092 2201 aeris
1162 2148 1334 2203 suae
1398 2130 1794 2203 valetudini
1874 2130 2247 2202 adversam
2299 2128 2387 2199 de
2468 2129 2897 2202 medicorum

253 2262 285 2304 ›
319 2240 565 2312 iudicio
620 2241 938 2332 effugiat.
984 2236 1300 2337 (Moneta
1337 2242 1428 2313 de
1467 2243 1695 2314 Distr.
1728 2262 1807 2333 p.
1852 2243 1947 2314 II.
1992 2261 2052 2314 c.
2092 2240 2265 2314 296.
2311 2261 2385 2312 n.
2423 2237 2672 2335 1·0.)...
2711 2238 2898 2311 Hinc

253 2373 288 2416 ›
322 2353 372 2423 si
419 2354 752 2426 sanitatis
806 2372 1023 2425 causa
1076 2353 1168 2425 ad
1219 2353 1510 2442 balnea,
1553 2354 1664 2425 vel
1716 2354 1940 2425 alium
1977 2354 2209 2425 locum
2247 2371 2323 2424 se
2357 2351 2744 2425 transferat
2781 2369 2900 2423 ae-

251 2485 283 2527 »
318 2471 554 2553 grotus
591 2466 979 2537 canonicus
1019 2472 1143 2537 aut
1178 2466 1484 2554 quilibet
1521 2464 1818 2538 clericus
1854 2464 2119 2536 chorali
2156 2482 2371 2536 onere
2408 2465 2886 2555 mancipatus,

246 2595 279 2639 ›
314 2577 442 2647 erit
492 2574 691 2649 haud
744 2595 950 2650 secus
1001 2577 1315 2669 legitime
1370 2577 1823 2650 excusandus
1878 2573 2207 2672 (BarbOS.
2251 2576 2381 2648 loc.
2424 2575 2543 2649 cit.
2587 2595 2662 2647 n.
2708 2569 2894 2671 60.)‚
3020 2580 3025 2586 '

241 2706 272 2752 ›
309 2692 550 2777 atque,
594 2695 674 2759 ut
709 2707 860 2760 rem
897 2689 1401 2779 undecumque
1437 2708 1597 2762 cum
1628 2686 1898 2761 Bened.
1932 2684 2123 2759 XIV.
2158 2689 2668 2760 concludamus
2703 2681 2892 2783 (1.0.

237 2818 268 2864 ›
305 2815 376 2868 n.
409 2793 584 2894 ⁴7.)
628 2801 967 2889 inquiunt
1002 2797 1359 2872 Passerini
1398 2806 1469 2872 et
1502 2798 1925 2890 Panimolle,
1966 2819 2171 2891 posse
2208 2798 2364 2870 dari
2399 2817 2670 2885 casum,
2705 2798 2898 2887 quod

237 2928 270 2971 ι
305 2908 690 2982 infirmitas
755 2911 946 2982 sinat
1015 2913 1398 2984 canonicos
1449 2912 1966 3003 aliquantisper
2016 2914 2226 2985 domo
2277 2931 2493 2984 causa
2563 2909 2896 2983 sanitatis

232 3040 264 3082 ›
298 3021 518 3109 exire,
552 3027 626 3093 et
665 3041 806 3093 uon
844 3022 1060 3097 faciat
1099 3020 1579 3120 (facultatem)
1617 3025 1829 3098 choro
1858 3044 1934 3096 se
1972 3031 2388 3116 praesentes
2422 3021 2890 3095 exhibendi.»

360 3133 486 3205 59.
546 3128 744 3214 Quae
812 3135 1165 3207 hactenus
1235 3136 1453 3208 allata
1507 3143 1726 3225 sunt,
1802 3138 2248 3210 confirmavit
2316 3136 2528 3207 Sacer
2580 3130 2769 3204 Ordo
2821 3135 2895 3205 in

222 3242 467 3315 eadem
516 3245 909 3334 Nucerina,
968 3247 1043 3318 in
1096 3267 1241 3338 qua
1295 3248 1644 3340 agebatur
1694 3247 1783 3320 de
1838 3250 2180 3320 canonico
2229 3246 2538 3319 Antisari
2574 3266 2615 3317 a
2652 3246 2896 3317 multis

214 3356 419 3426 annis
476 3355 949 3429 habitualiter
999 3359 1334 3449 hepatico
1373 3359 1617 3431 morbo
1646 3353 1778 3456 (di
1802 3356 2084 3455 seqato)
2123 3360 2518 3448 laborante,
2554 3360 2678 3449 qui
2713 3376 2900 3429 mor-

212 3462 346 3537 bus
399 3484 440 3538 e
497 3469 732 3541 iurata
788 3469 1221 3542 medicorum
1277 3472 1445 3561 fide,
1504 3473 1667 3543 licet
1704 3492 1743 3542 a
1785 3471 1993 3542 domo
2047 3473 2238 3544 exire
2291 3478 2361 3545 et
2415 3472 2506 3543 ab
2555 3471 2733 3543 urbe
2788 3469 2899 3540 di·-

207 3578 507 3651 scedere
546 3579 937 3669 aliquando
970 3582 1069 3653 illi
1107 3585 1575 3675 permitteret,
1606 3583 2071 3656 nihilominus
2108 3587 2445 3656 continuo
2482 3583 2572 3654 ad
2602 3582 2893 3653 chorum

208 3690 561 3762 accedere
631 3690 904 3781 absque
982 3693 1417 3765 valetudinis
1487 3695 1914 3767 detrimento
1983 3695 2198 3785 plane
2259 3695 2578 3768 vetabat.
2637 3692 2895 3783 ltaque

199 3801 606 3892 propositis
657 3802 887 3875 tribus
938 3803 1556 3895 subsequentibus
1593 3807 1875 3879 dubiis:
1920 3829 1958 3871 «
1991 3807 2056 3877 1.
2107 3806 2209 3877 An
2246 3813 2314 3879 et
2353 3805 2642 3897 quando
2680 3822 2896 3875 cano-

200 3934 234 3978 ›
279 3913 458 3985 nico
525 3911 832 3986 Antisari
888 3916 1425 3989 concedendum
1477 3919 1568 3990 sit
1621 3919 1984 3991 indultum
2022 3919 2325 3991 choralis
2361 3918 2627 3989 servitii
2685 3915 2898 3987 omit-

197 4046 232 4089 »
271 4024 536 4112 tendi,
593 4025 902 4099 durante
958 4029 1372 4101 infirmitate
1424 4030 1498 4100 in
1554 4024 1763 4101 casu?
1797 4057 1832 4100 ι
1890 4038 1959 4104 et
2012 4039 2371 4120 quatenus
2425 4028 2886 4114 affirmative,

192 4160 228 4201 ι
259 4139 336 4207 Ξ.
386 4137 518 4207 An
557 4134 908 4210 debeatur
960 4140 1024 4210 ei
1071 4141 1425 4212 restitutio
1463 4140 2049 4213 distributionum
2086 4161 2227 4213 non
2266 4148 2761 4233 perceptarum
2801 4137 2891 4209 ab

189 4270 227 4313 ›
266 4249 391 4337 iis,
439 4248 580 4338 qui
636 4266 757 4319 eas
809 4249 947 4321 sibi
1000 4249 1551 4324 vindicaverunt
1601 4254 1674 4323 in
1728 4248 1943 4324 casu‘ss
1998 4254 2068 4324 3.
2119 4254 2219 4323 An
2257 4252 2711 4324 dealbandae
2749 4251 2893 4321 sint

181 4384 219 4427 ›
260 4379 303 4432 e
362 4360 575 4431 libro
627 4361 1005 4451 capitulari
1060 4368 1536 4452 punctaturae
1591 4363 1934 4435 adversus
1976 4370 2328 4435 oratorem
2379 4364 2767 4454 inscriptae
2819 4363 2894 4432 in

181 4496 219 4539 ›
260 4466 522 4544 casui}
559 4495 598 4537 ν
663 4471 735 4542 S.
779 4470 852 4543 C.
894 4469 969 4542 C.
1029 4472 1146 4544 die
1214 4473 1329 4544 17.
1372 4471 1582 4546 Febr.
1652 4475 1869 4546 1838.
1928 4475 2333 4566 rescripsit:
2383 4499 2420 4541 (ι
2460 4473 2893 4547 Affirmative

178 4606 216 4648 ›
255 4583 365 4656 ad
438 4582 556 4670 1.,
614 4583 937 4674 exceptis
988 4584 1536 4656 solemnioribus
1590 4584 1815 4673 festiS,
1874 4590 1942 4657 et
1995 4586 2107 4674 iiS,
2166 4586 2430 4676 quibus
2484 4588 2892 4660 assistentia

171 4724 212 4765 ι
255 4704 589 4772 tantum
640 4698 861 4770 etiam
913 4698 1189 4789 absque
1242 4708 1463 4774 cantu
1496 4702 1911 4799 praebetur,
1953 4705 2234 4777 amissis
2271 4705 2895 4780 distributionibus
