3497 5235
883 248 1005 324 ⁰⁸1²·
1034 252 1082 309 1.
1122 252 1193 310 Do
1234 252 1386 310 stetu
1424 248 1685 309 mni-0
1724 249 2003 308 materiali.
2042 250 2097 326 g.
2124 249 2248 307 4-7.
2820 249 2899 313 87

229 386 430 477 logali
495 386 642 456 iam
709 384 1039 476 praedita
1092 391 1243 471 est,
1302 384 1650 457 eiusmodi
1721 384 2051 475 petitioni
2114 383 2582 457 adversentur
2612 436 2632 473 ,
2688 391 2769 457 ut
2821 385 2897 456 in

241 497 578 570 matina
634 496 755 566 14.
796 493 1091 567 Ianuar.
1139 496 1387 582 1747„
1428 497 1500 567 in
1548 514 1689 586 qua
1742 512 1944 568 sacer
1976 491 2165 569 Ordo
2217 497 2492 568 cunctis
2541 493 2899 587 suffragiis

234 609 740 701 exponentium
795 624 1044 697 preces
1095 597 1401 701 excepit,
1459 608 1790 679 cautione
1838 613 2117 680 tantum
2156 606 2509 696 adhibita,
2567 613 2647 680 ut
2698 609 2899 680 iuxta

233 727 464 793 votum
524 719 1054 810 Archiepiscopi
1107 718 1407 791 diversis
1459 716 1716 790 diebus
1767 718 1977 790 lectio
2030 718 2447 792 haberetur.

368 833 494 903 75.
532 827 1016 903 Nihilominus
1038 829 1424 903 dicendum
1450 836 1585 917 est,
1622 829 1695 902 id
1722 847 1810 902 ex
1840 830 2322 920 peculiaribus
2348 830 2900 904 circumstantiis

236 943 567 1035 pendere.
610 938 793 1014 Nam
839 960 1004 1015 cum
1054 946 1378 1014 vacasset
1415 943 1880 1015 canonicatus
1931 942 2202 1014 liberae
2234 941 2635 1015 collationis
2671 943 2746 1015 in
2781 961 2901 1015 ec-

238 1055 437 1127 clesia
486 1054 866 1145 collegiata
918 1050 1285 1141 Fabriaui,
1341 1054 1665 1126 canonici
1718 1053 1915 1126 illius
1963 1053 2380 1143 collegiatae
2417 1055 2508 1125 ab
2546 1051 2897 1146 Episcopo

236 1168 636 1260 petierunt,
693 1174 774 1239 ut
826 1165 1241 1257 praebenda
1309 1165 1774 1258 theologalis,
1842 1166 1955 1238 vel
2017 1167 2550 1256 poenitentialis
2601 1184 2765 1241 cum
2814 1184 2897 1238 eo

236 1279 657 1352 canonicatu
711 1278 1126 1369 erigeretur.
1186 1278 1275 1348 At
1322 1295 1488 1349 vero
1539 1277 1865 1351 canonici
1913 1278 2346 1350 cathedralis
2379 1276 2740 1350 mordicus
2771 1276 2902 1349 ob-

238 1390 584 1463 sistebant
636 1407 725 1462 ex
775 1407 861 1462 ea
914 1406 1158 1476 causa,
1218 1389 1408 1478 quod
1458 1377 1870 1462 huiusmodi
1919 1389 2257 1463 erectioni
2310 1406 2443 1463 nec
2476 1389 2896 1475 necessitaS,

239 1521 353 1575 uec
405 1502 689 1576 utilitas
738 1500 1273 1592 suffragaretur,
1330 1501 1508 1590 quin
1557 1501 1700 1571 imo
1753 1500 2097 1573 damnum
2149 1500 2566 1593 collegiatae
2627 1499 2900 1571 obven-

237 1621 462 1687 turum
524 1613 916 1686 videretur.
975 1609 1231 1701 Itaque
1300 1613 1376 1684 iu
1429 1611 1863 1684 Fabria-nen.
1922 1613 2179 1684 Praeb.
2238 1612 2442 1686 theol.
2501 1618 2567 1685 et
2627 1610 2894 1702 poenit.

241 1727 344 1797 27.
387 1724 621 1816 April.
668 1725 884 1796 1805.
940 1725 1301 1815 proposito
1352 1722 1614 1795 dubio:
1676 1746 1714 1791 α
1757 1723 1864 1795 An
1912 1726 2008 1797 sit
2058 1724 2253 1797 locus
2306 1723 2642 1796 erectioni
2696 1739 2904 1814 prae-

241 1862 275 1906 ›
305 1837 597 1910 bendae
645 1834 1069 1926 theologalis
1104 1842 1176 1906 et
1211 1835 1747 1925 poenitentialis
1788 1836 1865 1907 in
1900 1836 2197 1908 ecclesia
2233 1836 2607 1928 collegiata
2659 1835 2734 1906 S.
2774 1829 2900 1904 Ni-

245 1973 276 2017 »
310 1950 489 2022 colai
520 1949 598 2020 in
624 1942 895 2021 casu‘l'»
923 1943 1084 2019 Emi
1109 1944 1355 2019 Patres
1380 1948 1926 2037 rescripserunt:
1962 1944 2356 2039 ‹Negative
2384 1947 2459 2018 in
2487 1944 2897 2018 omnibus.»

371 2061 499 2131 76.
557 2057 746 2131 Fieri
798 2066 1059 2151 potest,
1118 2065 1196 2130 ut
1247 2058 1589 2146 locorum,
1644 2065 2072 2152 temporum,
2139 2059 2586 2148 aliorumque
2640 2057 2899 2130 adiun-

242 2178 504 2244 ctornm
557 2170 1136 2244 circumstantiae
1189 2169 1645 2260 praebendas
1694 2168 2168 2262 theologalem
2202 2177 2273 2243 et
2309 2169 2895 2260 poenitentialem

238 2283 568 2356 canonice
623 2280 906 2354 institui
963 2299 1102 2352 non
1153 2282 1422 2369 sinant,
1480 2288 1691 2372 prout
1725 2282 1964 2354 evenit
2014 2299 2080 2354 e.
2125 2300 2193 2373 g.
2234 2282 2310 2353 in
2345 2278 2602 2370 Gallia,
2642 2275 2719 2352 in
2755 2298 2899 2370 qua

239 2394 554 2467 canonici
610 2400 882 2466 certum
921 2412 960 2464 a
1000 2392 1340 2484 gubernio
1390 2392 1829 2483 stipendium
1868 2393 1943 2464 in
1979 2395 2284 2483 pecunia
2337 2399 2713 2465 numerata
2748 2393 2904 2467 loco

241 2505 692 2596 praebendae
728 2504 1110 2594 recipiunt.
1170 2500 1322 2574 Hoc
1373 2504 1445 2574 in
1499 2521 1669 2576 casu
1725 2502 1800 2576 S.
1841 2502 1918 2576 C.
1957 2504 2138 2576 solet
2173 2501 2567 2596 Episcopus
2598 2504 2930 2592 hortari,-

244 2620 458 2691 donec
512 2613 731 2689 Conc.
788 2612 979 2689 Trid.
1039 2616 1399 2689 decretum
1453 2615 1891 2690 adamussim
1943 2616 2237 2707 exsequi
2307 2636 2449 2689 non
2514 2617 2766 2706 detur,
2823 2623 2903 2689 ut

243 2728 512 2800 duobus
565 2728 957 2816 canoniciS,
1015 2726 1185 2799 dum
1238 2714 1735 2801 canonicatum
1791 2730 2061 2801 eisdem
2097 2728 2500 2818 conferunt,
2557 2748 2738 2801 onus
2790 2730 2910 2800 iu-

244 2841 589 2932 iungant,
647 2840 850 2932 alteri
921 2841 1209 2932 gerendi
1280 2841 1590 2915 officium
1660 2843 1969 2936 theologi
1999 2896 2021 2932 ,
2086 2843 2288 2917 alteri
2357 2844 2667 2916 officium
2737 2859 2905 2933 poe-

244 2952 671 3040 nitentiarii,
727 2959 851 3025 aut
903 2951 1154 3059 saltem
1206 2970 1494 3043 operam
1549 2955 1759 3042 dent,
1817 2962 1899 3028 ut
1953 2955 2215 3045 aliquis
2267 2972 2638 3044 nunquam
2688 2953 2899 3042 desit,

246 3063 359 3151 qui
408 3081 687 3135 sacram
739 3059 1175 3154 Scripturam
1228 3066 1566 3154 explanet
1617 3064 1943 3138 adinstar
1977 3066 2314 3157 theologi,
2357 3071 2481 3136 aut
2516 3062 2903 3137 confessio-

249 3190 365 3244 nes
412 3176 727 3266 excipiat
778 3175 1099 3247 adinstar
1149 3175 1728 3265 poenitentiarii3
1805 3176 2006 3249 cuius
2058 3178 2157 3249 rei
2209 3177 2417 3267 plura
2469 3175 2738 3265 passim
2787 3191 2910 3246 oc·

251 3294 530 3358 currunt
583 3285 940 3376 exempla.
2878 3313 2888 3323 ·

387 3396 502 3467 77.
557 3393 899 3478 Quamvis
948 3394 1158 3469 Conc.
1193 3392 1384 3469 Trid.
1427 3398 1989 3488 praescripserit,
2032 3405 2111 3471 ut
2150 3419 2187 3463 ‹
2220 3393 2634 3486 praebenda
2671 3396 2898 3489 primo

257 3530 292 3571 ι
330 3513 658 3580 vacatura
714 3526 840 3599 pro
891 3507 1152 3582 lectore
1220 3508 1293 3581 S.
1352 3508 1762 3600 Scripturae
1813 3510 1965 3599 ipso
2017 3507 2204 3582 facto
2257 3509 2643 3581 constituta
2695 3509 2912 3582 intel-

254 3642 290 3684 »
326 3617 579 3709 ligatur
615 3645 656 3689 ›
714 3619 1178 3692 nihilominus
1210 3621 1303 3693 ad
1337 3621 1524 3693 hanc
1558 3638 1706 3692 rem
1741 3621 2130 3709 requiritur
2164 3620 2465 3693 actualis
2501 3618 2896 3710 deputatio.

251 3722 421 3798 Nam
487 3730 559 3802 S.
600 3727 676 3801 C.
719 3727 1005 3803 Concilii
1058 3732 1374 3818 censuit,
1432 3732 1877 3823 adprobante
1939 3731 2179 3821 SSn'io,
2248 3755 2288 3801 ι
2329 3735 2421 3806 ad
2472 3735 2901 3806 erectionem

257 3862 294 3903 >
330 3841 776 3929 praebendae
829 3840 1248 3931 theologalis
1298 3843 1564 3933 requiri
1602 3844 1959 3916 actualem
1995 3843 2561 3936 deputationem,
2601 3851 2674 3917 et
2707 3844 2896 3932 ide0‚

255 3976 292 4018 ι»
329 3952 386 4022 si
435 3953 502 4025 in
554 3955 956 4045 provisione
1007 3955 1459 4048 praebendae
1498 3974 1640 4028 non
1676 3955 1892 4030 fuerit
1926 3956 2116 4032 facta
2153 3959 2457 4031 actualis
2494 3957 2896 4049 deputatio,

259 4088 293 4127 ι
334 4082 465 4135 non
512 4084 717 4156 posse
771 4067 1131 4159 provisum
1181 4067 1333 4158 cogi
1389 4066 1588 4141 obire
1643 4086 1906 4140 munus
1955 4068 2300 4143 lecturae.
2345 4093 2383 4139 »
2457 4066 2569 4140 Ita
2639 4068 2947 4159 legitur-

257 4174 405 4244 sine
435 4175 543 4248 die
578 4176 753 4251 haec
793 4179 1127 4251 resolutio
1181 4177 1372 4270 apud
1423 4176 1708 4252 Petram
1760 4174 1942 4275 (loc.
1983 4180 2105 4253 cit.
2147 4198 2222 4252 η.
2269 4174 2459 4276 18).
2516 4177 2902 4271 Fagnanus

258 4285 460 4357 etiam
500 4288 816 4379 idipsum
865 4289 1094 4377 docet,
1154 4298 1372 4381 atque
1422 4297 1753 4380 testatur,
1793 4293 1893 4364 ita
1928 4292 2217 4383 saepius
2254 4290 2648 4365 resolutum
2683 4289 2906 4362 fuisse

260 4390 462 4488 (Gap.
498 4399 879 4481 Nonnulli,
915 4400 997 4473 de
1029 4402 1464 4494 maqisterio,
1514 4421 1592 4475 η.
1621 4399 1790 4498 36.)
1840 4403 1965 4475 ubi
2016 4403 2391 4494 speciatim
2424 4403 2499 4474 in
2535 4403 2910 4477 confirma-

262 4507 506 4580 tionem
539 4511 747 4585 affert
782 4511 1284 4584 resolutionem
1332 4531 1595 4585 causae
1647 4513 2024 4586 cuiusdam
2057 4513 2327 4587 editam
2376 4513 2494 4587 die
2543 4516 2668 4587 26.
2703 4513 2909 4605 Apri·
3028 4558 3035 4565 -

266 4614 357 4687 lis
389 4619 584 4693 1585.
641 4629 717 4694 et
769 4641 812 4693 a
865 4619 1154 4693 Summo
1206 4620 1550 4697 Pontifice
1604 4623 2165 4715 comprobatam.
