3497 5235
667 325 785 391 498
1406 325 1778 384 humationi·
1819 324 1871 383 8.
1905 325 2087 400 Oongr.
2117 323 2263 384 cono.
2304 328 2575 401 expetitio.

663 459 1078 532 famuletur.
1123 480 1160 525 ‹
1206 456 1410 531 Aliud
1448 459 1801 549 siquidem
1840 466 1949 531 est
2003 456 2250 553 (verba
2291 468 2459 531 sunt
2494 457 2768 533 Bened.
2801 455 2994 531 XIV.
3039 461 3166 533 loc.
3206 459 3310 533 cit.

668 599 706 639 >
750 592 944 643 num..
989 568 1098 665 6.)
1139 572 1469 644 clericum
1525 589 1728 662 posse
1784 571 2110 663 compelli
2165 572 2253 642 ad
2295 573 2827 644 inserviendum
2868 572 3204 643 ecclesiae
3241 570 3316 642 ab

668 711 706 753 ι»
747 682 1099 777 Episcopo
1152 684 1597 775 designatae,
1656 682 1881 771 aliud,
1929 700 2136 773 posse
2191 681 2316 753 tori
2376 683 2743 774 privilegio
2799 683 3087 774 privari,
3147 681 3321 771 quod

669 822 708 867 »
749 817 892 869 non
945 796 1073 883 illi,
1115 797 1239 868 sed
1294 795 1496 868 alteri
1552 795 1895 867 ecclesiae
1948 811 2155 865 suum
2211 795 2575 866 servitium
2631 796 3024 889 impendat.
3076 820 3109 861 »

813 911 982 981 439.
1039 904 1170 990 Qui
1227 915 1517 979 tonsura
1575 908 1682 977 vel
1740 906 2133 978 minoribus
2184 902 2578 978 Ordinibus
2631 907 2934 999 praediti
2974 913 3169 994 sunt,
3207 905 3324 976 ba-

663 1022 895 1095 bitum
951 1019 1346 1093 clericalem
1402 1019 1699 1090 induere
1754 1017 2119 1105 iubentur,
2178 1018 2235 1088 si
2307 1017 2833 1109 privilegiorum
2906 1017 3321 1089 clericalium

661 1133 852 1206 bono
907 1133 1012 1204 uti
1064 1133 1314 1218 velint,
1353 1136 1565 1221 prout
1617 1129 1825 1201 modo
1876 1128 2211 1201 vidimuS.
2269 1124 2400 1210 Qui
2455 1149 2618 1201 vero
2672 1130 2892 1201 sacris
2950 1125 3322 1200 Ordinibus

661 1246 982 1338 insigniti
1035 1251 1232 1331 sunt,
1275 1244 1384 1315 vel
1439 1243 1919 1315 ecclesiastico
1971 1240 2320 1314 beneficio
2391 1242 2790 1333 potiuntur,
2847 1247 3084 1313 vestes
3137 1240 3325 1313 cleri-

664 1359 853 1431 cales
908 1356 1151 1429 itidem
1209 1361 1483 1447 gestare
1534 1354 2089 1444 compelluntur,
2148 1355 2206 1425 si
2280 1356 2489 1426 modo
2567 1372 2929 1426 sacrorum
2991 1349 3324 1425 Ordinum

663 1469 998 1543 exercitio
1035 1486 1119 1538 ac
1154 1466 1679 1538 beneficialium
1723 1465 2082 1539 fructuum
2121 1467 2577 1556 perceptione
2614 1466 2780 1553 frui,
2813 1467 3137 1555 aliasque
3174 1484 3327 1558 poe-

662 1600 795 1654 nas
848 1580 1156 1671 effugere
1209 1578 1430 1649 velint
1483 1598 1522 1648 a
1577 1578 1728 1649 iure
1785 1578 2130 1649 canonico
2197 1580 2688 1668 praestitutas.
2747 1575 3078 1668 Namque
3129 1596 3328 1670 super

661 1692 799 1765 boc
851 1690 1147 1762 articulo
1200 1689 1403 1780 plura
1457 1693 1743 1761 exstant
1798 1690 1870 1759 in
1927 1690 2076 1761 iure
2147 1690 2491 1763 canonico
2553 1691 2868 1777 decreta,
2910 1708 3100 1779 quae
3153 1706 3328 1761 nunc

662 1802 1087 1895 explicanda
1138 1800 1592 1890 suscipimus.
1653 1798 1979 1872 Clemens
2031 1796 2116 1869 V.
2158 1802 2232 1871 in
2269 1799 2486 1873 Cone.
2526 1799 2943 1889 Viennensi,
2986 1808 3069 1874 ut
3107 1800 3328 1872 videre

661 1922 772 1989 est
822 1917 895 1985 in
952 1915 1122 2003 Cap.
1167 1910 1520 1996 Quoniam
1572 1912 1693 1983 lib.
1735 1910 1809 1984 3.
1860 1912 2274 1985 Clementia.
2341 1915 2437 1985 De
2487 1916 2639 1987 vita
2690 1919 2756 1985 et
2805 1914 3071 1984 honest.
3134 1913 3325 1992 cler„

660 2045 790 2099 suo
842 2026 1125 2097 decreto
1178 2023 1508 2106 sancivit,
1553 2028 1629 2094 ut
1682 2023 1947 2111 clerici,
1990 2024 2113 2112 qui
2166 2023 2517 2095 beneficio
2572 2024 3053 2096 ecclesiastico
3094 2022 3326 2094 fruun-

663 2146 809 2224 tur,
850 2144 922 2209 et
974 2138 1050 2225 ii,
1092 2136 1215 2225 qui
1270 2134 1800 2206 subdiaconatu
1855 2134 1962 2206 vel
2015 2133 2399 2207 diaconatu
2454 2135 2911 2222 decorantur,
2951 2135 3011 2205 si
3066 2143 3321 2207 vestem

663 2267 837 2322 suae
888 2246 1308 2341 professioni
1381 2245 1671 2317 minime
1736 2252 2249 2337 congruentem
2315 2245 2603 2338 publice
2673 2250 3074 2333 assumant,
3132 2246 3326 2337 primi

662 2380 792 2454 per
843 2379 968 2431 sex
1022 2375 1303 2431 menses
1358 2378 1399 2428 a
1453 2359 1602 2429 iure
1656 2358 2095 2449 percipiendi
2152 2357 2423 2430 fructus
2476 2357 2937 2431 beneficiales
2973 2358 3322 2451 suspensi,

663 2471 869 2544 alteri
924 2489 1088 2542 vero
1140 2488 1265 2560 per
1318 2469 1505 2542 idem
1559 2475 1845 2560 tempus
1898 2467 1987 2540 ad
2037 2468 2388 2542 beneficia
2427 2470 2904 2542 ecclesiastica
2941 2469 3328 2541 obtinenda

664 2582 1022 2657 inhabiles
1099 2581 1524 2655 efficiantur.
1596 2579 1670 2654 Si
1739 2589 1980 2654 tamen
2059 2589 2315 2673 agatur
2383 2583 2472 2655 de
2545 2584 2867 2674 personis
2934 2582 3328 2674 dignitate,

656 2702 1044 2788 personatu
1099 2693 1206 2765 vel
1259 2693 1609 2765 beneficio
1663 2695 2008 2784 provisiS,
2064 2695 2175 2766 cui
2255 2713 2422 2766 cura
2479 2698 2877 2767 animarum
2935 2695 3168 2783 inest,
3226 2693 3330 2766 vel

657 2807 749 2880 de
801 2808 912 2896 iis,
972 2807 1096 2897 qui
1148 2805 1240 2877 ad
1305 2805 1781 2877 sacerdotium
1853 2806 2336 2894 ascenderint,
2393 2814 2543 2878 tum
2619 2826 2878 2899 poena,
2937 2826 3156 2898 quam
3226 2808 3331 2879 di-

656 2921 919 3005 ximus,
976 2917 1466 3007 suspensionis
1518 2924 1590 2989 et
1641 2916 2120 2990 inhabilitatis
2171 2918 2262 2989 ad
2308 2924 2537 2992 totum
2578 2938 2843 2990 annum
2882 2920 3322 3010 producitur.

804 3030 973 3101 440.
1029 3026 1457 3102 Huiusmodi
1510 3027 1893 3102 Clementis
1947 3027 2030 3102 V.
2090 3029 2626 3121 dispositionem
2680 3035 3047 3123 conceptis
3099 3034 3330 3106 verbis

657 3142 1024 3214 innovavit
1075 3142 1593 3233 ampliavitque
1646 3138 2061 3214 Tridentina
2133 3143 2466 3232 Synodus
2517 3163 2672 3235 cap.
2731 3144 2799 3217 6.
2865 3145 3044 3217 Sea-5.
3091 3144 3207 3218 u.
3248 3145 3331 3215 de

660 3253 1009 3344 Reform.,·
1044 3254 1307 3325 etenim
1362 3252 1700 3341 decrevit,
1744 3260 1823 3324 ut
1872 3254 2396 3327 ecclesiasticae
2450 3272 2824 3346 personae,
2869 3256 3327 3344 quantumvis

656 3369 1060 3454 exemptae,
1102 3381 1288 3453 quae
1342 3365 1563 3435 sacris
1630 3360 2023 3438 Ordinibus
2094 3366 2418 3438 initiatae
2492 3368 2664 3454 sint,
2723 3366 2830 3437 vel
2901 3365 3325 3437 beneficium

656 3474 1094 3563 obtinentes,
1157 3497 1194 3540 ‹
1234 3476 1289 3546 si
1347 3482 1596 3566 postea
1651 3493 1869 3564 quam
1926 3476 2016 3548 ab
2070 3473 2423 3569 Episcopo
2488 3496 2644 3563 sue,
2703 3478 2920 3549 etiam
2991 3497 3120 3568 per
3185 3476 3329 3548 edi-

522 3573 529 3584 ’
657 3614 697 3657 ›
739 3594 927 3660 ctum
983 3588 1379 3680 publicum,
1421 3590 1669 3662 moniti
1725 3589 2019 3681 fuerint,
2062 3591 2438 3664 honestum
2505 3590 2829 3663 habitum
2903 3592 3316 3676 clericalem,

658 3725 698 3769 ιν
739 3701 1017 3772 illorum
1072 3696 1319 3772 Ordini
1376 3720 1458 3773 ac
1511 3702 1840 3792 dignitati
1898 3711 2434 3796 congruentem,
2493 3711 2564 3775 et
2616 3705 2814 3774 iuxta
2887 3704 3115 3794 ipsius
3167 3699 3319 3791 Epi-

657 3838 697 3882 »
739 3815 931 3904 scopi
983 3814 1509 3886 ordinationem
1562 3821 1633 3886 et
1686 3814 2104 3887 mandatum
2159 3835 2304 3887 non
2375 3816 2793 3903 detulerint,
2853 3832 2980 3905 per
3033 3831 3317 3903 suspen-

657 3950 696 3996 »
736 3928 1007 3997 sionem
1063 3926 1153 3996 ab
1192 3923 1582 3998 Ordinibus
1636 3945 1720 3998 ac
1771 3926 2001 3999 officio
2053 3934 2123 4000 et
2176 3926 2524 4000 beneficio
2577 3945 2661 3997 ac
2712 3925 3093 4011 fructibuS,
3151 3923 3318 3995 redi-

657 4059 698 4108 >
743 4037 932 4108 tibus
985 4044 1055 4109 et
1106 4037 1573 4128 proventibus
1642 4039 1953 4129 ipsorum
2025 4039 2565 4125 beneficiorum,
2624 4056 2933 4124 necnon,
2992 4038 3050 4108 si
3113 4032 3318 4107 semel

656 4173 696 4217 »
737 4150 1036 4239 correpti
1091 4149 1341 4220 denuo²
1382 4151 1453 4220 in
1508 4149 1642 4220 boc
1694 4150 2154 4240 deliquerint,
2196 4153 2406 4222 etiam
2466 4168 2590 4240 per
2641 4149 3113 4243 privationem
3182 4144 3322 4218 offi-

657 4284 695 4328 »
737 4261 1004 4330 ciorum
1060 4267 1129 4332 et
1182 4259 1692 4331 beneficiorum
1744 4261 2149 4334 huiusmodi
2207 4263 2505 4334 coerceri
2566 4263 2844 4353 possint
2882 4269 2953 4334 et
2990 4260 3318 4343 debeant,

656 4394 696 4438 ιν
736 4368 1327 4444 Constitutionem
1382 4371 1595 4444 Clem.
1642 4370 1723 4442 V.
1773 4374 1842 4443 in
1895 4373 2105 4447 Cone.
2167 4371 2555 4445 Viennensi
2613 4373 2918 4463 editam,
2977 4392 3164 4464 quae
3223 4373 3322 4441 in·

656 4504 696 4547 ›
739 4481 909 4570 cipit
966 4482 1349 4566 Quoniam,
1387 4485 1794 4556 innovando
1847 4491 1917 4557 et
1971 4486 2406 4578 ampliando.
2455 4512 2492 4554 ›

803 4591 971 4663 441.
1016 4593 1335 4668 Subinde
1373 4598 1671 4669 accessit
1709 4596 2004 4670 Constit.
2040 4617 2100 4670 s.
2140 4618 2231 4668 m.
2268 4595 2444 4669 Sixti
2491 4594 2603 4682 V.,
2647 4615 2834 4687 quae
2872 4600 3122 4691 incipit
3165 4598 3322 4671 Cum

654 4713 1235 4789 sacrosanctum,
1314 4708 1483 4779 data
1536 4709 1609 4780 9.
1652 4705 1816 4781 Ian.
1863 4711 2110 4800 1589„
2167 4712 2243 4783 in
2296 4730 2438 4801 qua
2489 4721 2955 4804 praeceptum
3010 4721 3122 4786 est
3173 4707 3328 4783 uni·-
