3497 5235
1028 264 1147 339 Otp.
1174 266 1270 324 111.
1312 266 1386 322 Do
1425 263 1560 322 clero
1601 264 1871 323 annulari.
1914 266 1970 340 g.
1996 265 2074 322 14.
2770 262 2892 329 515

237 408 330 473 tes
377 416 627 471 omnes
659 399 809 472 sive
862 417 949 470 ex
1000 400 1207 472 titulo
1243 399 1607 488 beneficii,
1650 401 1762 471 cui
1819 418 2000 471 onus
2038 399 2516 473 confessiones
2551 401 2896 477 audiendi

235 514 316 584 sit
362 511 749 599 adnexum,
790 512 939 582 sive
991 512 1145 581 sine
1185 513 1393 582 titulo
1430 530 1519 584 ex
1560 530 1747 583 mera
1787 512 2152 606 voluntate
2190 512 2669 585 confessiones
2707 516 2896 585 exci-

236 626 447 717 piant,
491 623 582 694 ad
636 629 1057 709 conventuS,
1115 622 1205 694 de
1261 623 1528 712 quibus
1581 625 1901 714 agimuS,
1959 626 2295 697 accedere
2349 626 2652 713 debere3
2710 628 2893 699 inter

238 753 400 825 quos
439 734 746 824 primum
781 741 1251 806 connumerat
1303 737 1727 808 canonicum
1765 737 2421 826 poenitentiarium,
2463 740 2574 809 cui
2620 757 2708 810 ex
2741 736 2918 810 offi-

239 848 333 919 cio
381 845 631 917 fideles
685 846 1127 935 poenitentia
1182 847 1526 936 expiandi
1580 866 1842 919 munus
1893 847 2270 920 incumbit.

373 958 544 1029 479.
585 953 920 1037 Quamvis
975 966 1216 1029 autom
1266 961 1344 1031 in
1388 960 1706 1049 antiquis
1760 958 2312 1031 resolutionibus
2353 962 2676 1033 canonici
2729 980 2900 1033 con-

240 1069 659 1142 fessionibus
694 1070 1134 1160 excipiendis
1191 1088 1331 1140 non
1370 1070 1666 1158 addicti,
1708 1072 2021 1159 itemque
2058 1072 2415 1162 simplices
2459 1073 2892 1161 sacerdoteS,

242 1182 498 1271 quique
534 1187 704 1251 sunt
738 1182 814 1252 in
851 1180 1240 1253 maioribus
1278 1180 1664 1254 Ordinibus
1702 1185 2096 1269 constituti,
2130 1185 2221 1255 ad
2261 1183 2471 1256 hosce
2508 1190 2751 1257 coetus
2788 1202 2901 1255 ce-

243 1291 615 1365 lebrandos
653 1293 842 1385 adigi
885 1313 1025 1364 non
1061 1312 1270 1385 posse
1307 1293 1676 1383 dicantur3
1736 1295 2203 1367 nihilominus
2239 1316 2382 1367 non
2419 1298 2679 1369 desunt
2716 1312 2903 1367 reso-

241 1405 542 1477 lutiones
577 1408 988 1477 recentioris
1025 1408 1206 1495 aevi,
1250 1406 1514 1495 quibus
1550 1407 1840 1477 eosdem
1875 1408 1960 1476 iis
1996 1407 2258 1480 debere
2296 1409 2638 1480 interesse
2666 1406 2902 1478 decla-

240 1522 467 1587 ratum
498 1522 631 1604 est,
666 1536 891 1607 eoque
921 1520 1171 1609 magis,
1203 1519 1260 1590 si
1302 1519 1594 1589 accedat
1632 1519 2094 1608 praescriptio
2130 1520 2520 1608 synodalis.
2550 1515 2634 1589 In
2655 1520 2896 1609 Acerr.

246 1630 355 1699 13.
391 1628 685 1719 Augusti
728 1631 942 1701 1727.
986 1632 1079 1702 ad
1116 1628 1201 1699 V.
1236 1637 1307 1703 et
1342 1627 1463 1700 VI.
1498 1630 1671 1701 dub.
1719 1651 1757 1693 «ι
1790 1632 1861 1702 5.
1899 1631 2002 1702 An
2045 1651 2271 1722 poena
2309 1633 2726 1703 ducatorum
2782 1631 2896 1700 12.

244 1742 645 1830 »imposita
680 1758 806 1830 per
857 1738 1289 1832 Episcopum
1325 1740 1667 1814 adversus
1721 1746 2104 1816 canonicos
2150 1762 2294 1815 non
2348 1744 2904 1814 intervenientes

247 1877 283 1918 ι
320 1853 846 1951 congregationi
882 1873 1176 1927 casuum
1215 1855 1692 1926 conscientiae
1729 1860 1800 1926 et
1835 1874 2191 1926 sacrorum
2248 1858 2510 1926 rituum
2549 1855 2907 1925 sustinea-

250 1989 283 2031 »
321 1970 461 2053 tur,
503 1966 652 2035 sive
707 1967 942 2056 potius
976 1967 1067 2038 sit
1121 1960 1608 2036 moderanda?
1647 1968 1717 2037 6.
1763 1964 1871 2036 An
1925 1968 2274 2054 canonici,
2319 1969 2438 2055 qui
2476 1965 2904 2057 respondere

248 2099 284 2143 ν
321 2075 590 2147 debent
642 2077 924 2148 casibus
978 2077 1365 2149 moralibus
1419 2079 1490 2147 in
1544 2077 1735 2150 dicta
1789 2080 2333 2169 congregatione
2387 2078 2900 2169 proponendiS,

250 2211 285 2253 ⁷>
328 2193 704 2257 teneantur
756 2190 902 2278 pati
949 2192 1490 2277 extr-actionem,
1536 2196 1611 2261 ut
1666 2190 1953 2276 dicitur,
1997 2211 2035 2260 a
2072 2197 2285 2273 sorte,
2327 2191 2472 2260 sive
2530 2191 2765 2282 potius
2814 2190 2906 2261 sit

249 2321 286 2364 ›
324 2298 672 2370 servanda
705 2301 1145 2372 consuetudo
1174 2296 1701 2393 respondendi?
1734 2327 1771 2368 »
1799 2299 1869 2370 S.
1897 2298 1970 2372 C.
2006 2303 2406 2392 rescripsit:
2443 2324 2479 2365 ⁴<
2511 2302 2610 2373 Au
2642 2302 2713 2372 5.
2740 2299 2912 2371 Poe-

252 2437 287 2479 »
327 2429 492 2481 nam
547 2430 703 2484 esse
758 2413 1236 2485 reducendam
1293 2414 1380 2483 ad
1439 2414 1868 2484 solutionem
1937 2415 2152 2484 unius
2204 2414 2445 2486 ducati
2499 2432 2623 2503 pro
2686 2412 2918 2501 quali-

253 2548 289 2589 »
327 2524 449 2598 bet
500 2527 675 2597 vice.
722 2523 821 2597 Ad
879 2528 950 2597 6.
995 2526 1431 2599 Allirmative
1481 2528 1716 2617 quoad
1759 2528 2058 2617 primam
2113 2534 2414 2619 partem,
2458 2529 2782 2620 negative
2826 2526 2918 2596 ad

246 2664 283 2707 2>
323 2640 739 2711 secundam.
784 2666 822 2707 ›
863 2636 951 2711 In
1005 2642 1348 2712 Larinen.
1417 2642 1539 2713 30.
1613 2641 1909 2731 Augusti
1970 2644 2182 2713 1732.
2241 2642 2619 2734 propositis
2672 2641 2917 2729 primis

246 2751 526 2823 duobus
578 2751 859 2823 dubiis:
906 2775 943 2817 ‹
990 2753 1055 2821 1.
1106 2751 1205 2822 An
1265 2754 1461 2822 iuxta
1500 2753 1866 2823 decretum
1920 2751 2184 2843 Synodi
2223 2753 2582 2825 celebrata
2620 2751 2710 2821 ab
2748 2749 2917 2841 Epi·

247 2887 286 2931 ν
328 2864 617 2954 piscopo
654 2861 993 2935 Larinen.
1030 2882 1219 2935 anno
1259 2865 1469 2934 1728.
1522 2864 2135 2935 indiscriminatim
2174 2883 2419 2935 omnes
2457 2862 2913 2934 ecclesiastici

247 2982 712 3046 »teneantur
764 2977 1106 3048 interesse
1174 2976 1703 3066 congregationi
1756 2981 1828 3046 et
1897 2973 2462 3046 discussionibus
2515 2974 2607 3045 ad
2687 2971 2936 3054 forumw

250 3111 288 3155 ›
331 3088 811 3158 conscientiae
877 3081 1419 3177 spectantibus?
1454 3125 1507 3138 -
1559 3083 1648 3155 Et
1728 3095 2086 3175 quatenus
2157 3086 2576 3157 affirmative
2610 3124 2659 3137 -
2693 3086 2766 3155 2.
2815 3084 2917 3154 An

248 3225 290 3268 ⁷>
329 3206 577 3273 contra
634 3216 780 3288 eoS,
841 3201 964 3288 qui
1020 3218 1161 3269 non
1217 3201 1605 3284 intersunt,
1665 3199 2158 3269 sustineantur
2211 3214 2482 3290 poenae
2548 3198 2620 3267 in
2673 3196 2920 3266 eodem

247 3337 290 3381 a>
332 3311 617 3383 decreto
670 3311 993 3398 synodali
1035 3312 1375 3396 inflictae,
1419 3311 1631 3396 idest,
1674 3310 1862 3398 quod
1912 3311 2313 3381 sacerdotes
2351 3307 2661 3380 debeant
2700 3307 2925 3378 absti-

250 3451 289 3493 »
334 3440 502 3494 nere
554 3421 667 3493 die
719 3424 1048 3510 sequenti
1103 3442 1143 3491 a
1217 3420 1690 3493 celebratione
1746 3418 2041 3506 Missae,
2102 3429 2172 3493 et
2227 3420 2417 3508 quod
2489 3420 2722 3491 clerici
2778 3436 2922 3488 non

248 3564 290 3607 ⁷>
332 3537 738 3609 sacerdotes
790 3536 1106 3607 debeant
1142 3537 1412 3607 solvere
1467 3554 1690 3606 unum
1730 3536 2137 3605 carolenum
2194 3553 2319 3624 pro
2361 3535 2685 3624 qualibet
2737 3534 2917 3620 vice,

250 3675 292 3718 ⁷>
336 3648 842 3739 applicandum
897 3642 1325 3718 seminario?
1361 3674 1399 3715 »
1440 3644 1512 3718 S.
1555 3645 1627 3717 C.
1673 3646 2085 3737 respondit:
2150 3669 2187 3710 (ι
2227 3647 2323 3719 Ad
2381 3650 2683 3738 primum
2738 3646 2928 3717 ειίῖὶι·ὠ

250 3786 293 3830 ι»
338 3762 629 3847 mative,
669 3767 1170 3851 praeterquam
1229 3761 1466 3849 quoad
1520 3761 1813 3831 clericos
1867 3780 2009 3831 non
2071 3763 2495 3835 constitutos
2549 3764 2620 3834 in
2674 3764 2921 3850 sacriS,

251 3899 294 3943 a>
338 3874 464 3963 qui
517 3891 663 3944 non
712 3877 880 3943 sunt
934 3873 1259 3963 cogendi.
1312 3873 1408 3943 Ad
1454 3874 1875 3961 secundum,
1916 3874 2200 3946 sublata
2239 3895 2465 3969 poena
2521 3878 2932 3966 suspensio-

252 4010 294 4054 »
338 3985 482 4070 nis,
525 4001 837 4074 poenam
888 3985 1126 4073 quoad
1183 3983 1536 4055 babentes
1590 4004 1830 4056 curam
1873 3989 2296 4074 animarum,
2339 3996 2407 4060 et
2462 3988 2934 4059 confessarios

253 4120 295 4164 ιι
339 4113 499 4167 esse
575 4097 1029 4167 statuendam
1109 4097 1181 4167 in
1258 4095 1540 4168 duobus
1618 4097 2008 4186 carolenis3
2068 4106 2417 4188 quantum
2473 4100 2564 4171 ad
2601 4089 2930 4188 reliquos

250 4232 297 4282 ι».
340 4208 418 4278 in
471 4226 643 4278 unn.
674 4234 726 4279 ,ν
1618 4213 1621 4214 ’
2672 4257 2678 4265 .

364 4319 581 4397 Ι480.
622 4317 720 4391 De
776 4320 1135 4391 canonicis
1189 4320 1673 4392 confessiones
1713 4339 1855 4391 non
1909 4321 2432 4413 excipientibus
2472 4323 2653 4394 idem
2703 4326 2936 4392 statu·

248 4439 420 4504 tum
471 4438 580 4503 est
617 4431 688 4502 in
730 4433 1067 4505 Salernit.
1114 4433 1349 4505 Edict.
1392 4435 1515 4504 27.
1559 4432 1957 4524 septembr.
2005 4435 2218 4505 1732.
2262 4434 2358 4505 ad
2411 4433 2479 4507 1.
2520 4435 2936 4506 confirmata

244 4561 496 4635 poena
551 4544 977 4616 mulctatitia
1016 4547 1335 4634 quinque
1377 4545 1865 4616 carolenorum
1923 4564 2048 4635 pro
2086 4546 2407 4635 qualibet
2462 4546 2944 4637 negligentiae

248 4657 446 4727 vice.
491 4652 690 4727 ldem
744 4656 1123 4729 dicendum
1178 4659 1267 4729 de
1319 4657 1595 4739 clericis
1649 4657 1724 4728 in
1776 4658 1996 4729 sacris
2049 4659 2479 4748 constitutis,
2524 4665 2602 4731 ut
2651 4659 2725 4733 in
2777 4657 2958 4729 Ful*-
