3497 5235
548 236 586 299 4
1352 234 1423 294 Dc
1463 233 1765 293 visitatione
1805 231 2071 293 Scotorum
2108 230 2371 291 Liuium

552 396 588 438 »
624 369 1070 461 piitudinem,
1127 368 1251 441 secl
1303 375 1373 442 et
1426 369 1724 440 maxime
1777 368 1868 440 ad
1920 368 2227 461 corporis
2279 367 2495 440 totius
2543 366 3018 460 integritatem
3072 368 3183 441 in-

555 510 588 551 »
630 482 1252 570 columitatemque
1304 480 1594 552 valeret.
1650 475 1763 576 (1)
1819 503 1887 550 ›.

694 595 765 665 3.
808 590 1122 664 Iamvero
1164 593 1503 664 mirabilis
1539 590 1939 664 huiusmodi
1971 591 2442 664 membrorum
2481 592 2551 664 in
2580 611 2722 665 uno
2756 594 2990 685 capite
3019 612 3186 667 con·

548 706 864 794 sociatio,
905 722 1089 795 quae
1141 705 1547 792 ceteroquin
1600 722 1685 775 ex
1763 704 2021 776 divinis
2072 704 2448 795 promissis·
2504 723 2728 793 usque
2777 706 2866 778 ad
2918 705 3184 779 saeculi

551 816 1223 889 consummationem
1263 816 1725 904 perduratura
1757 822 1890 907 est,
1931 815 2051 887 diu
2089 815 2470 887 consistere
2522 815 2720 886 firma
2760 824 3178 906 nonposset,

552 929 722 1017 quin
763 927 954 999 brevi
1010 926 1242 996 laxata
1299 943 1381 997 ac
1431 926 1722 996 discissa
1762 926 2106 1010 interiret,
2148 925 2434 1015 quando
2469 925 2835 1000 interiores
2896 946 3180 1018 gregum

554 1038 1080 1130 particularium
1121 1042 1433 1126 pastores
1469 1054 1626 1107 cum
1678 1036 2056 1109 universali
2099 1038 2166 1108 in
2205 1037 2407 1108 terris
2458 1045 2815 1127 pastorum
2865 1039 3183 1129 principe

552 1152 785 1221 studia
821 1169 948 1220 sua
986 1151 1499 1221 communicare
1529 1146 2063 1240 prohibeantur,
2088 1154 2159 1219 et
2194 1166 2388 1219 versa
2421 1150 2568 1245 vice
2601 1155 2953 1239 pastorum
2991 1151 3185 1242 prin-

553 1279 717 1351 ceps
771 1254 1153 1348 uuicuique
1205 1277 1289 1330 ex
1328 1259 1437 1329 his
1477 1258 1849 1330 uniformia
1903 1260 2195 1345 monita,
2262 1260 2793 1349 rectissimaque
2830 1261 2917 1332 ad
2957 1268 3184 1333 aeter-

554 1391 716 1443 nam
771 1371 1184 1444 beatitatem
1259 1369 1805 1462 comparandam
1877 1370 2164 1441 consilia
2218 1369 2556 1460 praebere
2633 1372 2986 1460 nequiret.
3044 1370 3184 1444 Sed

554 1483 907 1554 enimvero
961 1484 1144 1554 inter
1196 1480 1535 1552 nobiliora
1590 1481 1895 1572 supremi
1934 1478 2286 1554 Ecclesiae
2325 1481 2762 1572 principatus
2797 1483 2948 1555 iura
3000 1502 3039 1553 a
3074 1500 3186 1555 re·

556 1613 705 1664 rum
777 1611 1133 1664 sacrarum
1201 1591 1700 1663 tractatoribus
1769 1591 1898 1663 hoc
1950 1592 2195 1682 utique
2248 1601 2686 1681 recensetur,
2742 1601 2821 1667 ut
2870 1592 3183 1666 universi

555 1705 879 1775 catholici
933 1704 1124 1773 orbis
1161 1701 1527 1772 Antistites
1579 1701 1664 1773 de
1717 1702 2091 1792 pastoralis
2141 1703 2247 1773 sui
2287 1703 2653 1775 ministerii
2693 1703 3181 1794 procuratione

557 1817 847 1887 reddere
900 1816 1269 1903 ratfionom,
1309 1831 1605 1902 seseque
1640 1832 1914 1884 summo
1966 1812 2283 1887 Pontifici
2322 1817 2595 1902 sistere,
2637 1833 2718 1887 ac
2750 1834 2950 1888 sacra
3003 1815 3186 1904 Apo-

553 1928 890 2000 stolorum
944 1923 1219 1995 Limina
1274 1926 1557 1996 visitare
1609 1931 2015 1999 teneantur.
2072 1925 2315 2016 Neque
2352 1929 2724 2014 immerit03
2783 1945 3089 2017 namque
3141 1945 3183 1997 a

558 2039 797 2129 primis
835 2035 1187 2107 Ecclesiae
1226 2035 1671 2107 incunabulis
1706 2037 2109 2109 huiusmodi
2149 2039 2257 2109 ius
2292 2058 2331 2109 a
2384 2036 2690 2109 Summis
2727 2035 3184 2110 Pontificibus

557 2140 937 2221 exercituin
994 2147 1205 2219 fuisse
1261 2146 1660 2220 indubitata
1712 2148 2160 2221 venerandae
2212 2149 2657 2239 antiquitatis
2724 2153 3185 2222 monumenta

559 2268 935 2332 testantur.
1022 2274 1053 2299 ⁸·

702 2371 771 2440 4.
830 2371 880 2440 Α
937 2368 1006 2439 S.
1053 2367 1294 2454 Paulo,
1350 2369 1630 2441 doctore
1685 2371 2030 2459 gentium,
2089 2369 2390 2461 primum
2443 2371 2735 2443 huiusce
2799 2371 2898 2445 rei
2950 2388 3187 2442 exem-

556 2484 750 2573 plum
802 2480 1329 2573 suppeditatum
1367 2479 1582 2552 fuisse
1618 2480 1951 2552 elucescit
2002 2498 2085 2551 ex
2123 2481 2418 2571 epistola
2455 2482 2545 2552 ad
2581 2479 2870 2555 Galatas
2907 2472 3066 2572 ca‘p.
3113 2480 3179 2551 1.

560 2615 627 2667 v.
671 2596 773 2678 8.,
818 2594 931 2665 ubi
992 2594 1138 2684 ipse
1194 2592 1289 2663 ita
1325 2591 1593 2663 scribit:
1655 2612 1691 2656 α
1750 2589 2014 2663 Deinde
2051 2599 2207 2683 post
2257 2609 2481 2664 annos
2519 2599 2660 2665 tres
2712 2593 2869 2665 veni
2918 2588 3187 2664 leroso-

560 2731 596 2773 »
640 2708 895 2797 lymam
951 2705 1185 2776 videro
1241 2701 1545 2789 Petrum,
1587 2709 1657 2775 et
1691 2703 1919 2774 mansi
1957 2705 2146 2794 apud
2182 2722 2340 2775 eum
2377 2703 2631 2775 diebus
2667 2705 3098 2792 quindecim.
3143 2727 3180 2767 ›

555 2815 735 2900 Quin
794 2819 1081 2901 insuper
1131 2816 1450 2886 eumdem
1494 2816 1806 2906 gentium
1860 2814 2213 2888 doctorem
2268 2816 2356 2886 ad
2404 2813 2682 2886 Petrum
2737 2832 2889 2885 sese
2941 2818 3190 2885 contu-

560 2930 747 3010 lisse,
810 2936 885 2999 ut
938 2930 1005 2996 in
1062 2926 1270 2997 rebus
1323 2926 1556 2997 dubiis
1608 2928 1836 3015 ipsum
1875 2927 2299 3010 consuleret,
2340 2936 2579 3016 aperte
2617 2926 2830 2998 tradit
2872 2923 3189 2997 Theodo-

558 3049 752 3111 retus
803 3039 1096 3129 epistola
1155 3038 1316 3107 113.
1359 3038 1447 3109 ad
1501 3038 1575 3109 S.
1622 3035 1929 3108 Leonem
1982 3031 2173 3130 (Vid.
2231 3034 2365 3130 Op.
2422 3034 2832 3110 Theodoreti
2885 3043 3052 3109 tom.
3108 3033 3180 3108 3.

549 3170 719 3243 paq.
762 3150 927 3222 984.
987 3151 1151 3221 edit.
1215 3149 1454 3222 Puris.
1510 3166 1631 3220 an.
1693 3148 1910 3242 1642>
1963 3166 2146 3237 quae
2197 3149 2491 3239 epistola
2545 3150 2641 3221 ita
2697 3149 2983 3239 incipit:
3045 3146 3185 3218 ‹Si

560 3284 599 3329 »
642 3258 925 3346 Paulus,
982 3278 1237 3350 praeco
1291 3260 1633 3347 veritatiS,
1688 3259 1861 3332 tuba
1916 3256 2219 3349 Spiritus
2268 3262 2524 3346 sancti,
2564 3261 2652 3332 ad
2693 3277 3026 3351 magnum
3060 3256 3190 3330 Pe·

560 3396 598 3440 ι
642 3380 824 3445 trum
878 3390 952 3441 se
990 3371 1311 3457 contulit,
1369 3376 1448 3441 ut
1500 3370 1612 3457 iiS,
1668 3371 1791 3459 qui
1836 3369 2243 3443 Antiochiae
2281 3372 2368 3443 de
2416 3371 2617 3461 legali
2659 3370 3190 3442 conversatione

563 3507 600 3551 »
643 3481 1128 3572 ambigebant,
1184 3482 1725 3576 explicationem
1782 3480 1871 3551 ab
1925 3482 2076 3571 ipso
2128 3480 2443 3566 referret,
2503 3482 2721 3553 multo
2758 3483 2980 3572 magis
3031 3475 3189 3568 nos,

563 3619 600 3663 »
640 3593 940 3664 humiles
992 3599 1060 3664 et
1115 3593 1383 3683 pusilli,
1424 3591 1514 3663 ad
1552 3590 2022 3683 Apostolicam
2076 3590 2326 3663 Sedem
2381 3589 2699 3664 Vestram
2728 3591 3187 3681 accurrimus,

562 3728 599 3778 »
640 3712 718 3778 ut
769 3701 1237 3777 Ecclesiarum
1293 3701 1646 3774 ulceribus
1696 3702 2083 3774 remedium
2136 3722 2176 3773 a
2231 3700 2440 3773 Vobis
2492 3703 2945 3797 accipiamus.
3008 3727 3045 3771 »

702 3817 773 3887 5.
832 3816 1015 3887 Sane
1067 3816 1289 3905 primo
1342 3810 1698 3887 Ecclesiae
1746 3814 2026 3887 saeculo
2076 3808 2414 3887 Corinthii
2480 3813 2903 3887 Clementem
2956 3810 3197 3885 Ponti-

561 3927 763 3999 ficem
815 3927 905 3998 de
956 3944 1193 3998 eorum
1223 3923 1577 3999 Ecclesiae
1644 3933 1835 3999 statu
1890 3946 2029 3999 non
2084 3926 2286 4000 modo
2321 3945 2446 4019 per
2480 3927 2747 4015 literas,
2804 3926 2930 3998 sed
2981 3926 3195 3997 etiam

564 4056 688 4130 per
741 4035 1229 4123 Fortunatam,
1287 4039 1405 4126 qui
1460 4055 1581 4109 eas
1614 4036 2006 4126 deferebat,
2047 4040 2408 4112 certiorem
2448 4037 2793 4126 fecerunt,
2842 4036 2932 4108 ab
2970 4053 3198 4126 eoque

565 4150 773 4222 datae
826 4158 993 4223 sunt
1046 4150 1135 4221 ad
1189 4150 1342 4220 illos
1393 4149 1666 4236 literae,
1721 4148 1983 4240 quibus
2033 4152 2266 4222 omnia
2321 4149 2760 4223 considerata
2812 4157 2883 4222 et
2918 4147 3196 4239 provisa

565 4268 759 4342 sunt,
791 4277 1118 4349 quaeque
1151 4265 1431 4333 exstant
1468 4261 1655 4351 apud
1694 4258 2134 4346 Cotelerium,
2161 4257 2453 4354 (Patres
2482 4259 2888 4352 Apostolici,
2924 4265 3093 4331 tom.
3121 4257 3192 4330 4.

566 4368 906 4465 paqdw.
945 4371 1110 4444 edit.
1151 4374 1485 4465 Antuerp.
1523 4369 1783 4468 1698),·
1819 4374 2103 4447 easdem
2157 4379 2495 4445 memorat
2528 4388 2810 4461 quoque
2847 4366 3199 4444 Eusebius

713 4616 790 4691 (1)
828 4619 942 4672 cfr.
984 4620 1193 4672 Concil.
1236 4622 1418 4673 Vatio.
1461 4624 1698 4675 Conztit.
1742 4622 2050 4686 dogmatica
2089 4625 2262 4686 prima
2300 4621 2361 4672 dc
2400 4621 2650 4675 Enete-fa
2688 4621 2926 4675 christi.
