3497 5235
1078 369 1204 445 0⁸12·
1224 373 1320 430 111.
1361 372 1433 429 Do
1474 371 1607 430 clero
1648 370 2015 445 accedatis.
2042 370 2122 428 15.
2806 360 2925 426 519

248 502 463 573 etiam
512 501 725 575 nobis
777 504 849 575 in
902 503 1042 575 hac
1113 504 1617 577 lucubratione
1681 505 2031 595 attingere
2103 503 2275 574 alibi
2329 503 2470 572 iam
2538 496 2919 587 usuvenit,

246 613 462 685 veluti
515 633 628 685 ex.
674 635 776 708 gr.
825 617 917 689 de
972 615 1231 689 habitu
1270 636 1353 689 ac
1403 622 1699 689 tonsura
1736 617 2196 689 clericorum:
2254 614 2346 684 ad
2401 632 2586 703 quae
2639 618 2927 702 propte-

244 742 366 796 rea
417 726 752 799 lectorem
806 730 1264 801 remittimus.

394 837 562 909 485.
604 834 861 929 ltaque
914 839 1098 912 nihil
1151 841 1351 912 aliud
1404 841 1521 913 hic
1591 840 2097 932 exponendum
2164 838 2592 928 suscipimus
2642 841 2926 927 praeter

249 949 631 1038 quaedam,
674 969 859 1040 quae
915 953 990 1023 in
1031 972 1243 1024 usum
1294 951 1848 1042 frequentiorem
1893 952 2136 1023 venire
2174 950 2730 1040 comperiuntur.
2774 946 2927 1020 Hu-

248 1060 554 1134 iusmodi
605 1071 795 1136 certe
850 1071 958 1136 est
1011 1083 1245 1136 rerum
1300 1066 1771 1137 saecularium
1827 1064 2313 1155 pertractatio,
2366 1080 2449 1133 ac
2502 1054 2921 1153 praesertim

247 1175 663 1265 negotiatio,
705 1194 922 1267 super
975 1194 1117 1266 qua
1172 1196 1245 1249 re
1298 1177 1597 1267 proinde
1647 1178 1875 1266 primo
1920 1175 2306 1247 referemus
2357 1174 2552 1243 varia
2606 1172 2926 1262 negotio-

243 1304 403 1358 rum
458 1305 743 1378 genera,
788 1306 978 1378 quae
1032 1288 1307 1361 clericis
1344 1288 1716 1360 interdicta
1756 1288 1896 1359 dici
1950 1286 2262 1374 debent3
2320 1284 2629 1357 subinde
2683 1303 2765 1355 ea
2802 1303 2925 1356 ex-

243 1396 698 1487 plicabimus,
742 1417 929 1489 quae
966 1401 1187 1472 talem
1227 1401 1798 1473 interdictionem
1835 1400 2251 1490 respiciunt.
2291 1393 2613 1467 lamvero
2651 1398 2924 1486 primae

241 1510 428 1600 parti
479 1510 890 1582 satisfacere
944 1530 1076 1584 nos
1134 1512 1505 1600 ducimus,
1564 1513 1623 1584 si
1674 1512 1950 1601 species
2001 1511 2158 1581 illas
2220 1509 2668 1600 negotiorum
2721 1524 2927 1578 erue-

245 1638 405 1691 mus
457 1639 544 1692 ex
596 1619 805 1693 Conc.
850 1621 1365 1695 Mediolanensi
1420 1621 1514 1712 1.‚
1553 1623 1778 1695 veluti
1829 1623 1910 1694 fit
1961 1629 2112 1694 tum
2166 1642 2207 1691 a
2262 1617 2533 1692 Bened.
2593 1616 2785 1690 XIV.
2848 1620 2924 1691 in

242 1730 886 1805 Constitutionibus
938 1735 1247 1823 selectis,
1290 1742 1443 1807 tum
1496 1755 1536 1805 a
1589 1732 1903 1806 Giraldio
1941 1735 2015 1804 in
2055 1735 2263 1805 Part.
2306 1732 2401 1804 ΙΙ.
2444 1732 2592 1803 Iur.
2640 1731 2914 1820 Pontis.

246 1845 534 1917 section.
577 1844 695 1917 73.
731 1864 903 1937 paq.
944 1845 1152 1927 917„
1191 1864 1279 1918 ex
1333 1864 1474 1936 quo
1527 1865 1650 1917 eas
1702 1844 2196 1917 exscribimus.

394 1957 564 2028 486.
610 1980 648 2022 «ι
685 1954 816 2038 Qui
873 1955 1037 2029 Deo·
1072 1958 1359 2046 militat,
1419 1954 1552 2049 (ita
1590 1956 1721 2051 ibi)
1776 1957 2138 2047 implicare
2188 1975 2264 2028 se
2317 1955 2620 2048 negotiis
2672 1972 2922 2027 saecu-

249 2068 600 2140 »laribus
653 2068 1114 2159 prohibetur3
1172 2069 1432 2140 idcirco
1484 2070 1872 2161 edicimus:

396 2205 434 2248 »
471 2178 574 2255 Ne
625 2183 925 2256 clericus
966 2183 1190 2254 sacris
1247 2184 1596 2271 initiatus,
1638 2188 1763 2253 aut
1798 2181 2275 2254 ecclesiastico
2310 2180 2658 2253 beneficio
2709 2198 2920 2271 prae-

247 2314 285 2357 »
327 2291 522 2363 ditus
574 2312 809 2364 coram
862 2293 1095 2366 iudice
1149 2296 1497 2366 saeculari
1551 2294 1879 2365 advocati
1930 2300 2054 2364 aut
2093 2294 2574 2385 procuratoris
2626 2294 2915 2365 nomine

244 2426 286 2472 ›
328 2422 580 2475 causas
632 2412 825 2497 agat,
867 2407 1004 2477 nisi
1059 2405 1150 2477 ab
1190 2408 1351 2479 aliis
1403 2408 1479 2479 in
1531 2407 1872 2478 iudicium
1924 2412 2216 2477 vocatus
2267 2424 2472 2476 suam
2524 2405 2637 2476 vel
2691 2405 2918 2477 eccle-

247 2537 285 2580 »
328 2516 475 2588 siae
526 2536 725 2605 suae,
767 2518 1328 2610 propinquorum
1367 2520 1610 2606 etiam,
1650 2518 1708 2589 si
1745 2536 2038 2590 necesse
2075 2518 2233 2603 erit,
2275 2522 2347 2589 et
2399 2509 2917 2587 miserabilium

243 2654 284 2696 »
327 2646 790 2719 personarum
842 2648 1136 2718 causam,
1195 2631 1287 2702 ab
1339 2629 1690 2723 Episcopo
1742 2629 2083 2702 facultate
2155 2631 2352 2721 prius
2403 2629 2665 2719 scripto
2719 2648 2927 2702 acce-

244 2765 285 2807 »
328 2745 480 2829 pta,
520 2748 835 2813 tueatur.

395 2875 435 2917 »
473 2848 576 2923 Ne
633 2855 704 2924 in
757 2853 1075 2942 profanis
1131 2855 1439 2946 negotiis
1490 2852 1801 2926 officium
1853 2852 2262 2924 tabellionis
2327 2858 2680 2923 exerceat.

399 2988 437 3031 »
476 2960 579 3035 Ne
630 2973 857 3037 artem
911 2965 1244 3038 medendi
1298 2964 1540 3037 faciat.

398 3101 435 3144 »
474 3074 579 3149 Ne
631 3079 701 3149 in
756 3079 1366 3172 negotiationibus
1417 3085 1488 3152 et
1540 3080 1959 3152 mercaturis
2008 3096 2084 3151 se
2129 3078 2594 3169 interpretem
2648 3083 2718 3148 et
2775 3094 2924 3148 me-

246 3215 287 3258 »
330 3189 528 3262 dium
583 3193 1019 3283 interponat.
2917 3183 2920 3186 “

394 3325 434 3367 »
472 3299 1041 3413 Negotiationem
1097 3304 1315 3374 etiam
1367 3303 1597 3374 omnis
1652 3302 1929 3393 generis
1981 3302 2271 3373 omnino
2322 3299 2811 3392 prohibemus.

397 3437 434 3480 »
481 3413 682 3486 Artes
733 3432 898 3488 vero
949 3414 1295 3486 honestas
1348 3413 1844 3499 concedimus,
1902 3417 1980 3484 ut
2032 3411 2306 3501 aliquid
2378 3411 2713 3482 manibus
2763 3407 2920 3483 suis

242 3547 281 3593 ›
323 3526 664 3614 lucretur,
706 3545 849 3616 quo
898 3526 1066 3614 sibi,
1110 3544 1301 3616 quae
1358 3525 1449 3597 ad
1500 3528 1769 3599 victum
1815 3526 2216 3596 necessaria
2268 3529 2465 3612 sunt,
2506 3540 2922 3615 comparare

242 3659 284 3705 ›
330 3637 584 3726 possit.

397 3774 437 3816 »
476 3746 580 3822 Ne
633 3751 870 3822 aliena
925 3749 1222 3841 praedia
1275 3751 1449 3822 lucri
1506 3768 1720 3822 causa
1774 3749 2150 3820 conducat.

397 3886 434 3929 »
473 3857 577 3932 Ne
630 3862 932 3932 aliorum
985 3862 1315 3948 tutelam,
1358 3867 1483 3933 aut
1535 3880 1781 3933 curam
1832 3861 2198 3950 suscipiat.

399 3997 436 4040 »
476 3970 581 4046 Ne
634 3992 761 4065 pro
814 3973 972 4044 aliis
1028 3972 1440 4045 fideiubeat.

394 4110 432 4154 ›
473 4081 578 4156 Ne
631 4086 933 4156 alicuius
971 4086 1314 4177 principis
1371 4091 1496 4156 aut
1549 4085 1844 4157 alterius
1881 4086 2319 4176 negotiorum
2372 4089 2788 4175 procurator
2822 4082 2924 4154 sit'

239 4222 284 4265 ›
326 4197 482 4269 sine
534 4197 875 4269 facultate
910 4198 1000 4269 ab
1054 4195 1409 4288 Episcopo
1462 4197 1659 4287 prius
1694 4215 1822 4288 per
1871 4197 2115 4268 literas
2165 4196 2573 4286 impetrata,
2617 4193 2920 4285 singulis

240 4333 284 4377 ›
327 4309 541 4380 annis
593 4309 1032 4381 renovanda.

395 4445 433 4488 »
473 4416 666 4492 Neve
718 4438 970 4510 parum
1028 4437 1296 4491 memor
1330 4420 1598 4491 ordinis
1651 4437 1735 4490 ac
1788 4418 2157 4509 dignitatis
2192 4436 2365 4491 suae
2413 4420 2507 4490 sit
2558 4420 2633 4489 in
2677 4417 2920 4528 gamu-

236 4559 283 4604 »
322 4534 479 4606 latu
530 4533 903 4620 laicorum,
942 4533 1156 4603 etiam
1210 4532 1643 4625 principum,
1685 4548 2073 4620 eorumque
2146 4531 2519 4621 quibusvis
2581 4530 2740 4601 aliis
2792 4529 2928 4601 ob·-

238 4672 285 4717 ›
327 4646 643 4735 sequiis;
701 4645 838 4717 nisi
889 4645 1005 4716 cui
1058 4662 1146 4715 ex
1219 4661 1433 4715 causa
1486 4645 1555 4713 et
1596 4642 1700 4718 fad
1753 4640 2062 4713 officium
2137 4642 2560 4716 sacerdotali
2627 4660 2923 4716 munere

241 4784 288 4828 :v
328 4777 475 4831 non
529 4758 905 4850 indignum
956 4755 1353 4848 Episcopus
1403 4754 1620 4828 huius
1670 4754 1773 4825 rei
1825 4761 2251 4847 potestatem
2304 4760 2472 4828 ante
2518 4756 2783 4848 scripto
2820 4753 2925 4827 fe-
