<?xml version="1.0" encoding="UTF-8"?>
<!DOCTYPE html PUBLIC "-//W3C//DTD XHTML 1.0 Transitional//EN"
    "http://www.w3.org/TR/xhtml1/DTD/xhtml1-transitional.dtd">
<html xmlns="http://www.w3.org/1999/xhtml" xml:lang="en" lang="en">
 <head>
  <title>
</title>
<meta http-equiv="Content-Type" content="text/html;charset=utf-8" />
  <meta name='ocr-system' content='tesseract 3.04.00' />
  <meta name='ocr-capabilities' content='ocr_page ocr_carea ocr_par ocr_line ocrx_word'/>
</head>
<body>
  <div class='ocr_page' id='page_1' title='image "./devisitationesa00popegoog_0425.png"; bbox 0 0 3497 5235; ppageno 0'>
   <div class='ocr_carea' id='block_1_1' title="bbox 1059 276 2894 359">
    <p class='ocr_par' dir='ltr' id='par_1_1' title="bbox 1059 276 2894 359">
     <span class='ocr_line' id='line_1_1' title="bbox 1059 276 2894 359; baseline 0.001 -24"><span class='ocrx_word' id='word_1_1' title='bbox 1059 278 1298 353; x_wconf 57' lang='lat' dir='ltr'>Cap-111.</span> <span class='ocrx_word' id='word_1_2' title='bbox 1340 280 1411 335; x_wconf 78' lang='lat' dir='ltr'>Do</span> <span class='ocrx_word' id='word_1_3' title='bbox 1452 278 1584 335; x_wconf 77' lang='lat' dir='ltr'>clero</span> <span class='ocrx_word' id='word_1_4' title='bbox 1625 279 1894 336; x_wconf 63' lang='lat' dir='ltr'>saeculari.</span> <span class='ocrx_word' id='word_1_5' title='bbox 1936 282 1990 355; x_wconf 73' lang='lat'>§-</span> <span class='ocrx_word' id='word_1_6' title='bbox 2019 279 2068 335; x_wconf 78' lang='grc'>0.</span> <span class='ocrx_word' id='word_1_7' title='bbox 2776 276 2894 359; x_wconf 79' lang='grc'>385</span> 
     </span>
    </p>
   </div>
   <div class='ocr_carea' id='block_1_2' title="bbox 222 404 2913 4743">
    <p class='ocr_par' dir='ltr' id='par_1_2' title="bbox 233 404 2903 2065">
     <span class='ocr_line' id='line_1_2' title="bbox 234 404 2884 503; baseline -0.002 -22"><span class='ocrx_word' id='word_1_8' title='bbox 234 409 330 481; x_wconf 87' lang='lat' dir='ltr'>rio</span> <span class='ocrx_word' id='word_1_9' title='bbox 385 405 670 495; x_wconf 90' lang='lat' dir='ltr'>idoneo,</span> <span class='ocrx_word' id='word_1_10' title='bbox 727 407 818 478; x_wconf 90' lang='lat' dir='ltr'>ab</span> <span class='ocrx_word' id='word_1_11' title='bbox 874 409 1026 499; x_wconf 92' lang='lat' dir='ltr'>ipso</span> <span class='ocrx_word' id='word_1_12' title='bbox 1077 406 1450 482; x_wconf 74' lang='lat' dir='ltr'>Ordinatio</span> <span class='ocrx_word' id='word_1_13' title='bbox 1520 410 1942 503; x_wconf 89' lang='lat' dir='ltr'>approbato,</span> <span class='ocrx_word' id='word_1_14' title='bbox 2002 416 2082 481; x_wconf 92' lang='lat' dir='ltr'>ut</span> <span class='ocrx_word' id='word_1_15' title='bbox 2142 407 2215 481; x_wconf 92' lang='lat' dir='ltr'>S.</span> <span class='ocrx_word' id='word_1_16' title='bbox 2274 407 2613 499; x_wconf 84' lang='lat' dir='ltr'>Congreg.</span> <span class='ocrx_word' id='word_1_17' title='bbox 2672 404 2884 480; x_wconf 86' lang='lat' dir='ltr'>Cone.</span> 
     </span>
     <span class='ocr_line' id='line_1_3' title="bbox 234 515 2889 614; baseline -0.003 -20"><span class='ocrx_word' id='word_1_18' title='bbox 234 520 618 594; x_wconf 76' lang='lat' dir='ltr'>declaravit</span> <span class='ocrx_word' id='word_1_19' title='bbox 654 519 770 592; x_wconf 90' lang='lat' dir='ltr'>die</span> <span class='ocrx_word' id='word_1_20' title='bbox 808 520 878 591; x_wconf 93' lang='grc'>7.</span> <span class='ocrx_word' id='word_1_21' title='bbox 907 516 1062 592; x_wconf 89' lang='lat' dir='ltr'>Oct.</span> <span class='ocrx_word' id='word_1_22' title='bbox 1093 520 1308 594; x_wconf 72' lang='grc'><strong>1601.</strong></span> <span class='ocrx_word' id='word_1_23' title='bbox 1343 517 1506 613; x_wconf 83' lang='lat' dir='ltr'>(lib.</span> <span class='ocrx_word' id='word_1_24' title='bbox 1538 522 1653 596; x_wconf 76' lang='lat'>10.</span> <span class='ocrx_word' id='word_1_25' title='bbox 1678 522 1934 594; x_wconf 83' lang='lat' dir='ltr'><em>decret.</em></span> <span class='ocrx_word' id='word_1_26' title='bbox 1968 542 2137 614; x_wconf 79' lang='lat' dir='ltr'>paq.</span> <span class='ocrx_word' id='word_1_27' title='bbox 2169 520 2374 602; x_wconf 69' lang='lat'>400„</span> <span class='ocrx_word' id='word_1_28' title='bbox 2403 517 2671 592; x_wconf 89' lang='lat' dir='ltr'>Bened.</span> <span class='ocrx_word' id='word_1_29' title='bbox 2699 515 2889 588; x_wconf 86' lang='lat' dir='ltr'>XIV.</span> 
     </span>
     <span class='ocr_line' id='line_1_4' title="bbox 233 628 2897 728; baseline -0.002 -23"><span class='ocrx_word' id='word_1_30' title='bbox 233 634 279 705; x_wconf 89' lang='lat' dir='ltr'>l.</span> <span class='ocrx_word' id='word_1_31' title='bbox 321 651 382 704; x_wconf 85' lang='lat' dir='ltr'>c.</span> <span class='ocrx_word' id='word_1_32' title='bbox 429 651 503 702; x_wconf 83' lang='lat' dir='ltr'>n.</span> <span class='ocrx_word' id='word_1_33' title='bbox 552 628 715 728; x_wconf 80' lang='grc' dir='ltr'>Η.)</span> <span class='ocrx_word' id='word_1_34' title='bbox 768 630 859 704; x_wconf 90' lang='lat' dir='ltr'>Et</span> <span class='ocrx_word' id='word_1_35' title='bbox 911 633 1196 723; x_wconf 89' lang='lat' dir='ltr'>quidem</span> <span class='ocrx_word' id='word_1_36' title='bbox 1250 634 1539 704; x_wconf 88' lang='lat' dir='ltr'>licentia</span> <span class='ocrx_word' id='word_1_37' title='bbox 1591 633 1805 706; x_wconf 86' lang='lat' dir='ltr'>debet</span> <span class='ocrx_word' id='word_1_38' title='bbox 1857 652 2012 705; x_wconf 92' lang='lat' dir='ltr'>esse</span> <span class='ocrx_word' id='word_1_39' title='bbox 2068 650 2405 723; x_wconf 83' lang='lat' dir='ltr'>expressa</span> <span class='ocrx_word' id='word_1_40' title='bbox 2459 639 2531 704; x_wconf 88' lang='lat' dir='ltr'>et</span> <span class='ocrx_word' id='word_1_41' title='bbox 2593 648 2735 705; x_wconf 91' lang='lat' dir='ltr'>non</span> <span class='ocrx_word' id='word_1_42' title='bbox 2789 637 2897 701; x_wconf 90' lang='lat' dir='ltr'>ta-</span> 
     </span>
     <span class='ocr_line' id='line_1_5' title="bbox 233 741 2899 832; baseline 0 -17"><span class='ocrx_word' id='word_1_43' title='bbox 233 744 393 831; x_wconf 83' lang='lat' dir='ltr'>cita,</span> <span class='ocrx_word' id='word_1_44' title='bbox 453 749 530 814; x_wconf 89' lang='lat' dir='ltr'>ut</span> <span class='ocrx_word' id='word_1_45' title='bbox 585 744 854 832; x_wconf 87' lang='lat' dir='ltr'>pariter</span> <span class='ocrx_word' id='word_1_46' title='bbox 906 743 1292 816; x_wconf 83' lang='lat' dir='ltr'>declaravit</span> <span class='ocrx_word' id='word_1_47' title='bbox 1344 746 1458 817; x_wconf 92' lang='lat' dir='ltr'>die</span> <span class='ocrx_word' id='word_1_48' title='bbox 1513 746 1582 817; x_wconf 94' lang='grc'>7.</span> <span class='ocrx_word' id='word_1_49' title='bbox 1626 741 1785 817; x_wconf 90' lang='lat' dir='ltr'>Oct.</span> <span class='ocrx_word' id='word_1_50' title='bbox 1836 746 2047 817; x_wconf 76' lang='grc'><strong>1604.</strong></span> <span class='ocrx_word' id='word_1_51' title='bbox 2112 766 2149 811; x_wconf 81' lang='lat'><strong>‹</strong></span> <span class='ocrx_word' id='word_1_52' title='bbox 2183 742 2255 815; x_wconf 92' lang='lat' dir='ltr'>S.</span> <span class='ocrx_word' id='word_1_53' title='bbox 2298 742 2372 815; x_wconf 90' lang='lat' dir='ltr'>C.</span> <span class='ocrx_word' id='word_1_54' title='bbox 2427 745 2730 831; x_wconf 88' lang='lat' dir='ltr'>censuit,</span> <span class='ocrx_word' id='word_1_55' title='bbox 2788 762 2899 816; x_wconf 88' lang='lat' dir='ltr'>so-</span> 
     </span>
     <span class='ocr_line' id='line_1_6' title="bbox 235 854 2896 946; baseline 0.002 -25"><span class='ocrx_word' id='word_1_56' title='bbox 235 882 267 921; x_wconf 79' lang='lat'><strong>»</strong></span> <span class='ocrx_word' id='word_1_57' title='bbox 325 856 468 925; x_wconf 91' lang='lat' dir='ltr'>lam</span> <span class='ocrx_word' id='word_1_58' title='bbox 521 854 937 925; x_wconf 78' lang='lat' dir='ltr'>distantiam</span> <span class='ocrx_word' id='word_1_59' title='bbox 990 854 1122 926; x_wconf 91' lang='lat' dir='ltr'>loci</span> <span class='ocrx_word' id='word_1_60' title='bbox 1176 874 1337 927; x_wconf 90' lang='lat' dir='ltr'>cum</span> <span class='ocrx_word' id='word_1_61' title='bbox 1394 875 1624 946; x_wconf 86' lang='lat' dir='ltr'>aequa</span> <span class='ocrx_word' id='word_1_62' title='bbox 1661 874 1874 927; x_wconf 89' lang='lat' dir='ltr'>causa</span> <span class='ocrx_word' id='word_1_63' title='bbox 1914 855 2333 928; x_wconf 91' lang='lat' dir='ltr'>discedendi</span> <span class='ocrx_word' id='word_1_64' title='bbox 2374 873 2518 926; x_wconf 91' lang='lat' dir='ltr'>non</span> <span class='ocrx_word' id='word_1_65' title='bbox 2554 872 2896 927; x_wconf 80' lang='lat' dir='ltr'>excusare</span> 
     </span>
     <span class='ocr_line' id='line_1_7' title="bbox 237 964 2898 1059; baseline 0.001 -25"><span class='ocrx_word' id='word_1_66' title='bbox 237 993 269 1032; x_wconf 80' lang='lat'><strong>»</strong></span> <span class='ocrx_word' id='word_1_67' title='bbox 328 964 745 1056; x_wconf 89' lang='lat' dir='ltr'>parochum,</span> <span class='ocrx_word' id='word_1_68' title='bbox 789 973 866 1037; x_wconf 89' lang='lat' dir='ltr'>nt</span> <span class='ocrx_word' id='word_1_69' title='bbox 898 967 1123 1059; x_wconf 85' lang='lat' dir='ltr'>possit</span> <span class='ocrx_word' id='word_1_70' title='bbox 1174 967 1425 1040; x_wconf 88' lang='lat' dir='ltr'>abesse</span> <span class='ocrx_word' id='word_1_71' title='bbox 1462 988 1503 1039; x_wconf 91' lang='lat' dir='ltr'>a</span> <span class='ocrx_word' id='word_1_72' title='bbox 1540 987 1671 1038; x_wconf 86' lang='lat' dir='ltr'>sua</span> <span class='ocrx_word' id='word_1_73' title='bbox 1707 967 2004 1039; x_wconf 89' lang='lat' dir='ltr'>ecclesia</span> <span class='ocrx_word' id='word_1_74' title='bbox 2060 968 2214 1038; x_wconf 89' lang='lat' dir='ltr'>sine</span> <span class='ocrx_word' id='word_1_75' title='bbox 2268 966 2555 1038; x_wconf 88' lang='lat' dir='ltr'>licentia</span> <span class='ocrx_word' id='word_1_76' title='bbox 2607 966 2678 1035; x_wconf 91' lang='lat' dir='ltr'>in</span> <span class='ocrx_word' id='word_1_77' title='bbox 2725 966 2898 1037; x_wconf 90' lang='lat' dir='ltr'>scri-</span> 
     </span>
     <span class='ocr_line' id='line_1_8' title="bbox 236 1076 2898 1177; baseline 0.002 -33"><span class='ocrx_word' id='word_1_78' title='bbox 236 1102 271 1144; x_wconf 76' lang='lat'><strong>»</strong></span> <span class='ocrx_word' id='word_1_79' title='bbox 327 1078 474 1169; x_wconf 88' lang='lat' dir='ltr'>ptis</span> <span class='ocrx_word' id='word_1_80' title='bbox 510 1076 835 1165; x_wconf 89' lang='lat' dir='ltr'>obtenta,</span> <span class='ocrx_word' id='word_1_81' title='bbox 892 1077 1026 1149; x_wconf 91' lang='lat' dir='ltr'>nisi</span> <span class='ocrx_word' id='word_1_82' title='bbox 1081 1079 1246 1150; x_wconf 85' lang='lat' dir='ltr'>talis</span> <span class='ocrx_word' id='word_1_83' title='bbox 1300 1080 1686 1152; x_wconf 78' lang='lat' dir='ltr'>necessitas</span> <span class='ocrx_word' id='word_1_84' title='bbox 1739 1084 2037 1171; x_wconf 87' lang='lat' dir='ltr'>repente</span> <span class='ocrx_word' id='word_1_85' title='bbox 2090 1096 2163 1151; x_wconf 89' lang='lat' dir='ltr'>se</span> <span class='ocrx_word' id='word_1_86' title='bbox 2207 1077 2490 1177; x_wconf 79' lang='lat' dir='ltr'>offerat,</span> <span class='ocrx_word' id='word_1_87' title='bbox 2533 1095 2715 1166; x_wconf 87' lang='lat' dir='ltr'>quae</span> <span class='ocrx_word' id='word_1_88' title='bbox 2753 1095 2898 1148; x_wconf 91' lang='lat' dir='ltr'>non</span> 
     </span>
     <span class='ocr_line' id='line_1_9' title="bbox 239 1179 2897 1282; baseline 0.001 -27"><span class='ocrx_word' id='word_1_89' title='bbox 239 1216 271 1255; x_wconf 83' lang='lat'><strong>»</strong></span> <span class='ocrx_word' id='word_1_90' title='bbox 323 1190 646 1282; x_wconf 88' lang='lat' dir='ltr'>patiatur</span> <span class='ocrx_word' id='word_1_91' title='bbox 682 1187 1094 1260; x_wconf 90' lang='lat' dir='ltr'>dilationem</span> <span class='ocrx_word' id='word_1_92' title='bbox 1146 1179 1554 1262; x_wconf 88' lang='lat' dir='ltr'>huiusmodi</span> <span class='ocrx_word' id='word_1_93' title='bbox 1608 1191 1967 1263; x_wconf 75' lang='lat' dir='ltr'>licentiam</span> <span class='ocrx_word' id='word_1_94' title='bbox 2006 1189 2346 1281; x_wconf 84' lang='lat' dir='ltr'>petendi3</span> <span class='ocrx_word' id='word_1_95' title='bbox 2404 1207 2548 1279; x_wconf 89' lang='lat' dir='ltr'>quo</span> <span class='ocrx_word' id='word_1_96' title='bbox 2600 1188 2677 1258; x_wconf 90' lang='lat' dir='ltr'>in</span> <span class='ocrx_word' id='word_1_97' title='bbox 2728 1208 2897 1259; x_wconf 89' lang='lat' dir='ltr'>casu</span> 
     </span>
     <span class='ocr_line' id='line_1_10' title="bbox 238 1298 2903 1391; baseline 0.001 -23"><span class='ocrx_word' id='word_1_98' title='bbox 238 1318 548 1390; x_wconf 58' lang='lat' dir='ltr'>»quam</span> <span class='ocrx_word' id='word_1_99' title='bbox 603 1300 907 1391; x_wconf 91' lang='lat' dir='ltr'>primum</span> <span class='ocrx_word' id='word_1_100' title='bbox 963 1300 1050 1373; x_wconf 92' lang='lat' dir='ltr'>de</span> <span class='ocrx_word' id='word_1_101' title='bbox 1105 1301 1419 1374; x_wconf 82' lang='lat' dir='ltr'>discessu</span> <span class='ocrx_word' id='word_1_102' title='bbox 1474 1310 1542 1374; x_wconf 88' lang='lat' dir='ltr'>et</span> <span class='ocrx_word' id='word_1_103' title='bbox 1594 1303 1682 1375; x_wconf 90' lang='lat' dir='ltr'>de</span> <span class='ocrx_word' id='word_1_104' title='bbox 1736 1303 2162 1375; x_wconf 85' lang='lat' dir='ltr'>necessitate</span> <span class='ocrx_word' id='word_1_105' title='bbox 2243 1298 2698 1373; x_wconf 80' lang='lat' dir='ltr'>ordinarium</span> <span class='ocrx_word' id='word_1_106' title='bbox 2751 1318 2903 1372; x_wconf 88' lang='lat' dir='ltr'>cer-</span> 
     </span>
     <span class='ocr_line' id='line_1_11' title="bbox 238 1409 2901 1506; baseline 0.002 -27"><span class='ocrx_word' id='word_1_107' title='bbox 238 1438 271 1479; x_wconf 75' lang='lat'><strong>»</strong></span> <span class='ocrx_word' id='word_1_108' title='bbox 326 1412 585 1483; x_wconf 89' lang='lat' dir='ltr'>tiorem</span> <span class='ocrx_word' id='word_1_109' title='bbox 637 1409 1044 1483; x_wconf 83' lang='lat' dir='ltr'>faciendum</span> <span class='ocrx_word' id='word_1_110' title='bbox 1099 1431 1279 1502; x_wconf 89' lang='lat' dir='ltr'>esse,</span> <span class='ocrx_word' id='word_1_111' title='bbox 1339 1422 1417 1486; x_wconf 90' lang='lat' dir='ltr'>ut</span> <span class='ocrx_word' id='word_1_112' title='bbox 1467 1415 1554 1487; x_wconf 89' lang='lat' dir='ltr'>de</span> <span class='ocrx_word' id='word_1_113' title='bbox 1609 1433 1824 1486; x_wconf 91' lang='lat' dir='ltr'>causa</span> <span class='ocrx_word' id='word_1_114' title='bbox 1879 1432 2301 1506; x_wconf 84' lang='lat' dir='ltr'>cognoscere</span> <span class='ocrx_word' id='word_1_115' title='bbox 2354 1413 2709 1504; x_wconf 89' lang='lat' dir='ltr'>possit....</span> <span class='ocrx_word' id='word_1_116' title='bbox 2757 1409 2901 1485; x_wconf 91' lang='lat' dir='ltr'>Nec</span> 
     </span>
     <span class='ocr_line' id='line_1_12' title="bbox 238 1521 2894 1620; baseline 0.002 -29"><span class='ocrx_word' id='word_1_117' title='bbox 238 1550 270 1589; x_wconf 80' lang='lat'><strong>»</strong></span> <span class='ocrx_word' id='word_1_118' title='bbox 326 1539 537 1614; x_wconf 89' lang='lat' dir='ltr'>posse</span> <span class='ocrx_word' id='word_1_119' title='bbox 590 1539 716 1613; x_wconf 91' lang='lat' dir='ltr'>per</span> <span class='ocrx_word' id='word_1_120' title='bbox 766 1521 1290 1597; x_wconf 88' lang='lat' dir='ltr'>hebdomadam</span> <span class='ocrx_word' id='word_1_121' title='bbox 1345 1525 1622 1614; x_wconf 88' lang='lat' dir='ltr'>abesse,</span> <span class='ocrx_word' id='word_1_122' title='bbox 1678 1544 1825 1597; x_wconf 92' lang='lat' dir='ltr'>non</span> <span class='ocrx_word' id='word_1_123' title='bbox 1878 1526 2102 1620; x_wconf 84' lang='lat' dir='ltr'>petita</span> <span class='ocrx_word' id='word_1_124' title='bbox 2141 1526 2251 1596; x_wconf 87' lang='lat' dir='ltr'>vel</span> <span class='ocrx_word' id='word_1_125' title='bbox 2291 1543 2433 1596; x_wconf 90' lang='lat' dir='ltr'>non</span> <span class='ocrx_word' id='word_1_126' title='bbox 2477 1525 2772 1597; x_wconf 90' lang='lat' dir='ltr'>obtenta</span> <span class='ocrx_word' id='word_1_127' title='bbox 2809 1524 2894 1596; x_wconf 91' lang='lat' dir='ltr'>li-</span> 
     </span>
     <span class='ocr_line' id='line_1_13' title="bbox 238 1632 2887 1728; baseline 0.002 -27"><span class='ocrx_word' id='word_1_128' title='bbox 238 1662 270 1701; x_wconf 79' lang='lat'><strong>»</strong></span> <span class='ocrx_word' id='word_1_129' title='bbox 324 1635 592 1721; x_wconf 90' lang='lat' dir='ltr'>centia,</span> <span class='ocrx_word' id='word_1_130' title='bbox 649 1636 864 1705; x_wconf 88' lang='lat' dir='ltr'>etiam</span> <span class='ocrx_word' id='word_1_131' title='bbox 917 1635 1158 1708; x_wconf 86' lang='lat' dir='ltr'>relicto</span> <span class='ocrx_word' id='word_1_132' title='bbox 1215 1638 1473 1708; x_wconf 88' lang='lat' dir='ltr'>vicario</span> <span class='ocrx_word' id='word_1_133' title='bbox 1526 1638 1783 1709; x_wconf 90' lang='lat' dir='ltr'>idoneo</span> <span class='ocrx_word' id='word_1_134' title='bbox 1835 1637 1927 1709; x_wconf 92' lang='lat' dir='ltr'>ab</span> <span class='ocrx_word' id='word_1_135' title='bbox 1982 1632 2358 1709; x_wconf 77' lang='lat' dir='ltr'>Ordinatio</span> <span class='ocrx_word' id='word_1_136' title='bbox 2393 1636 2887 1728; x_wconf 90' lang='lat' dir='ltr'>approbat0...</span> 
     </span>
     <span class='ocr_line' id='line_1_14' title="bbox 240 1743 2895 1839; baseline 0.002 -26"><span class='ocrx_word' id='word_1_137' title='bbox 240 1774 272 1813; x_wconf 83' lang='lat'><strong>»</strong></span> <span class='ocrx_word' id='word_1_138' title='bbox 324 1743 475 1817; x_wconf 90' lang='lat' dir='ltr'>Nec</span> <span class='ocrx_word' id='word_1_139' title='bbox 524 1744 848 1817; x_wconf 88' lang='lat' dir='ltr'>sufficere</span> <span class='ocrx_word' id='word_1_140' title='bbox 916 1746 1274 1818; x_wconf 85' lang='lat' dir='ltr'>licentiam</span> <span class='ocrx_word' id='word_1_141' title='bbox 1331 1749 1646 1836; x_wconf 90' lang='lat' dir='ltr'>tacitam,</span> <span class='ocrx_word' id='word_1_142' title='bbox 1704 1749 1832 1821; x_wconf 91' lang='lat' dir='ltr'>sed</span> <span class='ocrx_word' id='word_1_143' title='bbox 1884 1756 2204 1838; x_wconf 86' lang='lat' dir='ltr'>oportere</span> <span class='ocrx_word' id='word_1_144' title='bbox 2257 1766 2411 1820; x_wconf 89' lang='lat' dir='ltr'>esse</span> <span class='ocrx_word' id='word_1_145' title='bbox 2487 1766 2895 1839; x_wconf 84' lang='lat' dir='ltr'>expressam</span> 
     </span>
     <span class='ocr_line' id='line_1_15' title="bbox 237 1855 2891 1953; baseline 0.001 -28"><span class='ocrx_word' id='word_1_146' title='bbox 237 1884 270 1925; x_wconf 78' lang='lat'><strong>»</strong></span> <span class='ocrx_word' id='word_1_147' title='bbox 325 1860 530 1930; x_wconf 83' lang='lat' dir='ltr'>iuxta</span> <span class='ocrx_word' id='word_1_148' title='bbox 575 1857 874 1928; x_wconf 77' lang='lat' dir='ltr'>formam</span> <span class='ocrx_word' id='word_1_149' title='bbox 920 1859 1241 1931; x_wconf 93' lang='lat' dir='ltr'>eiusdem</span> <span class='ocrx_word' id='word_1_150' title='bbox 1284 1858 1570 1932; x_wconf 89' lang='lat' dir='ltr'>Concilii</span> <span class='ocrx_word' id='word_1_151' title='bbox 1620 1864 1800 1934; x_wconf 83' lang='lat' dir='ltr'>Sess.</span> <span class='ocrx_word' id='word_1_152' title='bbox 1843 1858 1966 1933; x_wconf 79' lang='grc'>23.</span> <span class='ocrx_word' id='word_1_153' title='bbox 2013 1880 2169 1952; x_wconf 85' lang='lat' dir='ltr'>cap.</span> <span class='ocrx_word' id='word_1_154' title='bbox 2200 1859 2265 1931; x_wconf 75' lang='lat'>1.</span> <span class='ocrx_word' id='word_1_155' title='bbox 2298 1887 2333 1927; x_wconf 82' lang='lat'><strong>»</strong></span> <span class='ocrx_word' id='word_1_156' title='bbox 2368 1856 2666 1953; x_wconf 88' lang='lat' dir='ltr'>(Bened.</span> <span class='ocrx_word' id='word_1_157' title='bbox 2704 1855 2891 1930; x_wconf 87' lang='lat' dir='ltr'><strong>XIV.</strong></span> 
     </span>
     <span class='ocr_line' id='line_1_16' title="bbox 235 1965 996 2065; baseline -0.004 -24"><span class='ocrx_word' id='word_1_158' title='bbox 235 1972 357 2043; x_wconf 84' lang='lat' dir='ltr'>loc.</span> <span class='ocrx_word' id='word_1_159' title='bbox 407 1972 528 2042; x_wconf 83' lang='lat' dir='ltr'>cit.</span> <span class='ocrx_word' id='word_1_160' title='bbox 573 1989 767 2042; x_wconf 81' lang='lat' dir='ltr'>num.</span> <span class='ocrx_word' id='word_1_161' title='bbox 812 1965 996 2065; x_wconf 64' lang='lat' dir='ltr'>n),</span> 
     </span>
    </p>

    <p class='ocr_par' dir='ltr' id='par_1_3' title="bbox 230 2078 2903 3064">
     <span class='ocr_line' id='line_1_17' title="bbox 376 2078 2898 2174; baseline 0 -21"><span class='ocrx_word' id='word_1_162' title='bbox 376 2082 552 2153; x_wconf 75' lang='lat'><strong>217.</strong></span> <span class='ocrx_word' id='word_1_163' title='bbox 608 2078 907 2162; x_wconf 88' lang='lat' dir='ltr'>Quando</span> <span class='ocrx_word' id='word_1_164' title='bbox 960 2086 1200 2153; x_wconf 89' lang='lat' dir='ltr'>tamen</span> <span class='ocrx_word' id='word_1_165' title='bbox 1253 2089 1505 2173; x_wconf 84' lang='lat' dir='ltr'>agatur</span> <span class='ocrx_word' id='word_1_166' title='bbox 1557 2083 1644 2154; x_wconf 84' lang='lat' dir='ltr'>de</span> <span class='ocrx_word' id='word_1_167' title='bbox 1699 2082 2027 2155; x_wconf 88' lang='lat' dir='ltr'>absentia</span> <span class='ocrx_word' id='word_1_168' title='bbox 2081 2084 2335 2155; x_wconf 90' lang='lat' dir='ltr'>modici</span> <span class='ocrx_word' id='word_1_169' title='bbox 2384 2084 2746 2174; x_wconf 89' lang='lat' dir='ltr'>temporis,</span> <span class='ocrx_word' id='word_1_170' title='bbox 2788 2100 2898 2154; x_wconf 89' lang='lat' dir='ltr'>re-</span> 
     </span>
     <span class='ocr_line' id='line_1_18' title="bbox 233 2190 2899 2284; baseline 0 -19"><span class='ocrx_word' id='word_1_171' title='bbox 233 2194 366 2267; x_wconf 74' lang='lat' dir='ltr'>fert</span> <span class='ocrx_word' id='word_1_172' title='bbox 421 2190 808 2283; x_wconf 87' lang='lat' dir='ltr'>Fagnanus</span> <span class='ocrx_word' id='word_1_173' title='bbox 861 2192 935 2262; x_wconf 91' lang='lat' dir='ltr'>in</span> <span class='ocrx_word' id='word_1_174' title='bbox 991 2193 1162 2282; x_wconf 84' lang='lat' dir='ltr'>Cap.</span> <span class='ocrx_word' id='word_1_175' title='bbox 1219 2190 1553 2266; x_wconf 87' lang='lat' dir='ltr'>Relatum</span> <span class='ocrx_word' id='word_1_176' title='bbox 1606 2196 1689 2267; x_wconf 86' lang='lat' dir='ltr'>de</span> <span class='ocrx_word' id='word_1_177' title='bbox 1740 2196 1907 2266; x_wconf 87' lang='lat' dir='ltr'>cler.</span> <span class='ocrx_word' id='word_1_178' title='bbox 1968 2214 2108 2265; x_wconf 81' lang='lat' dir='ltr'>non</span> <span class='ocrx_word' id='word_1_179' title='bbox 2145 2213 2281 2266; x_wconf 86' lang='lat' dir='ltr'>res.</span> <span class='ocrx_word' id='word_1_180' title='bbox 2344 2215 2417 2266; x_wconf 79' lang='lat' dir='ltr'>n.</span> <span class='ocrx_word' id='word_1_181' title='bbox 2477 2196 2653 2276; x_wconf 64' lang='lat'>32„</span> <span class='ocrx_word' id='word_1_182' title='bbox 2707 2194 2899 2284; x_wconf 89' lang='lat' dir='ltr'>quod</span> 
     </span>
     <span class='ocr_line' id='line_1_19' title="bbox 235 2299 2899 2397; baseline 0 -20"><span class='ocrx_word' id='word_1_183' title='bbox 235 2324 375 2377; x_wconf 93' lang='lat' dir='ltr'>non</span> <span class='ocrx_word' id='word_1_184' title='bbox 429 2302 653 2374; x_wconf 90' lang='lat' dir='ltr'>semel</span> <span class='ocrx_word' id='word_1_185' title='bbox 706 2303 920 2373; x_wconf 87' lang='lat' dir='ltr'>etiam</span> <span class='ocrx_word' id='word_1_186' title='bbox 971 2299 1045 2373; x_wconf 91' lang='lat' dir='ltr'>S.</span> <span class='ocrx_word' id='word_1_187' title='bbox 1101 2300 1175 2375; x_wconf 91' lang='lat' dir='ltr'>C.</span> <span class='ocrx_word' id='word_1_188' title='bbox 1232 2307 1579 2396; x_wconf 87' lang='lat' dir='ltr'>permisit,</span> <span class='ocrx_word' id='word_1_189' title='bbox 1624 2312 1701 2377; x_wconf 88' lang='lat' dir='ltr'>ut</span> <span class='ocrx_word' id='word_1_190' title='bbox 1746 2308 1822 2376; x_wconf 90' lang='lat' dir='ltr'>in</span> <span class='ocrx_word' id='word_1_191' title='bbox 1859 2306 2143 2378; x_wconf 89' lang='lat' dir='ltr'>casibus</span> <span class='ocrx_word' id='word_1_192' title='bbox 2182 2308 2573 2397; x_wconf 89' lang='lat' dir='ltr'>repentinis</span> <span class='ocrx_word' id='word_1_193' title='bbox 2608 2325 2734 2397; x_wconf 91' lang='lat' dir='ltr'>pro</span> <span class='ocrx_word' id='word_1_194' title='bbox 2772 2305 2899 2377; x_wconf 89' lang='lat' dir='ltr'>ab·</span> 
     </span>
     <span class='ocr_line' id='line_1_20' title="bbox 231 2414 2901 2509; baseline -0 -19"><span class='ocrx_word' id='word_1_195' title='bbox 231 2419 460 2490; x_wconf 83' lang='lat' dir='ltr'>sentia</span> <span class='ocrx_word' id='word_1_196' title='bbox 521 2414 775 2486; x_wconf 89' lang='lat' dir='ltr'>modici</span> <span class='ocrx_word' id='word_1_197' title='bbox 827 2416 1162 2506; x_wconf 89' lang='lat' dir='ltr'>temporis</span> <span class='ocrx_word' id='word_1_198' title='bbox 1213 2415 1568 2489; x_wconf 87' lang='lat' dir='ltr'>sufficeret</span> <span class='ocrx_word' id='word_1_199' title='bbox 1624 2417 1911 2490; x_wconf 89' lang='lat' dir='ltr'>licentia</span> <span class='ocrx_word' id='word_1_200' title='bbox 1950 2419 2189 2490; x_wconf 90' lang='lat' dir='ltr'>vicarii</span> <span class='ocrx_word' id='word_1_201' title='bbox 2227 2418 2525 2490; x_wconf 83' lang='lat' dir='ltr'>foranei.</span> <span class='ocrx_word' id='word_1_202' title='bbox 2566 2415 2901 2509; x_wconf 83' lang='lat' dir='ltr'>Exceptis</span> 
     </span>
     <span class='ocr_line' id='line_1_21' title="bbox 231 2526 2901 2621; baseline -0 -21"><span class='ocrx_word' id='word_1_203' title='bbox 231 2535 479 2601; x_wconf 85' lang='lat' dir='ltr'>tamen</span> <span class='ocrx_word' id='word_1_204' title='bbox 533 2526 923 2617; x_wconf 88' lang='lat' dir='ltr'>repentinis</span> <span class='ocrx_word' id='word_1_205' title='bbox 975 2527 1261 2599; x_wconf 89' lang='lat' dir='ltr'>casibus</span> <span class='ocrx_word' id='word_1_206' title='bbox 1315 2547 1456 2599; x_wconf 91' lang='lat' dir='ltr'>non</span> <span class='ocrx_word' id='word_1_207' title='bbox 1508 2529 1674 2601; x_wconf 89' lang='lat' dir='ltr'>licet</span> <span class='ocrx_word' id='word_1_208' title='bbox 1724 2529 2034 2620; x_wconf 87' lang='lat' dir='ltr'>parocho</span> <span class='ocrx_word' id='word_1_209' title='bbox 2082 2528 2335 2602; x_wconf 89' lang='lat' dir='ltr'>abesse</span> <span class='ocrx_word' id='word_1_210' title='bbox 2373 2529 2647 2621; x_wconf 87' lang='lat' dir='ltr'>absque</span> <span class='ocrx_word' id='word_1_211' title='bbox 2684 2531 2901 2602; x_wconf 89' lang='lat' dir='ltr'>licen-</span> 
     </span>
     <span class='ocr_line' id='line_1_22' title="bbox 232 2636 2902 2736; baseline 0.001 -24"><span class='ocrx_word' id='word_1_212' title='bbox 232 2641 329 2712; x_wconf 88' lang='lat' dir='ltr'>tia</span> <span class='ocrx_word' id='word_1_213' title='bbox 383 2639 573 2711; x_wconf 89' lang='lat' dir='ltr'>ultra</span> <span class='ocrx_word' id='word_1_214' title='bbox 627 2637 951 2710; x_wconf 92' lang='lat' dir='ltr'>biduum.</span> <span class='ocrx_word' id='word_1_215' title='bbox 1009 2636 1278 2712; x_wconf 89' lang='lat' dir='ltr'>Bened.</span> <span class='ocrx_word' id='word_1_216' title='bbox 1321 2637 1511 2713; x_wconf 85' lang='lat' dir='ltr'><strong>XIV.</strong></span> <span class='ocrx_word' id='word_1_217' title='bbox 1554 2636 1727 2736; x_wconf 84' lang='lat' dir='ltr'>(loc.</span> <span class='ocrx_word' id='word_1_218' title='bbox 1771 2643 1895 2715; x_wconf 82' lang='lat' dir='ltr'>cit.</span> <span class='ocrx_word' id='word_1_219' title='bbox 1937 2663 2131 2714; x_wconf 83' lang='lat' dir='ltr'>num.</span> <span class='ocrx_word' id='word_1_220' title='bbox 2175 2640 2338 2734; x_wconf 74' lang='lat'>42.)</span> <span class='ocrx_word' id='word_1_221' title='bbox 2375 2643 2621 2730; x_wconf 89' lang='lat' dir='ltr'>tradit,</span> <span class='ocrx_word' id='word_1_222' title='bbox 2654 2661 2739 2714; x_wconf 80' lang='lat' dir='ltr'>ex</span> <span class='ocrx_word' id='word_1_223' title='bbox 2777 2660 2902 2733; x_wconf 90' lang='lat' dir='ltr'>pe-</span> 
     </span>
     <span class='ocr_line' id='line_1_23' title="bbox 233 2749 2898 2847; baseline 0 -24"><span class='ocrx_word' id='word_1_224' title='bbox 233 2749 628 2823; x_wconf 89' lang='lat' dir='ltr'>culiaribus</span> <span class='ocrx_word' id='word_1_225' title='bbox 664 2749 1008 2840; x_wconf 85' lang='lat' dir='ltr'>cuiusque</span> <span class='ocrx_word' id='word_1_226' title='bbox 1045 2752 1445 2824; x_wconf 87' lang='lat' dir='ltr'>dioeceseos</span> <span class='ocrx_word' id='word_1_227' title='bbox 1482 2755 1828 2826; x_wconf 87' lang='lat' dir='ltr'>institutis</span> <span class='ocrx_word' id='word_1_228' title='bbox 1865 2754 2383 2841; x_wconf 83' lang='lat' dir='ltr'>definiendum,</span> <span class='ocrx_word' id='word_1_229' title='bbox 2424 2773 2517 2825; x_wconf 91' lang='lat' dir='ltr'>an</span> <span class='ocrx_word' id='word_1_230' title='bbox 2554 2772 2682 2847; x_wconf 88' lang='lat' dir='ltr'>per</span> <span class='ocrx_word' id='word_1_231' title='bbox 2719 2755 2898 2825; x_wconf 88' lang='lat' dir='ltr'>duos</span> 
     </span>
     <span class='ocr_line' id='line_1_24' title="bbox 230 2861 2903 2956; baseline 0 -22"><span class='ocrx_word' id='word_1_232' title='bbox 230 2863 340 2934; x_wconf 75' lang='lat' dir='ltr'>vel</span> <span class='ocrx_word' id='word_1_233' title='bbox 396 2879 529 2953; x_wconf 90' lang='lat' dir='ltr'>per</span> <span class='ocrx_word' id='word_1_234' title='bbox 577 2867 722 2931; x_wconf 88' lang='lat' dir='ltr'>tres</span> <span class='ocrx_word' id='word_1_235' title='bbox 774 2861 924 2932; x_wconf 88' lang='lat' dir='ltr'>dies</span> <span class='ocrx_word' id='word_1_236' title='bbox 973 2862 1281 2953; x_wconf 90' lang='lat' dir='ltr'>parocho</span> <span class='ocrx_word' id='word_1_237' title='bbox 1334 2864 1584 2936; x_wconf 88' lang='lat' dir='ltr'>abesse</span> <span class='ocrx_word' id='word_1_238' title='bbox 1639 2865 1873 2953; x_wconf 88' lang='lat' dir='ltr'>liceat,</span> <span class='ocrx_word' id='word_1_239' title='bbox 1933 2866 2173 2956; x_wconf 87' lang='lat' dir='ltr'>aliquo</span> <span class='ocrx_word' id='word_1_240' title='bbox 2225 2883 2505 2956; x_wconf 90' lang='lat' dir='ltr'>semper</span> <span class='ocrx_word' id='word_1_241' title='bbox 2538 2866 2612 2936; x_wconf 91' lang='lat' dir='ltr'>in</span> <span class='ocrx_word' id='word_1_242' title='bbox 2651 2866 2762 2935; x_wconf 88' lang='lat' dir='ltr'>sui</span> <span class='ocrx_word' id='word_1_243' title='bbox 2801 2865 2903 2935; x_wconf 88' lang='lat' dir='ltr'>vi-</span> 
     </span>
     <span class='ocr_line' id='line_1_25' title="bbox 230 2971 1228 3064; baseline -0.003 -18"><span class='ocrx_word' id='word_1_244' title='bbox 230 2991 383 3046; x_wconf 89' lang='lat' dir='ltr'>cem</span> <span class='ocrx_word' id='word_1_245' title='bbox 438 2971 809 3044; x_wconf 89' lang='lat' dir='ltr'>sacerdote</span> <span class='ocrx_word' id='word_1_246' title='bbox 862 2973 1228 3064; x_wconf 84' lang='lat' dir='ltr'>deputato.</span> 
     </span>
    </p>

    <p class='ocr_par' dir='ltr' id='par_1_4' title="bbox 222 3079 2908 4296">
     <span class='ocr_line' id='line_1_26' title="bbox 374 3079 2894 3178; baseline 0.001 -23"><span class='ocrx_word' id='word_1_247' title='bbox 374 3084 549 3155; x_wconf 73' lang='lat'><strong>218.</strong></span> <span class='ocrx_word' id='word_1_248' title='bbox 591 3079 746 3153; x_wconf 89' lang='lat' dir='ltr'>Non</span> <span class='ocrx_word' id='word_1_249' title='bbox 801 3082 964 3156; x_wconf 88' lang='lat' dir='ltr'>licet</span> <span class='ocrx_word' id='word_1_250' title='bbox 1014 3087 1322 3178; x_wconf 90' lang='lat' dir='ltr'>parocho</span> <span class='ocrx_word' id='word_1_251' title='bbox 1371 3105 1637 3158; x_wconf 90' lang='lat' dir='ltr'>moram</span> <span class='ocrx_word' id='word_1_252' title='bbox 1676 3087 1955 3160; x_wconf 88' lang='lat' dir='ltr'>trahere</span> <span class='ocrx_word' id='word_1_253' title='bbox 1995 3090 2070 3159; x_wconf 90' lang='lat' dir='ltr'>in</span> <span class='ocrx_word' id='word_1_254' title='bbox 2108 3088 2394 3159; x_wconf 90' lang='lat' dir='ltr'>civitate</span> <span class='ocrx_word' id='word_1_255' title='bbox 2440 3093 2565 3158; x_wconf 89' lang='lat' dir='ltr'>aut</span> <span class='ocrx_word' id='word_1_256' title='bbox 2602 3085 2894 3177; x_wconf 82' lang='lat' dir='ltr'>oppido,</span> 
     </span>
     <span class='ocr_line' id='line_1_27' title="bbox 230 3193 2902 3290; baseline 0 -23"><span class='ocrx_word' id='word_1_257' title='bbox 230 3193 456 3286; x_wconf 83' lang='lat' dir='ltr'>quod,</span> <span class='ocrx_word' id='word_1_258' title='bbox 513 3196 797 3266; x_wconf 88' lang='lat' dir='ltr'>tametsi</span> <span class='ocrx_word' id='word_1_259' title='bbox 848 3213 993 3266; x_wconf 84' lang='lat' dir='ltr'>non</span> <span class='ocrx_word' id='word_1_260' title='bbox 1044 3198 1253 3289; x_wconf 90' lang='lat' dir='ltr'>longe</span> <span class='ocrx_word' id='word_1_261' title='bbox 1305 3198 1520 3270; x_wconf 88' lang='lat' dir='ltr'>distet</span> <span class='ocrx_word' id='word_1_262' title='bbox 1572 3220 1611 3270; x_wconf 87' lang='lat' dir='ltr'>a</span> <span class='ocrx_word' id='word_1_263' title='bbox 1666 3199 2029 3290; x_wconf 87' lang='lat' dir='ltr'>parochia,</span> <span class='ocrx_word' id='word_1_264' title='bbox 2092 3206 2289 3271; x_wconf 83' lang='lat' dir='ltr'>extra</span> <span class='ocrx_word' id='word_1_265' title='bbox 2344 3199 2522 3270; x_wconf 90' lang='lat' dir='ltr'>illud</span> <span class='ocrx_word' id='word_1_266' title='bbox 2559 3199 2678 3286; x_wconf 87' lang='lat' dir='ltr'>sit,</span> <span class='ocrx_word' id='word_1_267' title='bbox 2723 3196 2902 3287; x_wconf 86' lang='lat' dir='ltr'>quin</span> 
     </span>
     <span class='ocr_line' id='line_1_28' title="bbox 228 3306 2904 3402; baseline 0 -24"><span class='ocrx_word' id='word_1_268' title='bbox 228 3307 690 3395; x_wconf 77' lang='lat' dir='ltr'>suffragetur,</span> <span class='ocrx_word' id='word_1_269' title='bbox 732 3308 923 3396; x_wconf 90' lang='lat' dir='ltr'>quod</span> <span class='ocrx_word' id='word_1_270' title='bbox 961 3308 1176 3380; x_wconf 87' lang='lat' dir='ltr'>alium</span> <span class='ocrx_word' id='word_1_271' title='bbox 1229 3309 1664 3381; x_wconf 90' lang='lat' dir='ltr'>sacerdotem</span> <span class='ocrx_word' id='word_1_272' title='bbox 1719 3309 2083 3402; x_wconf 84' lang='lat' dir='ltr'>subroget,</span> <span class='ocrx_word' id='word_1_273' title='bbox 2127 3311 2276 3401; x_wconf 88' lang='lat' dir='ltr'>qui,</span> <span class='ocrx_word' id='word_1_274' title='bbox 2318 3310 2377 3382; x_wconf 90' lang='lat' dir='ltr'>si</span> <span class='ocrx_word' id='word_1_275' title='bbox 2414 3309 2592 3381; x_wconf 84' lang='lat' dir='ltr'>forte</span> <span class='ocrx_word' id='word_1_276' title='bbox 2629 3306 2904 3399; x_wconf 89' lang='lat' dir='ltr'>aliquid</span> 
     </span>
     <span class='ocr_line' id='line_1_29' title="bbox 226 3418 2903 3513; baseline -0 -22"><span class='ocrx_word' id='word_1_277' title='bbox 226 3418 707 3508; x_wconf 84' lang='lat' dir='ltr'>contingeret,</span> <span class='ocrx_word' id='word_1_278' title='bbox 747 3427 1028 3508; x_wconf 89' lang='lat' dir='ltr'>praesto</span> <span class='ocrx_word' id='word_1_279' title='bbox 1064 3427 1278 3509; x_wconf 90' lang='lat' dir='ltr'>esset,</span> <span class='ocrx_word' id='word_1_280' title='bbox 1314 3425 1390 3493; x_wconf 87' lang='lat' dir='ltr'>ut</span> <span class='ocrx_word' id='word_1_281' title='bbox 1425 3439 1710 3513; x_wconf 90' lang='lat' dir='ltr'>operam</span> <span class='ocrx_word' id='word_1_282' title='bbox 1750 3440 1953 3493; x_wconf 90' lang='lat' dir='ltr'>suam</span> <span class='ocrx_word' id='word_1_283' title='bbox 1991 3423 2461 3513; x_wconf 88' lang='lat' dir='ltr'>impenderet,</span> <span class='ocrx_word' id='word_1_284' title='bbox 2496 3439 2625 3493; x_wconf 89' lang='lat' dir='ltr'>cen</span> <span class='ocrx_word' id='word_1_285' title='bbox 2663 3420 2903 3491; x_wconf 90' lang='lat' dir='ltr'>decla-</span> 
     </span>
     <span class='ocr_line' id='line_1_30' title="bbox 227 3526 2905 3628; baseline -0 -26"><span class='ocrx_word' id='word_1_286' title='bbox 227 3531 423 3602; x_wconf 82' lang='lat' dir='ltr'>ravit</span> <span class='ocrx_word' id='word_1_287' title='bbox 458 3530 706 3602; x_wconf 89' lang='lat' dir='ltr'>eadem</span> <span class='ocrx_word' id='word_1_288' title='bbox 745 3527 818 3601; x_wconf 92' lang='lat' dir='ltr'>S.</span> <span class='ocrx_word' id='word_1_289' title='bbox 850 3529 1101 3624; x_wconf 85' lang='lat' dir='ltr'>Congr.</span> <span class='ocrx_word' id='word_1_290' title='bbox 1149 3535 1237 3604; x_wconf 88' lang='grc'>16</span> <span class='ocrx_word' id='word_1_291' title='bbox 1273 3530 1430 3603; x_wconf 90' lang='lat' dir='ltr'>Ian.</span> <span class='ocrx_word' id='word_1_292' title='bbox 1479 3536 1694 3606; x_wconf 83' lang='lat'><strong>1636.</strong></span> <span class='ocrx_word' id='word_1_293' title='bbox 1723 3526 1887 3628; x_wconf 83' lang='lat' dir='ltr'>(lib.</span> <span class='ocrx_word' id='word_1_294' title='bbox 1924 3534 2039 3606; x_wconf 76' lang='lat'>15.</span> <span class='ocrx_word' id='word_1_295' title='bbox 2079 3535 2333 3607; x_wconf 83' lang='lat' dir='ltr'>decret.</span> <span class='ocrx_word' id='word_1_296' title='bbox 2368 3553 2537 3626; x_wconf 76' lang='lat' dir='ltr'>paq.</span> <span class='ocrx_word' id='word_1_297' title='bbox 2579 3526 2789 3628; x_wconf 66' lang='lat'>649),</span> <span class='ocrx_word' id='word_1_298' title='bbox 2834 3536 2905 3602; x_wconf 90' lang='lat' dir='ltr'>et</span> 
     </span>
     <span class='ocr_line' id='line_1_31' title="bbox 226 3637 2904 3737; baseline -0 -23"><span class='ocrx_word' id='word_1_299' title='bbox 226 3642 354 3714; x_wconf 76' lang='lat'>24.</span> <span class='ocrx_word' id='word_1_300' title='bbox 398 3637 567 3712; x_wconf 81' lang='lat' dir='ltr'>Maii</span> <span class='ocrx_word' id='word_1_301' title='bbox 612 3642 824 3713; x_wconf 89' lang='grc'><strong>1670.</strong></span> <span class='ocrx_word' id='word_1_302' title='bbox 867 3638 1026 3735; x_wconf 84' lang='lat' dir='ltr'>(lib.</span> <span class='ocrx_word' id='word_1_303' title='bbox 1064 3645 1188 3716; x_wconf 89' lang='grc'>26.</span> <span class='ocrx_word' id='word_1_304' title='bbox 1231 3645 1482 3717; x_wconf 84' lang='lat' dir='ltr'>decret.</span> <span class='ocrx_word' id='word_1_305' title='bbox 1516 3661 1685 3737; x_wconf 79' lang='lat' dir='ltr'>paq.</span> <span class='ocrx_word' id='word_1_306' title='bbox 1726 3642 1969 3737; x_wconf 58' lang='lat'>346),</span> <span class='ocrx_word' id='word_1_307' title='bbox 2013 3663 2098 3717; x_wconf 91' lang='lat' dir='ltr'>ac</span> <span class='ocrx_word' id='word_1_308' title='bbox 2140 3646 2363 3737; x_wconf 90' lang='lat' dir='ltr'>magis</span> <span class='ocrx_word' id='word_1_309' title='bbox 2417 3644 2790 3737; x_wconf 89' lang='lat' dir='ltr'>perspicue</span> <span class='ocrx_word' id='word_1_310' title='bbox 2828 3642 2904 3713; x_wconf 87' lang='lat' dir='ltr'>in</span> 
     </span>
     <span class='ocr_line' id='line_1_32' title="bbox 229 3747 2904 3849; baseline 0 -25"><span class='ocrx_word' id='word_1_311' title='bbox 229 3754 601 3847; x_wconf 89' lang='lat' dir='ltr'>responsis</span> <span class='ocrx_word' id='word_1_312' title='bbox 638 3754 727 3825; x_wconf 90' lang='lat' dir='ltr'>ad</span> <span class='ocrx_word' id='word_1_313' title='bbox 763 3753 940 3828; x_wconf 87' lang='lat' dir='ltr'>haec</span> <span class='ocrx_word' id='word_1_314' title='bbox 971 3747 1188 3827; x_wconf 78' lang='lat' dir='ltr'>dubia</span> <span class='ocrx_word' id='word_1_315' title='bbox 1224 3757 1454 3830; x_wconf 88' lang='lat' dir='ltr'>eidem</span> <span class='ocrx_word' id='word_1_316' title='bbox 1490 3759 1853 3849; x_wconf 89' lang='lat' dir='ltr'>proposita</span> <span class='ocrx_word' id='word_1_317' title='bbox 1879 3756 2015 3828; x_wconf 89' lang='lat' dir='ltr'>sub</span> <span class='ocrx_word' id='word_1_318' title='bbox 2060 3757 2175 3829; x_wconf 91' lang='lat' dir='ltr'>die</span> <span class='ocrx_word' id='word_1_319' title='bbox 2210 3758 2325 3828; x_wconf 84' lang='lat'>10.</span> <span class='ocrx_word' id='word_1_320' title='bbox 2360 3754 2525 3827; x_wconf 89' lang='lat' dir='ltr'>Maii</span> <span class='ocrx_word' id='word_1_321' title='bbox 2562 3755 2774 3826; x_wconf 87' lang='grc'><strong>1687.</strong></span> <span class='ocrx_word' id='word_1_322' title='bbox 2814 3753 2904 3825; x_wconf 92' lang='lat' dir='ltr'>ab</span> 
     </span>
     <span class='ocr_line' id='line_1_33' title="bbox 226 3858 2907 3964; baseline -0 -28"><span class='ocrx_word' id='word_1_323' title='bbox 226 3863 589 3956; x_wconf 90' lang='lat' dir='ltr'>Episcopo</span> <span class='ocrx_word' id='word_1_324' title='bbox 634 3863 1151 3956; x_wconf 83' lang='lat' dir='ltr'>Fulginatensi,</span> <span class='ocrx_word' id='word_1_325' title='bbox 1184 3887 1368 3957; x_wconf 87' lang='lat' dir='ltr'>quae</span> <span class='ocrx_word' id='word_1_326' title='bbox 1406 3867 1721 3941; x_wconf 82' lang='lat' dir='ltr'>referunt</span> <span class='ocrx_word' id='word_1_327' title='bbox 1758 3867 2032 3940; x_wconf 87' lang='lat' dir='ltr'>Bened.</span> <span class='ocrx_word' id='word_1_328' title='bbox 2056 3865 2248 3939; x_wconf 85' lang='lat' dir='ltr'>XIV.</span> <span class='ocrx_word' id='word_1_329' title='bbox 2286 3862 2458 3964; x_wconf 84' lang='lat' dir='ltr'>(loc.</span> <span class='ocrx_word' id='word_1_330' title='bbox 2486 3869 2607 3939; x_wconf 82' lang='lat' dir='ltr'>cit.</span> <span class='ocrx_word' id='word_1_331' title='bbox 2643 3886 2718 3938; x_wconf 82' lang='grc' dir='ltr'>η.</span> <span class='ocrx_word' id='word_1_332' title='bbox 2745 3858 2907 3960; x_wconf 75' lang='lat'>18.)</span> 
     </span>
     <span class='ocr_line' id='line_1_34' title="bbox 222 3973 2907 4072; baseline -0 -22"><span class='ocrx_word' id='word_1_333' title='bbox 222 3984 300 4050; x_wconf 91' lang='lat' dir='ltr'>et</span> <span class='ocrx_word' id='word_1_334' title='bbox 356 3973 720 4048; x_wconf 86' lang='lat' dir='ltr'>Giraldius</span> <span class='ocrx_word' id='word_1_335' title='bbox 757 3977 900 4049; x_wconf 76' lang='lat' dir='ltr'>Ius,</span> <span class='ocrx_word' id='word_1_336' title='bbox 945 3980 1156 4051; x_wconf 80' lang='lat' dir='ltr'>Pont.</span> <span class='ocrx_word' id='word_1_337' title='bbox 1187 3981 1286 4050; x_wconf 90' lang='grc' dir='ltr'>Ῥ.</span> <span class='ocrx_word' id='word_1_338' title='bbox 1331 3980 1425 4053; x_wconf 86' lang='grc' dir='ltr'>ΙΙ.</span> <span class='ocrx_word' id='word_1_339' title='bbox 1469 3988 1631 4053; x_wconf 86' lang='lat' dir='ltr'>sect.</span> <span class='ocrx_word' id='word_1_340' title='bbox 1689 3981 1811 4053; x_wconf 80' lang='lat'>87.</span> <span class='ocrx_word' id='word_1_341' title='bbox 1883 4003 1921 4046; x_wconf 61' lang='grc' dir='ltr'>ε</span> <span class='ocrx_word' id='word_1_342' title='bbox 1966 3980 2067 4052; x_wconf 85' lang='lat' dir='ltr'>Ad</span> <span class='ocrx_word' id='word_1_343' title='bbox 2131 3979 2605 4052; x_wconf 89' lang='lat' dir='ltr'>eliminandos</span> <span class='ocrx_word' id='word_1_344' title='bbox 2664 3978 2907 4072; x_wconf 91' lang='lat' dir='ltr'>plures</span> 
     </span>
     <span class='ocr_line' id='line_1_35' title="bbox 229 4086 2908 4184; baseline 0 -26"><span class='ocrx_word' id='word_1_345' title='bbox 229 4115 267 4157; x_wconf 62' lang='lat' dir='ltr'><strong><em>t</em></strong></span> <span class='ocrx_word' id='word_1_346' title='bbox 331 4088 636 4175; x_wconf 89' lang='lat' dir='ltr'>abusus,</span> <span class='ocrx_word' id='word_1_347' title='bbox 678 4107 856 4178; x_wconf 86' lang='lat' dir='ltr'>quos</span> <span class='ocrx_word' id='word_1_348' title='bbox 908 4091 1091 4162; x_wconf 89' lang='lat' dir='ltr'>circa</span> <span class='ocrx_word' id='word_1_349' title='bbox 1158 4092 1616 4165; x_wconf 88' lang='lat' dir='ltr'>residentiam</span> <span class='ocrx_word' id='word_1_350' title='bbox 1693 4092 2164 4184; x_wconf 88' lang='lat' dir='ltr'>parochorum</span> <span class='ocrx_word' id='word_1_351' title='bbox 2243 4094 2319 4162; x_wconf 89' lang='lat' dir='ltr'>in</span> <span class='ocrx_word' id='word_1_352' title='bbox 2397 4110 2527 4162; x_wconf 90' lang='lat' dir='ltr'>sua</span> <span class='ocrx_word' id='word_1_353' title='bbox 2599 4086 2908 4160; x_wconf 89' lang='lat' dir='ltr'>dioecesi</span> 
     </span>
     <span class='ocr_line' id='line_1_36' title="bbox 225 4198 2903 4296; baseline 0 -30"><span class='ocrx_word' id='word_1_354' title='bbox 225 4225 267 4266; x_wconf 75' lang='lat'><strong>&gt;</strong></span> <span class='ocrx_word' id='word_1_355' title='bbox 332 4200 705 4290; x_wconf 90' lang='lat' dir='ltr'>irrepsisse</span> <span class='ocrx_word' id='word_1_356' title='bbox 759 4199 972 4272; x_wconf 79' lang='lat' dir='ltr'>refert</span> <span class='ocrx_word' id='word_1_357' title='bbox 1024 4198 1445 4295; x_wconf 78' lang='lat' dir='ltr'>EpiscopuS,</span> <span class='ocrx_word' id='word_1_358' title='bbox 1503 4203 1861 4296; x_wconf 89' lang='lat' dir='ltr'>supplicat</span> <span class='ocrx_word' id='word_1_359' title='bbox 1914 4202 2003 4273; x_wconf 92' lang='lat' dir='ltr'>ab</span> <span class='ocrx_word' id='word_1_360' title='bbox 2075 4202 2209 4274; x_wconf 89' lang='lat' dir='ltr'>hac</span> <span class='ocrx_word' id='word_1_361' title='bbox 2262 4199 2335 4272; x_wconf 90' lang='lat' dir='ltr'>S.</span> <span class='ocrx_word' id='word_1_362' title='bbox 2394 4200 2468 4273; x_wconf 90' lang='lat' dir='ltr'>C.</span> <span class='ocrx_word' id='word_1_363' title='bbox 2528 4199 2903 4272; x_wconf 89' lang='lat' dir='ltr'>declarari:</span> 
     </span>
    </p>

    <p class='ocr_par' dir='ltr' id='par_1_5' title="bbox 222 4308 2913 4743">
     <span class='ocr_line' id='line_1_37' title="bbox 383 4308 2913 4406; baseline -0.001 -24"><span class='ocrx_word' id='word_1_364' title='bbox 383 4338 424 4382; x_wconf 79' lang='lat'><strong>&gt;</strong></span> <span class='ocrx_word' id='word_1_365' title='bbox 472 4312 540 4382; x_wconf 89' lang='lat'>1.</span> <span class='ocrx_word' id='word_1_366' title='bbox 600 4308 707 4382; x_wconf 76' lang='lat' dir='ltr'>An</span> <span class='ocrx_word' id='word_1_367' title='bbox 759 4319 1068 4385; x_wconf 89' lang='lat' dir='ltr'>rectores</span> <span class='ocrx_word' id='word_1_368' title='bbox 1120 4315 1576 4387; x_wconf 89' lang='lat' dir='ltr'>ecclesiarum</span> <span class='ocrx_word' id='word_1_369' title='bbox 1629 4313 2147 4406; x_wconf 89' lang='lat' dir='ltr'>parochialium</span> <span class='ocrx_word' id='word_1_370' title='bbox 2202 4333 2241 4382; x_wconf 90' lang='lat' dir='ltr'>a</span> <span class='ocrx_word' id='word_1_371' title='bbox 2297 4312 2583 4384; x_wconf 88' lang='lat' dir='ltr'>civitate</span> <span class='ocrx_word' id='word_1_372' title='bbox 2637 4311 2913 4382; x_wconf 90' lang='lat' dir='ltr'>distan-</span> 
     </span>
     <span class='ocr_line' id='line_1_38' title="bbox 224 4421 2912 4516; baseline 0.001 -24"><span class='ocrx_word' id='word_1_373' title='bbox 224 4447 267 4492; x_wconf 79' lang='lat'><strong>»</strong></span> <span class='ocrx_word' id='word_1_374' title='bbox 316 4425 500 4495; x_wconf 87' lang='lat' dir='ltr'>tium</span> <span class='ocrx_word' id='word_1_375' title='bbox 555 4441 682 4513; x_wconf 89' lang='lat' dir='ltr'>per</span> <span class='ocrx_word' id='word_1_376' title='bbox 734 4422 902 4511; x_wconf 94' lang='lat' dir='ltr'>duo,</span> <span class='ocrx_word' id='word_1_377' title='bbox 959 4425 1093 4496; x_wconf 90' lang='lat' dir='ltr'>tria</span> <span class='ocrx_word' id='word_1_378' title='bbox 1146 4433 1268 4500; x_wconf 90' lang='lat' dir='ltr'>aut</span> <span class='ocrx_word' id='word_1_379' title='bbox 1322 4432 1628 4516; x_wconf 87' lang='lat' dir='ltr'>quatuor</span> <span class='ocrx_word' id='word_1_380' title='bbox 1681 4424 2016 4495; x_wconf 91' lang='lat' dir='ltr'>milliaria</span> <span class='ocrx_word' id='word_1_381' title='bbox 2068 4423 2344 4496; x_wconf 86' lang='lat' dir='ltr'>circiter</span> <span class='ocrx_word' id='word_1_382' title='bbox 2411 4423 2688 4514; x_wconf 90' lang='lat' dir='ltr'>possint</span> <span class='ocrx_word' id='word_1_383' title='bbox 2756 4421 2912 4494; x_wconf 91' lang='lat' dir='ltr'>sine</span> 
     </span>
     <span class='ocr_line' id='line_1_39' title="bbox 223 4530 2907 4628; baseline 0 -24"><span class='ocrx_word' id='word_1_384' title='bbox 223 4558 268 4604; x_wconf 79' lang='lat'>›</span> <span class='ocrx_word' id='word_1_385' title='bbox 315 4551 657 4628; x_wconf 82' lang='lat' dir='ltr'>expressa</span> <span class='ocrx_word' id='word_1_386' title='bbox 709 4530 1045 4628; x_wconf 90' lang='lat' dir='ltr'>Episcopi</span> <span class='ocrx_word' id='word_1_387' title='bbox 1097 4536 1386 4609; x_wconf 89' lang='lat' dir='ltr'>licentia</span> <span class='ocrx_word' id='word_1_388' title='bbox 1440 4536 1693 4608; x_wconf 88' lang='lat' dir='ltr'>abesse</span> <span class='ocrx_word' id='word_1_389' title='bbox 1731 4555 1773 4606; x_wconf 93' lang='lat' dir='ltr'>a</span> <span class='ocrx_word' id='word_1_390' title='bbox 1811 4534 1959 4606; x_wconf 90' lang='lat' dir='ltr'>suis</span> <span class='ocrx_word' id='word_1_391' title='bbox 1996 4534 2311 4607; x_wconf 88' lang='lat' dir='ltr'>ecclesiis</span> <span class='ocrx_word' id='word_1_392' title='bbox 2350 4532 2907 4626; x_wconf 80' lang='lat' dir='ltr'>parochialibuS,</span> 
     </span>
     <span class='ocr_line' id='line_1_40' title="bbox 222 4646 2912 4743; baseline -0.001 -24"><span class='ocrx_word' id='word_1_393' title='bbox 222 4673 270 4719; x_wconf 81' lang='lat'>›</span> <span class='ocrx_word' id='word_1_394' title='bbox 318 4648 570 4720; x_wconf 88' lang='lat' dir='ltr'>relicto</span> <span class='ocrx_word' id='word_1_395' title='bbox 623 4646 891 4719; x_wconf 91' lang='lat' dir='ltr'>ibidem</span> <span class='ocrx_word' id='word_1_396' title='bbox 963 4646 1350 4721; x_wconf 88' lang='lat' dir='ltr'>substituto</span> <span class='ocrx_word' id='word_1_397' title='bbox 1419 4649 1511 4721; x_wconf 94' lang='lat' dir='ltr'>ab</span> <span class='ocrx_word' id='word_1_398' title='bbox 1565 4649 1668 4721; x_wconf 91' lang='lat' dir='ltr'>eis</span> <span class='ocrx_word' id='word_1_399' title='bbox 1719 4647 2093 4743; x_wconf 88' lang='lat' dir='ltr'>deputato,</span> <span class='ocrx_word' id='word_1_400' title='bbox 2152 4652 2223 4719; x_wconf 87' lang='lat' dir='ltr'>et</span> <span class='ocrx_word' id='word_1_401' title='bbox 2283 4646 2359 4719; x_wconf 91' lang='lat' dir='ltr'>in</span> <span class='ocrx_word' id='word_1_402' title='bbox 2412 4647 2696 4720; x_wconf 88' lang='lat' dir='ltr'>civitate</span> <span class='ocrx_word' id='word_1_403' title='bbox 2763 4651 2912 4717; x_wconf 89' lang='lat' dir='ltr'>tam</span> 
     </span>
    </p>
   </div>
   <div class='ocr_carea' id='block_1_3' title="bbox 466 4790 2701 4849">
    <p class='ocr_par' dir='ltr' id='par_1_6' title="bbox 466 4790 2701 4849">
     <span class='ocr_line' id='line_1_41' title="bbox 466 4790 2701 4849; baseline -0.004 -8"><span class='ocrx_word' id='word_1_404' title='bbox 466 4796 650 4849; x_wconf 70' lang='lat' dir='ltr'>Lutum,</span> <span class='ocrx_word' id='word_1_405' title='bbox 686 4791 822 4840; x_wconf 63' lang='lat' dir='ltr'>Vixit.</span> <span class='ocrx_word' id='word_1_406' title='bbox 849 4791 992 4843; x_wconf 75' lang='lat' dir='ltr'>sacr.</span> <span class='ocrx_word' id='word_1_407' title='bbox 1020 4790 1159 4847; x_wconf 67' lang='lat' dir='ltr'>Lim„</span> <span class='ocrx_word' id='word_1_408' title='bbox 1189 4790 1308 4838; x_wconf 75' lang='lat' dir='ltr'>edit.</span> <span class='ocrx_word' id='word_1_409' title='bbox 1337 4790 1429 4837; x_wconf 87' lang='lat'>111.</span> <span class='ocrx_word' id='word_1_410' title='bbox 1465 4790 1564 4838; x_wconf 79' lang='lat' dir='ltr'>Vol.</span> <span class='ocrx_word' id='word_1_411' title='bbox 1595 4791 1634 4836; x_wconf 88' lang='grc' dir='ltr'>Ι.</span> <span class='ocrx_word' id='word_1_412' title='bbox 2647 4791 2701 4833; x_wconf 75' lang='lat'>25</span> 
     </span>
    </p>
   </div>
  </div>
 </body>
</html>
