3497 5235
579 270 697 333 274
1338 268 1707 328 humationis
1746 269 1799 327 8.
1828 269 2011 344 Gongr.
2039 269 2187 328 Oeno.
2225 269 2498 345 expositio.

579 404 986 490 Capitulum,
1036 402 1219 468 aliter
1262 402 1312 468 si
1362 401 1444 469 de
1491 404 1737 490 gremio
1784 412 1956 468 sunt.
2002 439 2044 450 -
2092 406 2202 468 22.
2254 401 2574 481 Quaedam
2636 422 2793 470 vero
2853 403 3245 472 conditiones

572 505 922 575 servandae
967 516 1140 583 sunt,
1192 504 1495 572 nimirum
1542 525 1624 572 ne
1672 504 2051 593 ceteroquin
2084 504 2312 572 eodem
2349 516 2643 593 tempore
2690 506 3071 574 substitutus
3119 509 3247 595 ipse

574 611 772 677 choro
816 609 1061 676 servire
1112 619 1426 687 teneatur,
1477 627 1559 675 ne
1599 607 1664 673 id
1701 607 1927 674 crebro
1961 607 2309 695 contingat,
2346 627 2429 675 ne
2461 609 2854 676 substituens
2887 610 3066 677 extra
3100 611 3247 677 civi·

577 724 798 789 tatem,
850 721 958 777 aut
1005 710 1141 777 eius
1185 710 1561 777 suburbium
1610 720 1931 786 versetur,
1989 729 2071 777 ne
2120 711 2241 778 hoc
2289 710 2682 778 beneficium
2729 710 2809 778 ad
2855 712 3251 779 coadiutores

579 814 987 882 extendatur.
1042 811 1458 879 Coadiutores
1521 830 1739 898 neque
1796 811 2225 891 substituere,
2277 832 2493 900 neque
2554 812 2851 880 substitui
2904 825 3184 900 queunt.
3216 851 3252 865 -

567 909 691 982 23.
728 919 837 981 24.
876 913 1249 981 Huiusmodi
1299 913 1698 981 conditiones
1745 913 1965 981 adesse
1998 914 2265 993 debere,
2318 914 2613 1003 pluribus
2663 917 2728 982 in
2775 936 2910 983 rem
2962 921 3024 986 S.
3068 921 3147 984 C.
3188 920 3246 984 C.

582 1015 1110 1085 declarationibus
1157 1017 1357 1082 allatis
1405 1016 1839 1084 confirmatur.
1876 1055 1920 1067 -
1952 1021 2062 1083 25.
2099 1017 2219 1083 Ubi
2266 1018 2647 1086 suburbium
2687 1038 2815 1086 non
2857 1019 3060 1098 adest,
3110 1019 3254 1086 sub-

580 1120 749 1188 urbii
797 1122 1008 1187 locum
1060 1130 1236 1186 tenet
1287 1121 1709 1197 territorium,
1758 1121 2026 1186 minime
2071 1139 2229 1187 vero
2279 1122 2515 1208 oppida
2562 1122 2959 1190 dioeceseos.
3012 1123 3253 1190 Substi-

581 1217 745 1289 tutio
792 1222 877 1290 ita
923 1222 1187 1290 extendi
1233 1241 1362 1288 non
1412 1224 1631 1301 debet,
1684 1234 1756 1290 ut
1805 1225 1945 1310 quis
1992 1233 2131 1289 toto
2178 1244 2342 1292 anno
2393 1245 2424 1290 a
2474 1224 2672 1292 choro
2718 1226 2900 1302 absit,
2947 1226 3066 1293 nisi
3100 1225 3253 1292 adsit

579 1326 943 1412 Apostolica
989 1326 1201 1392 venia.
1236 1363 1281 1375 -
1321 1329 1432 1392 26.
1469 1326 1770 1393 Canonici
1817 1327 2140 1394 honorarii
2188 1327 2484 1395 substitui
2533 1347 2661 1412 non
2707 1340 3023 1415 possunt;
3092 1329 3251 1395 bene

578 1448 735 1496 vero
782 1429 1057 1507 iubilati,
1110 1427 1459 1496 dummodo
1507 1448 1637 1497 non
1686 1439 2030 1495 teneantur
2079 1430 2389 1497 inservire
2440 1449 2562 1517 per
2605 1451 2698 1498 se.

729 1634 801 1703 2.
841 1628 1314 1732 Praecipuum
1364 1631 1675 1704 officium
1714 1632 2220 1704 canonicorum
2274 1641 2410 1722 est,
2456 1642 2536 1706 ut
2573 1635 2651 1705 in
2686 1632 2813 1706 Dei
2869 1634 3083 1707 domo
3138 1654 3258 1727 per

575 1742 1054 1835 ‚psalmodiam
1106 1750 1179 1816 et
1229 1740 1413 1836 Agni
1462 1742 1920 1832 sacrificium,
1979 1750 2352 1834 tamquam
2410 1744 2647 1818 almae
2711 1747 2944 1819 Sionis
2999 1747 3258 1820 aemuli

563 1857 686 1936 ‚illi
739 1855 1069 1928 coelitum
1122 1855 1276 1927 sedi
1330 1856 1746 1947 iungantur,
1806 1872 1994 1945 quae
2045 1857 2328 1947 semper
2384 1857 2609 1929 Deum
2661 1857 2931 1929 trinum
2982 1864 3053 1931 et
3103 1858 3259 1930 uni-

583 1988 744 2042 cum
786 1967 1185 2058 praedicat.
1229 1963 1550 2038 Iamvero
1588 1967 1680 2038 ad
1734 1967 1924 2039 hanc
1957 1985 2106 2037 rem
2159 1968 2295 2039 tria
2333 1968 2783 2059 potissimum
2830 1968 3089 2041 iisdem
3144 1987 3258 2041 ne·

587 2081 896 2153 cessaria
947 2085 1144 2166 sunt,
1185 2096 1470 2170 nempe,
1519 2086 1598 2152 ut
1648 2079 2082 2150 residentiae
2134 2078 2363 2170 legem
2421 2086 2735 2169 servent,
2791 2088 2871 2151 ut
2923 2100 3258 2171 praesen-

584 2199 696 2264 tes
746 2190 960 2263 choro
1012 2190 1278 2278 adsint,
1336 2197 1414 2262 ut
1465 2208 1633 2262 voce
1684 2194 1757 2263 et
1807 2196 2024 2262 cantu
2078 2190 2361 2263 chorale
2397 2192 2764 2264 servitium
2814 2192 3252 2282 persolvant.

587 2300 915 2393 Namque
968 2308 1047 2375 ut
1099 2322 1141 2372 a
1192 2302 1581 2374 residentia
1633 2302 2002 2374 exordium
2056 2302 2343 2392 ducam,
2388 2303 2643 2375 eadem
2679 2303 3004 2393 apprime
3059 2322 3259 2394 prae-

588 2415 848 2504 cipitur
876 2415 949 2484 in
983 2415 1153 2505 Cap.
1186 2409 1365 2495 Quia
1402 2414 1731 2485 nonnulli
1759 2412 1832 2486 3.
1867 2413 1949 2485 de
1980 2413 2162 2486 Cler.
2197 2403 2338 2484 ὴοη
2368 2432 2543 2496 res„
2577 2415 2746 2504 Cap.
2782 2411 3153 2487 Relatum.
3185 2416 3254 2488 4.

575 2525 735 2598 eod.
777 2526 928 2607 tit„
973 2526 1141 2615 Cap.
1184 2522 1678 2615 conquerente
1733 2525 1804 2598 6.
1868 2524 2020 2596 eod.
2078 2526 2189 2597 tit.
2257 2522 2349 2597 Et
2402 2522 2613 2598 Cone.
2672 2521 2864 2596 Trid.
2929 2544 3091 2619 cap.
3139 2526 3252 2600 12.

589 2638 912 2711 883324.
939 2639 1021 2710 de
1045 2639 1351 2730 Reform.
1394 2639 1492 2710 ita
1531 2638 1861 2710 sancivit:
1906 2634 2343 2710 «Praeterea
2373 2636 2869 2711 obtinentibus
2897 2640 2973 2709 in
3003 2639 3259 2711 iisdem

587 2776 624 2817 »
667 2749 1225 2835 cathedralibuS,
1269 2755 1394 2821 aut
1445 2749 1835 2841 collegiatis
1890 2750 2315 2840 dignitate5‚
2370 2752 2863 2839 canonicatuS‚
2905 2751 3262 2842 praeben-

586 2888 624 2933 »
667 2863 822 2951 das,
864 2869 990 2934 aut
1041 2862 1428 2953 portioneS‚
1470 2881 1616 2934 non
1662 2861 1871 2934 liceat
1923 2862 2161 2953 vigore
2199 2861 2585 2935 cuiuslibet
2619 2864 2873 2936 statuti
2926 2869 3053 2934 aut
3088 2882 3260 2934 con-

586 2999 624 3044 »
663 2974 1067 3046 suetudinis
1119 2974 1304 3045 ultra
1361 2979 1504 3045 tres
1555 2992 1838 3045 menses
1874 2972 1966 3044 ab
2020 2973 2286 3046 eisdem
2336 2974 2654 3046 ecclesiis
2690 2974 3014 3063 quolibet
3065 2993 3262 3046 anno

587 3110 626 3155 ›
667 3085 958 3157 abesse:
1015 3086 1232 3156 salvis
1268 3083 1733 3157 nihilominus
1787 3103 2030 3157 earum
2068 3086 2530 3157 ecclesiarum
2586 3086 3254 3174 constitutionibuS,

587 3222 626 3263 ι
667 3214 852 3286 quae
883 3197 1162 3288 longius
1187 3198 1455 3269 servitii
1494 3203 1778 3288 tempus
1814 3198 2229 3286 exquirunt.
2267 3222 2304 3263 »
2337 3193 2597 3287 Itaque
2635 3216 2792 3269 cum
2832 3195 2906 3268 S.
2933 3196 3008 3268 C.
3042 3196 3260 3271 Cone.

579 3308 657 3379 in
718 3309 1170 3380 Terracinen.
1212 3310 1334 3380 26.
1377 3304 1586 3381 Mart.
1632 3310 1848 3381 1853.
1905 3307 1979 3402 ξ.
2043 3308 2176 3381 Sed
2226 3316 2535 3392 contra,
2598 3310 2853 3383 subiici
2908 3312 3265 3385 concinne

567 3426 816 3511 potest
858 3443 895 3488 ‹
934 3417 1338 3511 Pervulgati
1371 3421 1546 3492 iuris
1582 3427 1716 3507 est,
1759 3420 2141 3492 canonicos
2176 3421 2290 3494 vel
2348 3422 2472 3511 qui
2512 3421 2726 3492 aliam
2763 3421 3268 3512 praebendam

571 3556 625 3601 .›
665 3532 938 3605 habent
989 3534 1064 3604 in
1115 3531 1433 3605 ecclesiis
1483 3531 2019 3605 cathedralibus
2070 3540 2142 3605 et
2193 3532 2584 3625 collegiatis
2647 3533 2739 3605 ad
2792 3534 3270 3606 residentiam

587 3673 626 3717 ι»
667 3647 1116 3737 personalem
1168 3644 1495 3735 obligari,
1535 3642 1831 3737 Pirhing
1882 3646 1959 3717 in
2012 3646 2166 3719 Lib.
2226 3647 2360 3718 III.
2419 3646 2568 3718 dec.
2626 3646 2738 3719 tit.
2795 3645 2867 3717 4.
2928 3666 3001 3717 n.
3040 3645 3121 3716 4.
3185 3645 3270 3717 de

587 3784 625 3829 >
670 3759 851 3832 Cler.
893 3776 1034 3828 non
1085 3755 1299 3828 resid.
1340 3752 1535 3837 Quae
1597 3757 1886 3846 quidem
1940 3776 2087 3828 non
2142 3758 2532 3830 materialis
2584 3764 2897 3845 tantum,
2940 3748 3063 3830 sed
3125 3756 3274 3828 for-

565 3888 626 3938 ·»
666 3869 874 3941 malis
924 3886 1080 3939 esse
1135 3866 1376 3955 debet,
1419 3886 1576 3938 cun]
1631 3868 2026 3958 personalis
2081 3887 2339 3961 nempe
2393 3870 2707 3940 muneris
2761 3869 3132 3955 exercitiO,
3194 3869 3275 3937 in

589 4005 628 4050 ›
668 3981 860 4072 quod
914 3981 1068 4070 ipsa
1121 3978 1508 4052 residentia
1562 3981 1959 4054 ordinatur.
2016 3977 2236 4051 Barb.
2294 3982 2373 4052 in
2432 3983 2580 4054 Iur.
2648 3985 2823 4057 Can.
2870 3982 3040 4056 Coll.
3091 3982 3269 4052 DD.

586 4117 624 4162 >
666 4094 741 4164 in
795 4093 915 4164 lib.
959 4089 1030 4162 3.
1074 4090 1328 4163 decret.
1386 4092 1462 4162 in
1515 4111 1770 4164 summ.
1822 4112 1896 4164 n.
1936 4092 2010 4165 8.
2068 4088 2441 4165 Neminem
2496 4112 2669 4166 sane
2724 4096 2928 4182 latet,
2984 4093 3281 4164 benefi-

587 4231 626 4275 >
666 4205 853 4277 cium
908 4203 1120 4276 officii
1182 4223 1400 4277 causa
1452 4223 1607 4275 esse
1662 4205 2070 4277 institutum
2102 4255 2121 4292 ‚
2189 4224 2273 4277 ac
2324 4211 2704 4297 propterea
2749 4208 3131 4298 propriam
3191 4222 3284 4274 ac

586 4340 625 4386 »
656 4316 1093 4408 praecisam,
1130 4316 1238 4388 uti
1289 4322 1572 4405 vocant,
1615 4334 1758 4387 non
1811 4316 2259 4388 causativa-m
2296 4317 2760 4390 residentiam
2817 4324 3099 4389 tantum
3164 4332 3288 4387 re-

586 4453 625 4498 »
666 4430 851 4519 quiri
889 4430 963 4501 in
989 4429 1386 4519 beneficiis,
1429 4447 1615 4520 quae
1652 4430 2019 4502 servitium
2058 4427 2251 4499 chori
2292 4426 2569 4501 babent
2606 4430 2682 4501 in
2710 4426 3108 4502 cathedrali
3152 4425 3283 4498 vel

584 4562 623 4612 ›
664 4540 1035 4631 collegiata
1072 4542 1392 4614 ecclesia.
1436 4537 1542 4637 (S.
1568 4538 1642 4612 C.
1674 4541 1747 4612 in
1775 4543 2037 4614 Lucen.
2072 4540 2138 4609 1.
2165 4537 2375 4611 Febr.
2408 4541 2623 4614 1766.
2656 4539 2731 4635 ἓ.
2765 4543 3140 4617 commun.
3152 4534 3223 4634 ).
3237 4564 3279 4607 »

571 4648 797 4727 Porro
831 4654 1198 4726 causativa
1231 4652 1618 4727 residentia
1654 4652 1927 4745 duplici
1978 4671 2196 4726 sensu
2245 4652 2618 4745 accipitur,
2661 4670 2919 4744 nempe
2968 4651 3284 4742 quoties
