3497 5235
1018 328 1138 404 0⁸1».
1164 331 1260 390 111.
1305 332 1374 389 D·
1415 332 1548 389 clero
1590 332 1857 390 utconlu-i.
1901 332 1954 405 ἓ.
1981 332 2031 388 6.
2734 326 2848 388 391

232 463 627 534 residentiae
681 468 1081 555 praecepto.
1137 462 1240 538 Ne
1293 467 1533 557 pigeat
1587 465 1722 537 hac
1772 466 1859 537 de
1916 484 1989 537 re
2043 464 2529 537 doctissimum
2583 460 2861 553 Fagna-

234 593 372 645 num
424 574 700 645 audire.
762 599 798 639 «
829 573 1130 664 Quaero,
1165 573 1302 671 (sic
1354 578 1504 668 ipse
1542 578 1614 648 in
1655 578 1822 668 Cap.
1866 574 2168 649 Clericos
2203 577 2286 648 de
2321 577 2487 647 cler.
2531 594 2671 645 non
2715 593 2852 644 reS.

235 683 353 779 ›§.
387 686 511 757 22.
554 691 621 758 et
671 682 848 779 seq.)
901 706 993 758 an
1048 688 1402 778 parochus
1453 694 1829 759 excusetur
1874 707 1913 759 a
1950 688 2335 761 residentia
2388 693 2676 777 propter
2727 684 2862 756 ini-

233 823 262 863 »
294 791 622 869 micitias‘}
675 794 1132 890 Respondeo,
1190 800 1540 888 excusari,
1582 800 1641 871 si
1689 799 2101 871 inimicitiae
2154 800 2298 870 sint
2350 797 2718 887 capitaleS,
2761 798 2858 867 ita

231 933 260 975 ι
291 916 356 982 ut
388 909 482 980 ad
522 907 892 981 ecclesiam
945 910 1175 982 redire
1214 930 1356 982 non
1395 911 1723 983 audeat»
1766 906 1970 1006 (Cap.
2013 913 2282 991 Bonae,
2320 908 2402 980 de
2439 909 2656 980 Elect.
2699 926 2861 979 cum

228 1020 490 1110 reliquis
545 1020 862 1093 textibus
897 1027 968 1092 et
1005 1021 1366 1093 doctorum
1405 1041 1445 1092 a
1480 1020 1819 1114 Fagnano
1872 1017 2307 1115 cumulatis).
2368 1042 2406 1085 ‹
2437 1015 2528 1090 Et
2565 1020 2635 1090 in
2672 1019 2861 1090 hanc

233 1132 712 1203 »seutentiam
778 1130 926 1227 (ita
998 1131 1185 1203 idem
1255 1134 1485 1224 pergit
1536 1153 1611 1205 η.
1650 1130 1813 1227 25.)
1869 1133 2151 1222 saepius
2222 1131 2586 1222 respondit
2657 1128 2728 1200 S.
2778 1127 2851 1200 C.

230 1267 259 1309 ι
289 1240 524 1331 Conc.,
568 1261 753 1333 quae
806 1244 880 1314 in
931 1243 1042 1315 his
1095 1245 1380 1317 casibus
1416 1248 1783 1319 consuevit
1821 1245 1993 1318 dare
2031 1245 2274 1316 literas
2312 1244 2404 1316 ad
2440 1241 2854 1334 Episcopus,

233 1377 262 1419 ι
292 1360 385 1441 ut,
427 1355 489 1425 si
526 1371 735 1425 verae
769 1355 914 1425 sint
951 1361 1019 1427 et
1050 1374 1297 1446 graves
1334 1358 1773 1446 inimicitiae,
1806 1375 1991 1446 quae
2027 1361 2440 1445 narrantur,
2483 1362 2552 1425 et
2587 1353 2862 1442 absque

229 1488 258 1530 ι
290 1464 574 1554 parochi
628 1464 864 1556 culpa,
921 1471 991 1537 et
1046 1474 1433 1556 antequam
1487 1467 1858 1539 ecclesiam
1910 1467 2218 1538 obtinuit
2276 1472 2590 1553 exortae,
2649 1481 2863 1554 super

228 1600 259 1644 ›
292 1577 548 1667 quibus
596 1574 930 1668 Episcopi
980 1580 1411 1650 conscientia
1465 1585 1827 1666 oneratur,
1885 1578 2298 1650 dilationem
2354 1578 2417 1649 ei
2473 1578 2621 1665 det,
2670 1575 2860 1647 utin

226 1715 258 1756 ›
292 1691 421 1761 alio
476 1691 720 1762 tutiori
772 1708 855 1761 ac
907 1691 1224 1761 viciniori
1280 1690 1430 1761 loco
1500 1708 1789 1761 manere
1841 1692 2109 1781 possit,
2177 1688 2608 1760 durantibus
2658 1686 2865 1758 dum-

226 1824 254 1865 »
290 1806 483 1873 taxat
538 1800 954 1887 inimicitiiS,
996 1800 1164 1872 dum
1219 1807 1458 1873 tamen
1512 1820 1656 1872 non
1712 1802 1899 1873 ultra
1938 1820 2062 1872 sex
2100 1818 2379 1871 menses
2417 1798 2702 1869 durent.
2744 1792 2865 1866 In-

224 1917 480 1983 »terea
538 1912 1170 1982 autemvicarium
1222 1911 1559 1984 idoneum
1614 1914 1686 1983 in
1741 1912 1864 1983 illa
1916 1913 2212 1984 ecclesia
2267 1911 2653 1982 constituat
2696 1904 2864 1999 Epi-

219 2044 249 2089 »
287 2041 568 2113 scopuS,
626 2024 987 2114 assignata
1042 2024 1105 2094 ei
1159 2041 1469 2115 congrua
1515 2024 1839 2113 portione
1876 2043 1961 2095 ex
1997 2022 2347 2096 reditibus
2386 2021 2750 2108 ecclesiae,
2792 2024 2861 2090 et

224 2158 256 2199 ι»
290 2141 531 2224 partes
582 2135 799 2206 etiam
851 2153 1017 2206 suas
1069 2135 1499 2225 interponat,
1540 2142 1612 2206 et
1663 2153 1945 2207 omnem
1997 2135 2438 2225 diligentiam
2494 2131 2860 2219 adhibeat,

214 2267 246 2309 ι
287 2253 359 2317 ut
430 2250 588 2319 tuto
656 2245 877 2334 possit
937 2245 1246 2317 residere
1309 2246 1686 2337 parochus.
1761 2243 1961 2327 Quod
2015 2246 2074 2315 si
2145 2247 2332 2316 intra
2403 2262 2529 2316 sex
2583 2260 2864 2314 menses

215 2380 247 2419 »
287 2356 594 2428 necdum
649 2355 941 2427 sedatae
993 2358 1136 2428 sint
1187 2357 1627 2442 inimicitiae,
1685 2356 2010 2428 rescribit
2061 2353 2442 2448 EpiscopO,
2482 2361 2563 2425 ut
2606 2354 2729 2425 det
2767 2352 2868 2423 illi

216 2491 248 2530 »
284 2485 408 2537 sex
467 2467 820 2538 mensium
871 2468 1465 2559 prorogationem,
1523 2468 1845 2559 repetitis
1898 2467 2259 2554 omnibuS,
2318 2482 2502 2555 quae
2556 2466 2630 2534 in
2683 2464 2867 2554 prio-

215 2602 247 2642 »
285 2577 489 2650 ribus
541 2578 764 2650 literis
818 2577 1408 2667 continebantur,
1465 2586 1536 2651 et
1588 2581 1741 2652 sine
1795 2596 1917 2670 spe
1973 2578 2268 2651 alterius
2320 2575 2865 2668 prorogationiS,

213 2712 246 2755 ›
286 2709 476 2779 quae
547 2691 903 2762 rarissime
973 2691 1409 2763 conceditur.
1449 2718 1485 2758 ι»
1541 2689 1698 2763 Non
1751 2697 1857 2763 est
1927 2699 2166 2763 autem
2236 2685 2863 2780 praetereundum,

203 2801 392 2890 quod
449 2819 827 2891 progressu
901 2804 1239 2893 temporis
1307 2802 1713 2875 huiusmodi
1768 2804 1954 2893 rigor
2005 2808 2440 2892 temperatus
2493 2805 2641 2886 est3
2700 2815 2867 2868 nam

202 2918 479 2984 constat
519 2930 605 2983 ex
652 2913 1020 2984 Tiburtina
1058 2908 1331 2984 Indulti
1371 2914 1438 2984 7.
1483 2911 1678 3003 Sept.
1718 2914 1898 2984 1757
1914 2966 1961 3000 .‚
2004 2913 2337 3003 paroch0,
2381 2910 2469 2982 de
2507 2928 2648 3000 quo
2686 2906 2868 2979 inibi

197 3040 308 3093 res
366 3029 525 3110 est,
582 3022 952 3095 absentiae
1019 3024 1375 3096 indultum
1431 3025 1572 3094 iam
1627 3024 1716 3094 ad
1770 3043 2039 3095 annum
2092 3040 2541 3109 concessum,
2598 3020 2866 3113 pluries

193 3138 660 3226 prorogatum
713 3134 959 3223 fuisse,
1018 3135 1351 3225 idemque
1403 3135 1784 3224 repetitum
1841 3153 1926 3205 ex
1964 3135 2395 3206 resolutione
2452 3134 2523 3202 S.
2567 3129 2869 3221 Congre-

194 3247 511 3336 gationis
563 3245 799 3337 plenis
852 3246 1152 3318 comitiis
1204 3247 1464 3318 elicita.
1541 3246 1785 3317 Simile
1848 3247 2249 3337 exemplum
2305 3243 2601 3336 praebet
2653 3244 2867 3315 etiam

188 3351 259 3427 S.
306 3355 387 3430 C.
434 3353 675 3447 Episc.
718 3364 786 3429 et
840 3352 1096 3447 Regul.
1140 3359 1213 3429 in
1267 3360 1573 3432 Massen.
1633 3357 1703 3426 4.
1743 3355 1969 3446 April.
2018 3359 2229 3430 1851.

339 3468 521 3539 234.
581 3464 793 3538 Ratio
847 3475 1111 3555 autem,
1168 3488 1293 3541 cur
1346 3468 1416 3539 S.
1452 3466 1525 3539 C.
1584 3467 1673 3539 ob
1730 3469 2138 3540 inimicitias
2189 3467 2471 3539 indulta
2526 3473 2867 3558 perpetua

183 3596 340 3652 non
404 3579 792 3668 impertiat,
835 3596 919 3649 ea
970 3585 1079 3650 est
1114 3598 1199 3650 ex
1237 3581 1658 3651 auctoritate
1694 3578 2015 3671 Fagnani
2052 3575 2095 3672 (
2111 3581 2240 3651 loc.
2276 3580 2399 3651 cit.
2442 3599 2636 3651 num.
2668 3573 2870 3673 27),

185 3690 394 3780 quod
452 3708 494 3760 a
548 3686 760 3761 Conc.
803 3685 993 3759 Trid.
1040 3691 1218 3762 Sess.
1281 3689 1349 3764 6.
1410 3710 1565 3781 cap.
1624 3692 1697 3763 2.
1756 3692 1838 3763 de
1901 3692 2206 3783 Reform.
2265 3692 2513 3762 eadem
2584 3689 2871 3761 sublata

179 3808 419 3873 sunt:
477 3800 648 3872 hinc
706 3799 898 3872 «ubi
968 3803 1381 3874 inimicitiae
1434 3809 1603 3874 sunt
1673 3804 2147 3875 verisimiliter
2219 3803 2605 3874 duraturae
2655 3797 2874 3895 (sunt

179 3938 219 3980 ›
270 3910 511 3984 verba
551 3906 947 4003 Fagnani),
987 3919 1067 3983 ut
1104 3914 1516 3985 consulatur
1553 3933 1765 3986 curae
1812 3917 2236 4003 animarum,
2282 3912 2729 3985 inducendus
2766 3916 2873 3983 est

178 4049 214 4091 »
258 4022 645 4116 parochus
697 4022 789 4093 ad
841 4024 1351 4114 resignandum
1406 4026 1516 4096 vel
1569 4026 2179 4115 permutandum3
2246 4031 2317 4096 et
2370 4025 2467 4096 ita
2520 4022 2871 4114 parochus

169 4161 210 4202 a>
257 4135 590 4226 punitur
637 4135 792 4206 sine
845 4133 1083 4224 culpa,
1140 4135 1264 4205 sed
1320 4154 1461 4206 non
1517 4138 1668 4208 sine
1721 4156 1962 4208 causa.
2000 4163 2035 4203 »

339 4246 527 4316 235.
586 4243 841 4318 Contra
895 4246 1281 4340 parochos,
1342 4249 1464 4337 qui
1515 4249 1668 4319 sine
1723 4246 2123 4339 Superioris
2174 4246 2523 4339 permissu
2574 4263 2615 4317 a
2665 4263 2874 4339 paro-

163 4356 429 4430 chiali
479 4358 787 4430 statione
825 4359 1069 4450 procul
1111 4358 1405 4444 absunt,
1448 4363 1597 4428 tum
1636 4359 1787 4429 iure
1824 4358 2211 4446 communi,
2255 4353 2402 4427 tum
2439 4352 2873 4428 Tridentinis

163 4468 521 4544 decretis
574 4475 807 4540 certae
862 4475 1174 4541 statutae
1227 4475 1397 4539 sunt
1446 4486 1744 4558 poenae,
1788 4468 1878 4540 de
1913 4467 2178 4557 quibus
2233 4467 2438 4539 modo
2472 4484 2871 4539 sermonem

156 4580 694 4674 aggredimur.
735 4577 888 4652 Hac
922 4581 1010 4652 de
1047 4598 1122 4652 re
1160 4580 1345 4651 clare
1397 4578 1644 4650 scribit
1679 4579 1768 4650 de
1799 4576 2035 4670 Nigris
2069 4579 2153 4650 cle
2186 4599 2342 4651 vac.
2384 4579 2604 4665 benef.
2647 4578 2766 4648 lib.
2790 4577 2865 4649 2.

141 4711 359 4785 cap-
418 4692 491 4761 5.
529 4710 604 4763 η.
650 4690 718 4762 6.
760 4699 826 4765 et
858 4696 1162 4782 sequent.
1205 4690 1349 4762 ibi:
1412 4714 1448 4755 «ι
1478 4686 1679 4772 Quod
1714 4709 1881 4763 vero
1918 4692 2168 4762 attinet
2206 4690 2295 4762 ad
2333 4691 2677 4782 parochos
2713 4688 2872 4783 (ab-
