3497 5235
1069 298 1191 372 ⁰⁸1*-
1219 298 1318 356 111.
1358 298 1430 355 Do
1472 298 1606 356 clm
1646 296 1918 356 sutulari.
1958 296 2013 370 §-
2038 295 2084 354 1.
2796 293 2916 357 289

282 433 732 524 persolvendis
765 433 1219 523 punctaturis
1271 431 1362 504 ad
1415 433 1688 505 reditus
1724 431 2181 523 praebendae
2233 450 2319 503 ex
2371 432 2545 503 iuris
2583 432 2916 504 remediis

281 544 655 637 confugium
709 542 977 616 habere
1028 544 1269 616 liceat.

397 660 509 729 35.
566 651 984 728 Tridentina
1036 653 1365 746 Synodus
1415 656 1605 728 hanc
1641 655 1731 727 de
1782 654 2409 728 distributionibus
2462 656 2914 749 disciplinam

273 770 516 842 institui
568 767 778 838 iussit
852 785 999 838 non
1065 767 1294 839 solum
1365 769 1438 839 in
1493 766 1880 858 Capitulis,
1941 767 2062 838 ubi
2141 767 2383 839 nullae
2453 774 2622 840 sunt
2677 769 2918 841 distri-

272 881 599 966 buliones,
655 879 784 951 sed
834 879 1049 950 etiarn
1105 879 1228 950 ubi
1282 888 1451 953 sunt
1503 881 1601 951 ita
1655 886 1953 967 tenueS,
2008 885 2089 950 ut
2138 880 2617 952 verisimiliter
2686 880 2918 971 negli-

271 999 518 1084 gantur.
561 986 820 1079 Itaque
855 991 930 1061 in
972 990 1310 1063 Giennen.
1354 993 1651 1066 Distrib.
1702 988 1923 1084 (quae
1961 992 2218 1084 legitur
2256 993 2328 1062 in
2375 992 2709 1090 Thesaur.
2755 994 2910 1066 Res.

269 1111 407 1177 tom.
438 1103 508 1178 9.
550 1103 649 1175 ad
685 1124 810 1175 an.
846 1101 1063 1176 1740.
1110 1125 1190 1194 p.
1235 1103 1443 1201 437.)
1481 1124 1640 1177 cum
1694 1103 2278 1177 distributionum
2316 1105 2630 1176 tenuitas
2666 1124 2708 1174 a
2745 1123 2914 1177 con-

273 1215 734 1288 stitutionibus
766 1216 1148 1305 praefinita
1201 1218 1562 1289 canonicis
1614 1234 1866 1288 ansam
1902 1214 2278 1306 praeberet
2315 1233 2435 1286 eas
2474 1215 2908 1307 negligendi,

276 1334 332 1399 et
375 1327 660 1399 chorum
697 1326 1101 1415 deserendi,
1143 1330 1215 1399 S.
1250 1327 1324 1400 C.
1366 1327 1613 1417 Conc.,
1671 1327 2085 1421 posthabita
2139 1329 2511 1399 sanctione
2565 1328 2913 1400 constitu-

274 1440 512 1510 tionum
564 1439 1101 1529 capitularium,
1158 1440 1547 1512 declaravit
1598 1441 1714 1512 die
1766 1441 1887 1512 24.
1928 1436 2146 1532 April.
2192 1440 2406 1513 1700:
2469 1427 2914 1512 servandam

272 1570 388 1622 esse
431 1550 956 1642 dispositionem
1024 1551 1286 1624 Concil.
1356 1552 1672 1625 Trident.
1729 1571 1890 1643 cap.
1949 1550 1998 1625 3
2059 1553 2238 1625 Sess,
2279 1552 2400 1624 21.
2459 1552 2541 1623 de
2598 1552 2907 1641 Reform.

273 1660 412 1733 Cum
463 1680 627 1735 vero
679 1665 1003 1736 canonici
1041 1671 1549 1755 provocassent
1600 1663 1691 1734 ab
1726 1664 1866 1735 hac
1900 1663 2408 1751 declaratione,
2448 1680 2650 1734 sacer
2684 1660 2906 1768 Ordo,

273 1791 454 1846 causa
506 1775 765 1846 iterum
817 1778 1209 1865 proposita,
1267 1777 1500 1848 iussit:
1563 1799 1601 1842 ι
1634 1776 1950 1848 Firmari
2003 1781 2265 1849 statum
2317 1775 2709 1866 specificam
2761 1780 2915 1847 tam

270 1884 618 1966 redituum,
670 1905 887 1977 quam
936 1905 1228 1959 onerum
1278 1894 1344 1960 et
1393 1906 1863 1979 expensarum
1894 1910 1968 1969 ι,
2013 1905 2102 1959 ex
2150 1905 2290 1976 quo
2342 1891 2568 1978 patet,
2625 1884 2696 1958 S.
2730 1883 2916 1957 Con-

272 1999 717 2088 gregationem
756 1999 930 2070 iuris
981 1999 1411 2091 principium
1468 2000 1541 2071 i‘n
1578 1999 1879 2071 dubium
1936 2017 2081 2070 non
2131 2016 2526 2086 revocasse,
2568 1997 2694 2070 sed
2749 2004 2914 2069 tan-

272 2114 598 2186 tummodo
635 2112 914 2185 edoceri
952 2114 1261 2186 voluisse
1315 2115 1403 2187 de
1456 2132 1622 2186 vero
1674 2133 1757 2184 ac
1809 2114 1983 2185 reali
2023 2112 2600 2203 praebendarum
2654 2129 2904 2199 censu,

271 2229 337 2292 ut
378 2225 616 2296 tertiae
673 2224 899 2314 partis
948 2227 1473 2316 separationem
1529 2226 1932 2297 accuratius
1971 2224 2244 2314 absque
2281 2225 2598 2315 periculo
2651 2226 2909 2296 erroris

271 2338 528 2426 exsequi
580 2344 849 2427 posset.
906 2335 1231 2410 Ceterum
1286 2356 1429 2411 non
1482 2344 1792 2426 constat,
1832 2355 2122 2412 causam
2177 2338 2432 2410 iterum
2470 2338 2906 2429 propositam

269 2442 483 2520 fuisse.

388 2561 501 2633 36.
556 2557 866 2653 Regula,
925 2580 1140 2653 quam
1195 2564 1398 2655 sequi
1436 2567 1740 2653 oportet,
1785 2567 1863 2635 ut
1918 2562 2237 2653 dignosci
2292 2567 2538 2654 queat,
2584 2562 2911 2651 quando·

264 2690 406 2743 nam
455 2680 711 2747 tenues
763 2693 802 2747 e
852 2677 1212 2748 sententia
1274 2677 1452 2766 legis
1521 2676 1871 2748 dicendae
1937 2676 2082 2747 sint
2159 2674 2749 2761 distributioneS,
2809 2674 2909 2746 ita

261 2785 627 2875 explicatur
679 2788 754 2857 in
808 2786 973 2859 folio
1026 2788 1426 2859 Ariminen.
1491 2788 1788 2860 Distrib.
1836 2789 1924 2859 18
1976 2783 2315 2859 Decemb.
2365 2786 2577 2857 1847.
2610 2783 2682 2879 ξ.
2720 2787 2911 2856 Par-

258 2896 438 2967 tium:
495 2920 534 2964 ‹
573 2895 706 2969 Hic
757 2901 900 2970 iam
955 2901 1202 2988 quaeri
1257 2906 1540 2988 posset,
1601 2918 1958 2990 quaenam
2010 2899 2255 2991 regula
2325 2904 2483 2971 tuto
2533 2896 2906 2985 sequenda

263 3027 293 3072 ›
327 3008 390 3079 in
439 3008 952 3101 dignoscenda,
986 3010 1447 3100 quandonam
1504 3018 1759 3083 tenues
1796 3013 1869 3082 in
1907 3030 2125 3082 sensu
2163 3010 2337 3100 legis
2374 3008 2723 3079 dicendae
2759 3008 2905 3079 sint

260 3117 878 3210 ›distributiones,
919 3130 998 3195 ut
1051 3122 1248 3194 locus
1301 3123 1425 3194 fiat
1463 3123 1782 3194 eiusdem
1840 3122 2014 3213 legis
2067 3120 2543 3210 dispositioni.
2586 3116 2737 3190 Hac
2788 3138 2909 3190 su-

258 3246 436 3319 »per
501 3249 576 3303 re
648 3232 1053 3305 audiendus
1113 3231 1429 3304 Barbosa
1530 3233 1703 3307 Coll.
1769 3234 1969 3305 Doct.
2029 3235 2105 3305 in
2189 3234 2395 3307 Cone.
2462 3231 2712 3311 Trid.,
2782 3232 2905 3320 qui

252 3362 289 3405 ›
319 3351 801 3416 commentans
835 3345 1038 3416 relati
1078 3346 1331 3438 capitis
1368 3348 1439 3417 3.
1475 3342 1662 3418 Sess.
1689 3347 1811 3417 21.
1846 3345 1935 3418 de
1964 3343 2281 3417 Reform.
2317 3343 2564 3415 verba:
2605 3349 2680 3415 ut
2710 3362 2909 3415 vero—

248 3454 634 3526 ›similiter
688 3456 1185 3548 neqliqantur,
1237 3457 1417 3529 haec
1468 3458 1686 3530 tradit
1747 3477 1946 3528 num.
2004 3457 2096 3528 4:
2185 3458 2311 3530 Ubi
2371 3461 2603 3528 autem
2682 3460 2909 3527 essent

244 3584 283 3628 ›
316 3564 830 3639 distributiones
867 3569 1274 3660 sufficientes
1311 3589 1395 3641 ac
1432 3569 1859 3652 tolerabiles,
1896 3570 2182 3642 tertiam
2225 3574 2507 3661 partem
2540 3569 2906 3658 fructuum

240 3694 280 3740 »
313 3677 867 3764 praebendarum
919 3680 1430 3771 applicandam
1482 3681 2094 3753 distributionibus
2148 3681 2424 3753 detrahi
2476 3700 2616 3751 non
2670 3698 2903 3769 posse,

236 3806 279 3849 ›
319 3786 519 3875 refert
554 3790 942 3861 resolutum
971 3810 1017 3861 a
1050 3788 1346 3880 Piasec.,
1380 3790 1651 3880 Zerola,
1683 3790 1953 3865 Ricci0.
1989 3790 2060 3863 S.
2094 3801 2335 3864 autem
2372 3790 2588 3883 Cong.
2632 3792 2703 3861 in
2735 3792 2905 3862 Are-

232 3920 274 3961 »
318 3897 462 3968 tina
497 3899 569 3969 6.
618 3899 782 3991 Apr.
832 3901 1043 3972 1695.
1102 3903 1403 3985 censuit,
1458 3906 1564 3975 ita
1599 3904 1876 3977 demum
1921 3924 2120 3996 posse
2157 3905 2575 3996 Episcopum
2619 3902 2904 3973 tertiam

227 4032 269 4073 ›
314 4026 393 4078 ex
434 4012 972 4102 praepositurae
1013 4014 1360 4103 fructibus
1405 4023 1686 4106 partem
1738 4018 1814 4088 in
1867 4017 2393 4089 distributiones
2447 4015 2900 4106 quotidianas

214 4141 258 4187 ›
306 4126 698 4194 convertere
751 4123 987 4215 viqore
1037 4143 1194 4217 cap.
1235 4123 1307 4197 3.
1356 4128 1532 4198 Sess.
1573 4127 1736 4210 22.,
1790 4129 1851 4199 si
1904 4128 2427 4199 distributiones
2473 4125 2902 4197 cathedralis

215 4254 258 4296 »
303 4233 637 4305 Aretinae
688 4233 795 4306 ita
846 4241 1081 4307 tenues
1136 4239 1313 4319 sint,
1364 4243 1444 4310 ut
1494 4239 1992 4311 verosimiliter
2043 4239 2532 4331 neqliqantur,
2585 4238 2903 4327 alioquin

207 4366 251 4412 ›
299 4345 604 4416 remedio
642 4346 839 4417 illius
875 4367 1032 4440 cap.
1065 4346 1137 4419 3.
1180 4351 1285 4421 uti
1324 4350 1553 4441 ipsum
1589 4370 1728 4421 non
1774 4370 1999 4440 posse.
2029 4374 2066 4417 »
2122 4347 2546 4441 Nupcrrime
2598 4349 2669 4419 in
2709 4349 2900 4420 dicta

204 4455 619 4528 Ariminen.
684 4458 911 4532 Distr.
976 4460 1090 4529 18.
1152 4457 1521 4533 Decembr.
1585 4460 1799 4532 1847.
1859 4460 2246 4532 canonicus
2297 4458 2679 4543 Perticari‚
2736 4460 2902 4532 licet

196 4566 635 4659 praebenda
673 4576 928 4641 auctus
975 4576 1191 4660 esset,
1229 4573 1434 4645 cuius
1488 4578 1879 4663 proventus
1931 4576 2207 4643 scutata
2263 4573 2358 4643 80
2411 4572 2894 4663 attingebant,

200 4687 286 4752 et
354 4687 595 4752 contra
650 4681 772 4752 alii
825 4682 1152 4753 canonici
1220 4684 1444 4755 multo
1498 4684 1752 4756 minori
1804 4683 2040 4756 reditu
2102 4684 2548 4776 potirentur,
2605 4704 2897 4776 unaque

446 4831 624 4887 Luem,
660 4831 798 4880 Visit.
825 4832 964 4878 Sacr.
996 4830 1137 4886 Lim„
1165 4831 1282 4878 edit.
1317 4831 1408 4877 111.
1444 4832 1542 4881 Vol.
1572 4833 1613 4879 1.
2631 4838 2683 4880 19
