3497 5235
811 302 1089 376 Appendix.
1128 299 1201 358 De
1238 297 1609 358 Sanctissimae
1648 292 2009 354 Eucharistiae
2049 291 2382 368 expositione.
2805 281 2919 348 109

287 438 380 511 die
442 438 552 510 19.
598 435 905 530 Augusti
955 457 1143 511 anno
1200 439 1412 510 1561.
1471 435 1701 508 edicto
1753 433 2040 521 sanxit3
2098 450 2313 512 nono,
2350 434 2431 501 ut
2466 424 2794 500 sacerdos
2829 423 2922 496 ad

290 550 462 622 aliud
514 549 743 622 altare
799 553 1088 623 Sacrum
1143 550 1506 634 facturuS,
1581 565 1739 620 cum
1810 552 1978 618 ante
2038 544 2352 617 divinam
2403 536 2925 613 Eucharistiam

286 662 703 754 pertransit,
760 663 954 734 illam
1023 664 1226 735 flexis
1297 660 1598 755 genibus
1669 664 2058 752 apertoque
2127 657 2358 747 capite
2418 653 2713 738 adoret;
2788 666 2929 739 quo

287 773 525 848 deinde
578 780 798 863 tecto,
856 782 1266 866 susceptum
1320 776 1454 845 iter
1503 775 2006 863 prosequatur,
2046 769 2152 840 uti
2186 767 2434 840 eadem
2472 761 2932 856 congregatio

287 886 381 959 die
431 885 502 956 7.
548 883 991 979 Septembris
1028 905 1219 957 anno
1259 886 1470 958 1636.
1516 883 1929 969 constituit;
1986 880 2281 961 decimo,
2315 879 2375 949 si
2411 874 2666 949 Missae
2703 873 2935 946 Sacri-

287 996 506 1070 ficium
562 1015 782 1090 super
831 999 985 1090 ipso
1037 999 1246 1070 altari
1273 995 1795 1071 ‘celebrandum
1847 994 1966 1081 sit,
2022 993 2095 1064 in
2150 1009 2291 1083 quo
2316 990 2646 1082 ,divinum
2681 984 2933 1059 Sacra-

288 1118 592 1181 mentum
647 1111 1045 1203 expositum
1083 1109 1322 1198 fuerit,
1362 1108 1692 1181 sacerdos
1729 1104 1821 1178 ab
1859 1102 2068 1177 altari
2104 1102 2516 1190 descendat,
2558 1107 2637 1173 ut
2671 1115 2928 1171 manus

285 1219 550 1310 abluat,
606 1221 1025 1311 vultumque
1075 1222 1167 1296 ad
1219 1223 1559 1314 populum
1614 1222 2007 1302 convertat,
2064 1214 2254 1307 quod
2307 1213 2528 1304 aliqui
2580 1229 2754 1283 sane
2806 1227 2931 1282 ne-

290 1333 581 1426 gligunt,
633 1332 796 1404 licet
847 1329 1335 1405 Eucharistiae
1372 1332 1732 1425 dignitati,
1774 1328 2105 1416 rubricis,
2146 1324 2656 1415 Romanaeque
2689 1321 2933 1395 Eccle-

286 1445 414 1516 siae
467 1443 974 1516 consuetudini
1027 1446 1315 1516 omnino
1364 1443 1770 1530 conveniat,
1830 1442 1930 1514 uti
1985 1438 2287 1513 Macrius
2333 1444 2520 1510 recte
2558 1433 2939 1527 perpendit

287 1550 543 1651 (Macri
595 1557 675 1627 in
710 1557 967 1630 notitia
1002 1558 1493 1630 vocabulorum
1531 1555 2183 1630 Ecclesiastieorum
2217 1552 2313 1625 ad
2346 1551 2627 1625 verbum
2661 1546 2944 1620 Eucha-

288 1668 556 1763 ristia);
596 1668 993 1751 undecimo,
1028 1671 1086 1740 si
1127 1671 1201 1742 in
1242 1666 1814 1761 Metropolitana,
1855 1672 1982 1738 aut
2017 1665 2340 1755 qualibet
2386 1664 2525 1734 alia
2560 1658 2944 1753 Collegiata

291 1787 682 1871 exponatur
734 1777 1206 1868 Eucharistia,
1254 1779 1589 1852 Canonici
1644 1786 1714 1851 et
1768 1779 2024 1868 reliqui
2076 1793 2324 1848 omnes
2375 1781 2676 1862 stanteS,
2718 1771 2945 1843 nudo—

294 1907 418 1981 que
471 1892 713 1982 capite
766 1892 1009 1963 divina
1045 1889 1293 1965 Officia
1330 1895 1404 1964 in
1442 1893 1652 1963 choro
1689 1891 2144 1984 persolvant3
2201 1887 2395 1978 quod
2429 1888 2487 1959 si
2525 1886 2613 1957 ob
2653 1886 2944 1976 longum

291 2005 622 2093 temporis
675 2005 986 2094 spatium
1040 2005 1110 2076 id
1163 2004 1441 2077 efficere
1493 2008 1887 2093 nequeant,
1944 2000 2187 2074 sedere
2235 1999 2521 2090 quidem
2560 1999 2757 2089 ipsiS,
2800 2013 2945 2068 non

292 2122 519 2186 autem
558 2120 775 2206 caput
815 2123 1047 2207 tegere
1076 2113 1598 2188 Caeremoniale
1627 2112 1956 2208 Episcop.
1993 2114 2341 2205 permittit
2373 2107 2642 2208 (libJJ.
2668 2130 2728 2183 c.
2751 2107 2872 2183 33.
2874 2106 2944 2204 ).

430 2226 550 2297 18.
593 2222 870 2297 Christo
899 2225 1221 2315 Domino,
1257 2229 1382 2318 qui
1414 2227 1548 2299 sub
1581 2225 2026 2298 Eucharistia
2064 2227 2494 2310 continetur,
2527 2223 2948 2317 Angelorum

297 2338 548 2411 chorus
585 2338 848 2409 circum
886 2339 1168 2410 adstare
1202 2340 1630 2413 sanctissimi
1666 2335 2029 2410 Ecclesiae
2060 2335 2302 2408 Patres
2337 2342 2693 2409 testantur
2726 2330 2951 2431 (San-

294 2456 432 2523 ctus
485 2450 791 2521 Ioannes
851 2450 1316 2541 chrysostom.
1375 2451 1496 2523 lib.
1540 2450 1609 2523 6.
1650 2451 1734 2524 de
1773 2450 2205 2532 sacerdotio,
2238 2457 2304 2522 et
2338 2451 2414 2521 in
2452 2452 2649 2522 Hom.
2694 2449 2813 2522 65.
2856 2448 2952 2521 ad

291 2562 622 2655 populum
659 2561 1162 2635 Antiochenam
1185 2584 1218 2650 ,·
1259 2563 1330 2636 S.
1357 2562 1760 2636 Ambrosius
1796 2581 1952 2654 cap.
1991 2561 2057 2635 1.
2092 2562 2173 2635 de
2202 2562 2586 2656 Evanqelio
2624 2564 2695 2637 S.
2723 2562 2952 2635 Lucae

298 2675 368 2747 in
414 2675 563 2746 illis
617 2674 843 2746 verbis
874 2698 900 2747 .·
940 2673 1284 2767 Apparuit
1335 2677 1399 2748 ei
1458 2676 1790 2766 Angelus,
1839 2677 1908 2748 S.
1948 2674 2314 2769 Greyorius
2352 2676 2471 2746 lib.
2504 2675 2577 2747 4.
2622 2676 2953 2767 Dialoqo-

297 2804 446 2860 rum
495 2804 662 2877 cap.
702 2784 824 2859 58.
825 2780 895 2883 ).
952 2782 1209 2877 Quare,
1265 2792 1347 2859 ut
1399 2806 1528 2859 nos
1579 2788 1793 2859 etiam
1848 2788 2335 2859 amantissimo
2371 2786 2744 2876 Salvatori,
2785 2804 2946 2860 cum

303 2898 582 2989 publice
649 2898 1056 2990 exponitur,
1131 2899 1370 2971 omnia
1430 2899 1719 2991 pietatis
1788 2899 2164 2989 cultusque
2233 2905 2691 2992 argumenta,
2764 2916 2950 2989 quae

299 3028 712 3103 possumus,
769 3009 1271 3098 ostendamus,
1340 3010 1476 3082 sub
1527 3011 1775 3104 poenis
1846 3011 2208 3084 voluntate
2261 3018 2503 3084 nostra
2551 3010 2953 3083 statuendis

301 3122 704 3209 indicimus,
745 3129 825 3194 ut
859 3129 1139 3213 praeter
1173 3122 1646 3213 frequentiam
1687 3124 1928 3214 populi
1964 3129 2037 3196 et
2070 3124 2693 3215 supplicationem,
2735 3140 2952 3214 quam

305 3253 422 3327 pro
469 3234 841 3307 adoranda
894 3229 1368 3323 Eucharistia,
1425 3235 1755 3307 sodalitia
1808 3235 1944 3326 piis
1995 3236 2436 3307 vestimentis
2481 3235 2953 3327 superinduta

304 3347 389 3421 de
435 3365 628 3421 more
682 3348 1103 3436 instituunt,
1163 3349 1387 3440 aliqui
1439 3367 1719 3443 semper
1771 3348 2047 3437 adsint,
2106 3356 2183 3421 ut
2235 3349 2421 3422 inira
2473 3350 2775 3438 dicetur,
2831 3348 2958 3438 qui

305 3459 524 3532 eidem
592 3478 840 3532 sacrae
908 3457 1397 3534 Eucharistiae
1465 3462 1666 3533 flexis
1722 3461 2023 3552 genibus
2075 3461 2343 3534 cultum
2396 3462 2813 3536 exhibeant.
2870 3455 2956 3532 Id

312 3588 565 3645 munus
633 3589 994 3675 sacrorum
1063 3574 1325 3645 rituum
1394 3574 1773 3666 scriptores
1838 3573 2007 3645 solis
2076 3574 2568 3648 sacerdotibus
2635 3574 2963 3647 tribuunt

308 3676 633 3777 (Gavant.
696 3684 773 3753 in
834 3683 1038 3756 verbo
1088 3684 1545 3756 Eucharistia
1597 3703 1793 3755 num.
1835 3684 1995 3766 54„
2048 3681 2410 3758 Lantusca
2467 3686 2699 3760 eodem
2762 3683 2962 3758 verbo

307 3810 489 3866 num.
528 3795 643 3877 2.,
679 3793 1004 3866 Clericat.
1060 3795 1144 3867 de
1200 3796 1655 3867 sacramento
1691 3796 2185 3870 Eucharistiae
2236 3798 2447 3871 decis.
2483 3799 2600 3872 70.
2660 3818 2830 3871 casu
2877 3796 2954 3868 2.

312 3921 494 3977 num.
521 3906 681 3989 11„
709 3902 1009 3978 Merbes.
1046 3906 1122 3977 in
1156 3908 1445 3979 Summa
1469 3907 1868 3979 christiana
1893 3906 1962 3981 3.
1989 3917 2189 4000 part.
2223 3918 2387 3984 sect.
2415 3909 2532 3982 10.
2557 3909 2957 4002 quaest.2.,

313 4010 570 4090 Thiers.
628 4017 752 4089 lib.
793 4018 865 4090 5.
922 4037 1079 4109 cap.
1120 4016 1192 4091 3.
1252 4038 1327 4090 n.
1368 4017 1479 4102 3.,
1532 4016 1911 4092 Braschius
1963 4020 2039 4092 in
2077 4021 2575 4114 Promptuario
2615 4022 2957 4114 synodali

313 4146 461 4219 cap.
486 4129 608 4203 20.
652 4149 850 4202 num.
885 4124 1033 4225 7.),
1087 4130 1350 4219 quibus
1401 4132 1615 4203 etiam
1668 4132 1990 4223 congruit
2044 4129 2460 4207 Franciscus
2512 4131 2950 4225 BonhomuS,

317 4236 768 4315 Vercellensis
802 4238 1072 4335 Episc.‚
1126 4242 1326 4314 iussu
1376 4238 1688 4334 Gregorii
1724 4239 1930 4315 XIII.
1975 4239 2308 4317 Visitator
2342 4248 2797 4335 constitutuS,
2837 4243 2954 4343 (in

312 4353 784 4428 ecclesiasticis
822 4353 1434 4443 reformationibus
1479 4374 1556 4446 p.
1580 4353 1753 4427 209.
1788 4355 2144 4447 impressis
2184 4357 2508 4430 Coloniae
2545 4380 2667 4432 an.
2694 4354 2956 4455 4585.)

323 4464 615 4557 Angelus
649 4483 935 4558 quoque
973 4463 1231 4556 Rocca,
1288 4468 1654 4559 apostolici
1706 4468 2009 4540 Sacrarii
2059 4466 2494 4560 PraefectuS‚
2552 4492 2713 4546 cum
2748 4475 2882 4546 iter
2916 4493 2961 4545 a

318 4570 659 4651 Clemente
700 4574 895 4649 vlu.
926 4576 1320 4651 Ferrariam
1354 4587 1791 4670 susceptum,
1826 4597 2233 4672 moremque
2267 4580 2752 4660 Romanorum
2778 4584 2961 4659 Pon·-

325 4686 577 4763 tilicum
625 4690 1086 4783 describeret,
1143 4689 1405 4784 quibus
1454 4709 1657 4765 sacra
1691 4687 2141 4768 Eucharistia
2176 4697 2515 4792 praeferri
2550 4702 2758 4796 solet,
2797 4716 2958 4777 cum
