3497 5235
635 398 758 465 486
1398 404 1770 464 lustrationis
1809 405 1864 463 8.
1891 405 2074 480 (lengr-
2101 404 2250 464 Onne.
2287 404 2563 480 monitio:

630 535 900 609 cembr.
953 536 1208 635 1749.)
1261 536 1586 631 Namque
1622 560 1786 616 cum
1838 543 1912 615 in
1950 543 2200 617 eadem
2253 560 2469 615 causa
2522 546 3010 632 quaereretur,
3053 558 3154 611 an
3188 558 3312 612 su-

627 650 1073 723 stinerentur
1124 653 1551 742 patrimonia
1606 655 1680 725 in
1733 654 1970 726 aliena
2020 655 2325 727 dioecesi
2379 656 2803 743 constituta,
2857 653 3142 727 etiamsi
3196 671 3310 724 or-

632 760 994 833 dinandus
1049 761 1240 834 bona
1294 766 1578 856 propria
1632 766 1707 836 in
1762 765 2062 839 dioecesi
2116 785 2246 838 sua
2301 765 2694 856 possideret
2751 772 3065 856 tempore
3119 763 3316 835 ordi-

632 875 971 962 nationiS,
1011 871 1085 947 S.
1130 874 1595 970 Congregatio
1648 878 2070 951 affirmative
2123 878 2400 952 cunctis
2450 877 2806 968 suffragiis
2858 874 3259 967 respondit.

778 986 948 1057 416.
994 983 1383 1062 Videamus
1437 990 1672 1079 modo,
1714 1008 1901 1079 quae
1952 1009 2066 1062 res
2116 992 2191 1061 in
2229 989 2736 1080 patrimonium
2789 986 3130 1059 constitui
3183 1004 3316 1057 ne-

632 1104 928 1188 queant.
990 1095 1226 1172 Primo
1278 1103 1616 1176 constitui
1671 1104 1924 1192 nequit
1976 1102 2216 1175 futura
2283 1102 2507 1193 patris
2566 1100 3021 1186 baereditas;
3079 1099 3314 1172 donec

632 1210 820 1281 enim
876 1228 960 1282 ea
1017 1211 1256 1284 delata
1309 1231 1453 1285 non
1507 1212 1747 1301 fuerit,
1798 1213 2074 1286 nullum
2125 1214 2419 1286 haeredi
2473 1213 2658 1305 parit
2710 1212 3308 1285 emolumentum.

632 1316 1056 1393 Consulatur
1109 1319 1182 1395 S.
1225 1322 1440 1416 Cong.
1484 1323 1694 1397 Conc.
1736 1328 1813 1398 in
1867 1328 2174 1418 Bruqen.
2216 1345 2432 1418 supra
2480 1331 2866 1397 memorata
2916 1323 2990 1418 ξ.
3033 1324 3147 1396 Ad
3198 1323 3319 1413 fu-

631 1437 867 1513 turae,
907 1450 1187 1505 necnon
1224 1438 1298 1507 in
1336 1436 1551 1508 citata
1588 1437 2059 1510 Mediolanen.
2099 1434 2174 1531 g.
2216 1437 2484 1509 Eadem
2518 1436 2826 1518 ratione,
2873 1453 3036 1507 cum
3083 1431 3314 1526 Engel

637 1542 810 1615 Coll.
853 1544 994 1615 iur.
1046 1546 1219 1619 Can.
1264 1548 1377 1620 tit.
1421 1547 1537 1621 u.
1582 1548 1701 1619 lib.
1752 1546 1820 1620 1.
1861 1549 1946 1620 de
1996 1555 2133 1621 aet.
2175 1555 2242 1621 et
2292 1547 2486 1640 qual.
2519 1547 2759 1639 praef.
2797 1543 2870 1640 ἓ.
2905 1544 3037 1619 33.

782 1654 951 1725 417.
993 1652 1509 1730 Patrimonium
1562 1658 1847 1732 fundari
1902 1660 2156 1749 nequit
2223 1662 2298 1732 in
2352 1660 2678 1749 propriae
2749 1657 3154 1729 industriae
3206 1656 3314 1727 lu·

633 1764 795 1836 cris.
847 1762 1025 1837 Nam
1082 1768 1153 1839 S.
1215 1768 1289 1840 C.
1348 1767 1613 1843 Concil.
1676 1791 1919 1845 mense
1972 1768 2259 1844 Octobr.
2323 1772 2536 1843 1589.
2599 1769 2991 1862 Sequntina
3052 1768 3303 1842 Collat.

634 1895 820 1947 sacr.
866 1878 1019 1949 ord.
1060 1873 1229 1974 (lib.
1277 1881 1393 1955 Η.
1452 1883 1705 1956 decret.
1741 1902 1909 1976 paq.
1967 1884 2090 1956 54.
2150 1883 2342 1974 apud
2409 1880 2681 1954 Bened.
2739 1876 2928 1951 XIV.
2990 1880 3126 1951 loc.
3187 1879 3304 1950 cit.

634 2006 713 2059 n.
756 1982 872 2083 7.)
922 1998 1215 2081 rogata:
1261 2014 1298 2059 ‹
1338 1990 1412 2064 Si
1473 1995 1634 2085 quis
1685 2002 1966 2067 tantum
2020 1995 2329 2082 habeat,
2386 1993 2578 2084 quod
2629 2011 2718 2066 ex
2769 1992 3130 2063 industria
3201 1990 3307 2062 vel

637 2124 677 2167 ›
720 2099 1019 2174 honesto
1058 2103 1299 2178 labore
1337 2105 1682 2197 lucratur,
1723 2115 1926 2198 puta,
1968 2106 2159 2197 quod
2196 2108 2289 2178 sit
2325 2107 2663 2192 musicuS,
2703 2104 3044 2195 magister
3082 2120 3311 2194 gram-

639 2234 679 2277 ›
720 2215 1050 2299 maticae,
1095 2216 1346 2306 pictor,
1386 2220 1710 2310 scriptor,
1753 2225 1876 2290 aut
1912 2218 2202 2291 alterius
2249 2219 2483 2291 licitae
2536 2217 3035 2309 professionis3
3098 2215 3313 2306 idque

639 2344 679 2387 ›
719 2323 811 2395 sit
862 2324 1228 2399 sufficiens
1297 2328 1390 2399 ad
1443 2332 2037 2403 sustentationem
2095 2332 2327 2418 vitae,
2378 2331 2730 2421 poteritne
2784 2319 3310 2419 promoveri31>

639 2433 1001 2507 decretum
1039 2445 1189 2509 est:
1250 2462 1287 2505 ι
1327 2436 1483 2512 Non
1537 2459 1770 2531 posse.
1800 2468 1839 2510 ι

792 2545 959 2617 418.
1002 2544 1147 2620 Nec
1199 2551 1273 2622 in
1328 2552 1715 2626 mobilibus
1768 2558 1839 2627 et
1907 2552 2464 2627 semoventibus.
2518 2546 2698 2623 Nam
2763 2547 2836 2624 S.
2889 2547 2968 2623 C.
3025 2546 3321 2621 Concilii

637 2652 809 2753 (lib.
850 2659 975 2732 26.
1018 2661 1272 2735 decret.
1323 2683 1493 2757 paq.
1551 2665 1720 2738 461.
1780 2667 1974 2757 apud
2025 2667 2354 2739 eumdem
2409 2662 2679 2736 Bened.
2734 2659 2926 2734 XIV.
2991 2662 3127 2732 loc.
3187 2661 3313 2731 cit.

639 2787 837 2840 num.
878 2766 999 2866 8.)
1050 2772 1163 2845 die
1200 2759 1322 2847 29.
1363 2773 1708 2849 Novemb.
1759 2779 1972 2850 1670.
2014 2781 2116 2850 sic
2151 2777 2412 2849 babet:
2459 2799 2496 2842 ι
2536 2774 3020 2847 Communitas
3057 2770 3134 2844 S.
3179 2771 3321 2841 An-

642 2904 681 2950 »
724 2882 889 2972 geli,
948 2880 1389 2975 Sypontinae
1441 2889 1810 2978 dioecesis,
1851 2892 2168 2980 exponit,
2211 2908 2335 2980 per
2370 2884 2824 2961 Ordinarium
2878 2885 3167 2957 admitti
3223 2882 3321 2953 ad

643 3016 683 3059 ›
722 3011 964 3065 sacros
1014 2991 1317 3071 Ordines
1371 3000 1685 3089 clericos,
1737 3001 2100 3092 assignato
2151 3001 2577 3091 patrimonio
2641 3000 2715 3070 in
2767 2997 2978 3069 bonis
3032 2994 3326 3067 mobili-

644 3127 684 3170 »
724 3102 860 3176 bus
912 3110 983 3177 et
1034 3110 1610 3201 semoventibus,
1669 3119 1768 3201 et,
1828 3130 1986 3184 cum
2039 3112 2171 3183 boc
2239 3112 2488 3183 tendat
2557 3113 2632 3183 in
2687 3127 2897 3201 grave
2965 3108 3320 3181 damnum

644 3239 684 3282 ›
727 3217 1044 3289 eiusdem
1125 3224 1705 3312 communitatiS,
1774 3222 1942 3295 dum
1997 3223 2424 3295 fraudantur
2489 3223 2976 3314 impositiones
3046 3228 3120 3292 et
3173 3218 3325 3289 alia

644 3350 684 3393 ›
726 3346 943 3400 onera
999 3334 1553 3423 communitatiS,
1614 3335 1880 3425 quibus
1942 3335 2277 3407 animalia
2332 3339 2502 3407 sunt
2552 3332 2889 3419 obnoxia,
2947 3337 3018 3404 et
3072 3329 3328 3404 credat

645 3461 685 3504 ›
726 3455 880 3511 esse
932 3448 1179 3513 contra
1232 3447 1614 3518 canonicas
1667 3447 2170 3539 dispositiones
2232 3445 2321 3518 ad
2393 3445 2744 3518 tollendas
2796 3441 3332 3515 controversias

645 3572 685 3615 ›
725 3551 1027 3641 supplex
1082 3554 1325 3644 instat,
1376 3556 1748 3648 declarari,
1809 3579 1901 3631 an
1958 3560 2177 3649 possit
2230 3557 2733 3648 patrimonium
2789 3554 3141 3645 assignari
3199 3571 3328 3624 su-

646 3683 686 3726 »
728 3679 856 3752 per
890 3661 1278 3737 mobilibus
1315 3674 1387 3739 et
1426 3668 1637 3742 dictis
1674 3663 2213 3741 animalibusb
2270 3666 2343 3740 S.
2368 3665 2624 3761 Congr.
2666 3667 3066 3760 respondit:
3110 3686 3147 3729 ι
3183 3659 3332 3734 Ne-

645 3796 685 3839 )
728 3774 987 3863 galive.
1032 3799 1067 3842 »

795 3883 965 3955 419.
1009 3882 1187 3958 Item
1243 3906 1477 3979 neque
1513 3891 1586 3963 in
1624 3891 2055 3983 obligatione
2108 3891 2510 3983 personali;
2560 3910 2756 3978 nam,
2813 3894 2893 3960 ut
2948 3888 3216 3979 legitur
3255 3886 3331 3955 in

640 4002 1033 4069 memorata
1073 4001 1380 4094 Bruqen.
1422 4000 1495 4098 ξ.
1537 4003 1678 4076 Nec
1731 4005 1904 4075 satis
1930 4026 1955 4075 .·
2013 4025 2050 4070 ‹
2088 4001 2259 4075 Cum
2313 4005 2694 4095 imperator
2739 4002 2993 4074 clerico
3031 3997 3338 4070 Floren-

650 4132 690 4175 ›
733 4109 880 4180 tino
934 4110 1245 4200 diploma
1285 4117 1775 4205 concessisset,
1817 4136 1939 4189 seu
2000 4118 2281 4190 titulum
2334 4133 2621 4188 mensae
2674 4133 2801 4205 pro
2846 4133 2979 4185 sua
3013 4112 3333 4184 honesta

652 4244 689 4287 ›
733 4225 1283 4314 sustentatione,
1342 4244 1717 4317 quousque
1771 4228 2258 4318 provideretur
2325 4228 2412 4299 de
2480 4225 2863 4298 sufficienti
2914 4224 3334 4310 beneficio,

649 4359 689 4402 ›
728 4338 800 4405 et
853 4334 924 4404 in
977 4335 1273 4407 dubium
1329 4346 1731 4410 revocatum
1786 4347 1998 4425 esset,
2040 4358 2133 4410 an
2173 4340 2360 4410 licite
2397 4343 2468 4409 et
2519 4337 2752 4408 valide
2804 4335 3121 4407 ordinari
3157 4352 3345 4424 pos-

649 4470 689 4513 »
729 4447 822 4517 sit
874 4447 964 4517 ad
1019 4447 1301 4519 titulum
1357 4449 1587 4522 dictae
1643 4446 1982 4522 mensae?
2022 4476 2058 4520 >
2119 4450 2231 4521 die
2283 4452 2354 4520 8.
2397 4445 2561 4520 Iulii
2603 4447 2819 4519 1704.
2863 4445 3161 4536 protulit
3225 4465 3348 4518 re·

645 4574 1030 4649 sponsum:
1077 4555 1555 4651 «Negative.›
1595 4558 1772 4634 Vide
1809 4559 2181 4635 Monaccll.
2230 4563 2365 4634 Tit.
2394 4559 2510 4635 13.
2540 4561 2754 4653 form.
2786 4557 2861 4632 3.
2895 4559 2947 4630 1.
2987 4577 3050 4630 c.
3085 4577 3163 4627 n.
3210 4557 3346 4631 ⁴¹0.

647 4663 850 4738 Idem
904 4669 992 4740 de
1049 4671 1253 4742 titulo
1324 4690 1612 4744 mensae
1683 4672 2067 4745 abbatialis
2136 4673 2481 4764 regularis
2519 4695 2556 4738 ι
2610 4671 2973 4743 mediante
3043 4666 3173 4764 (ut
3235 4672 3346 4741 ait

652 4797 693 4846 ›
731 4775 1107 4849 Monacell.
1148 4780 1275 4851 loc.
1320 4783 1440 4854 cit.
1482 4803 1559 4854 n.
1604 4782 1761 4879 10.)
1809 4784 2244 4876 obligatione
2295 4783 2653 4856 Abbatum
2708 4789 2780 4856 et
2830 4780 3346 4874 capitulorum
