3497 5235
587 234 666 297 98
1339 235 1707 296 Iusti-notionis
1746 235 1803 293 8.
1828 234 2009 310 Oongr.
2038 234 2183 295 Ocno.
2223 218 2491 309 expositio.

581 369 862 442 stodum
915 369 1188 443 incuria
1242 371 1468 445 aliave
1507 371 1714 463 culpa
1751 371 2331 444 scelestissimum
2365 386 2609 443 sacrae
2641 369 2914 442 hostiae
2967 367 3239 442 furtum

582 488 1062 573 consequatur
1112 485 1265 557 sine
1318 486 1609 559 violenti
1662 485 1844 557 sacri
1896 484 2341 559 tabernaculi
2388 482 2826 569 effractione‚
2883 499 2966 553 ac
3015 480 3241 572 potis-

577 594 916 667 simum-si
949 595 1487 670 tabernaculum
1520 596 1956 689 patefactum
1985 599 2405 688 reperiatur,
2438 602 2564 669 aut
2591 613 2751 667 cum
2780 594 2958 667 clavi
2986 594 3240 666 ostiolo

582 703 821 795 affixa,
856 713 977 778 aut
1015 707 1152 780 alio
1179 709 1331 781 loco
1366 708 1636 797 relicta,
1673 709 1772 781 ita
1808 715 1886 782 ut
1923 708 2427 799 delinquentes
2464 709 2652 781 sacili
2690 708 2970 799 negotio
3006 706 3243 779 scelus

578 836 788 890 suum
841 821 1133 910 exsequi
1175 822 1563 912 potuerint,
1603 822 1736 896 hoc
1773 830 1845 895 et
1879 821 2234 894 similibus
2270 824 2342 895 in
2379 821 2665 895 casibus
2703 818 3059 894 Sanctitas
3093 817 3242 892 Sua

585 928 1169 1024 ArchiepiscopiS,
1225 930 1621 1025 Episcopis,
1681 935 1982 1024 aliisque
2030 929 2427 1006 Ordinariis
2461 940 2532 1006 et
2568 932 3064 1025 Superioribus
3108 928 3246 1003 Ge-

580 1044 944 1117 neralibus
994 1041 1338 1117 Ordinum
1393 1047 1825 1138 regularium
1879 1063 2005 1137 per
2055 1045 2242 1118 hanc
2294 1042 2366 1117 S.
2408 1043 2481 1117 C.
2524 1045 2869 1136 praecipit
2905 1045 3248 1134 imperat-

581 1174 746 1246 que,
804 1163 884 1228 ut
935 1157 1130 1230 iuxta
1185 1176 1558 1230 censuram
1620 1160 1789 1250 Cup.
1827 1160 2186 1232 statutum
2220 1158 2302 1230 de
2336 1157 2603 1232 custod.
2648 1156 2956 1229 Euchar.
2996 1162 3247 1228 contra

577 1267 948 1360 parochOS,
990 1275 1325 1358 rectores,
1368 1270 1716 1359 aedituos,
1760 1271 2026 1342 aliasve
2071 1288 2412 1361 personas
2464 1268 2829 1341 custodiae
2881 1268 3063 1339 tanti
3116 1267 3249 1338 Sa-

580 1383 926 1455 cramenti
979 1384 1463 1474 mancipataS,
1521 1381 2057 1454 inexorabiliter
2109 1388 2176 1454 et
2230 1382 2504 1471 absque
2572 1380 2887 1452 iudiciali
2939 1379 3248 1468 inquisi-

579 1492 772 1565 tione
825 1495 917 1566 ad
967 1495 1270 1568 carceris
1322 1512 1627 1586 poenam
1679 1494 2160 1586 irrogandam,
2218 1501 2287 1566 et
2341 1493 2433 1565 ad
2480 1492 2657 1564 alias
2692 1510 2959 1583 poenas
2993 1509 3242 1563 eorum

581 1604 873 1678 arbitrio
942 1625 1068 1698 pro
1120 1607 1372 1698 culpae
1426 1608 1774 1697 qualitate
1825 1604 2406 1680 determinandas
2457 1604 2892 1697 procedant,
2958 1609 3244 1694 praeter

580 1725 999 1809 perpetuam
1053 1717 1263 1791 officii
1317 1719 1583 1792 aeditui
1640 1721 2122 1807 amissionem,
2165 1725 2233 1792 et
2270 1718 2509 1810 quoad
2561 1714 2954 1809 Regulares
3005 1716 3245 1807 priva-

581 1829 848 1902 tionem
918 1831 1108 1903 vocis
1176 1832 1576 1922 utriusque.
1633 1827 1896 1913 Quodsi
1953 1838 2382 1904 memoratae
2451 1830 2766 1903 incuriae
2835 1828 3029 1900 locus
3082 1828 3239 1915 fiat,

582 1943 757 2031 quin
810 1942 1041 2014 scelus
1093 1942 1320 2014 ullum
1372 1951 1877 2035 consequatur,
1934 1943 2396 2015 nibilominus
2446 1943 2800 2030 custode5‚
2851 1959 3029 2032 quos
3066 1940 3249 2012 dici-

584 2070 768 2142 muS,
824 2072 949 2147 per
1001 2060 1147 2127 tres
1200 2073 1481 2128 menses
1533 2056 1744 2128 officii
1781 2057 1891 2129 sui
1926 2056 2371 2149 suspensioni
2410 2055 2908 2141 subiiciantur,
2949 2070 3078 2124 ceu
3115 2071 3247 2143 per

581 2160 1080 2238 Innocentium
1132 2163 1269 2237 III.
1327 2169 1469 2240 iam
1521 2174 1809 2241 cautum
1863 2175 1994 2240 est.
2054 2164 2299 2257 Neque
2351 2185 2514 2240 vero
2566 2166 2659 2239 ad
2710 2166 2925 2239 hasce
2967 2182 3247 2257 poenas

582 2274 1050 2351 declinandas
1116 2279 1369 2352 iisdem
1440 2279 1976 2373 suffragabitur,
2031 2280 2091 2353 si
2145 2278 2684 2352 tabernaculum
2753 2281 3076 2368 apertum
3150 2275 3245 2347 ab

586 2389 727 2460 alio
758 2391 1143 2465 ‘sacerdote
1207 2393 1316 2464 vel
1383 2412 1580 2465 sacro
1632 2393 2054 2466 administro
2106 2392 2579 2482 relinquatur,
2636 2390 2748 2461 vel
2800 2389 3017 2461 clavis
3089 2394 3249 2461 tuto

583 2500 658 2571 in
711 2501 864 2573 loco
915 2504 1223 2596 reposita
1286 2523 1428 2577 non
1482 2504 1744 2578 fuerit:
1820 2504 1910 2578 ad
1983 2505 2173 2596 ipsos
2233 2505 2425 2576 enim
2490 2501 2725 2575 fidelis
2785 2507 2854 2573 et
2906 2506 3246 2573 accurata

590 2607 1033 2687 Venerabilis
1108 2616 1546 2691 Sacramenti
1613 2617 1934 2690 custodia
2005 2617 2353 2707 pertinet,
2430 2615 2752 2706 adeoque
2827 2611 3239 2686 huiusmodi

582 2724 792 2812 culpa
846 2728 1019 2817 ipsis
1071 2735 1179 2801 est
1230 2729 1680 2821 imputanda.
1736 2728 2063 2802 Ceterum
2115 2728 2445 2800 sacerdos
2497 2728 2615 2800 ille
2669 2726 2779 2799 vel
2825 2725 3248 2799 administer

580 2837 834 2911 iisdem
889 2842 1134 2931 poenis
1185 2841 1534 2914 obnoxius
1586 2843 1706 2931 sit,
1764 2844 2077 2932 itemque
2132 2841 2315 2913 alius
2366 2839 2699 2931 quilibet,
2756 2839 2879 2929 qui
2926 2836 3247 2909 nefando

582 2949 750 3023 huic
801 2954 1167 3046 sacrilegio
1218 2954 1493 3027 dederit
1546 2955 2013 3029 occasionem.
2074 2953 2392 3026 Subinde
2446 2958 2522 3025 ut
2574 2947 2929 3023 Ordinarii
2983 2949 3249 3023 locales

583 3065 964 3154 procedere
1018 3068 1294 3158 possint
1341 3069 1540 3139 iuxta
1590 3066 1992 3158 pontificias
2027 3066 2531 3157 dispositiones
2567 3065 2782 3137 etiam
2818 3069 3065 3136 contra
3102 3059 3253 3135 Re-

588 3178 867 3266 gulares
936 3180 1046 3251 vel
1120 3179 1297 3252 alias
1365 3197 1703 3270 personas
1773 3184 2139 3269 exemptas
2207 3195 2422 3268 super
2473 3195 2584 3264 e0,
2642 3176 2729 3249 de
2783 3194 2923 3266 quo
2975 3175 3243 3266 agitur,

582 3287 838 3361 iisdem
890 3286 1283 3363 Ordinariis
1337 3292 1783 3364 necessariae
1837 3308 2166 3381 quaeque
2220 3308 2303 3362 ac
2353 3295 2795 3383 opportunae
2866 3286 3252 3359 facultates

580 3400 1116 3492 impertiuntur,
1174 3404 1603 3476 cumulative
1655 3411 1898 3475 tamen
1968 3421 2126 3475 cum
2198 3399 2697 3492 Superioribus
2749 3398 3248 3491 regularibuS,

586 3514 850 3605 quibus
919 3517 1115 3588 iussu
1186 3513 1454 3587 Summi
1522 3514 1884 3588 Pontificis
1951 3515 2138 3587 idem
2193 3531 2371 3585 onus
2435 3512 2864 3602 impertitur.
2923 3509 3252 3601 Denique

585 3626 836 3698 iisdem
891 3624 1345 3699 Praesulibus
1417 3628 1824 3719 gravissime
1895 3626 2208 3715 iubetur,
2276 3632 2383 3698 ut·
2424 3625 2512 3697 de
2574 3643 2753 3696 novo
2805 3623 3117 3696 edictum
3172 3625 3246 3695 in

584 3738 894 3810 sacrario
929 3738 1362 3830 affigendum
1400 3739 1820 3828 decernant,
1861 3740 1934 3810 in
1972 3756 2112 3828 quo
2150 3736 2791 3810 vehementissimis
2835 3737 3246 3827 quibusque

585 3848 907 3922 formulis
934 3852 1307 3944 parochOS,
1339 3859 1671 3942 rectores,
1706 3852 2057 3940 aedituoS‚
2083 3851 2344 3923 aliasve
2374 3870 2718 3942 personas
2752 3851 3248 3939 sanctissimae

584 3959 1074 4037 Eucharistiae
1129 3965 1491 4038 custodiae
1543 3965 1923 4038 adstrictas
1961 3964 2052 4036 ad
2087 3982 2169 4035 ea
2205 3963 2649 4037 observanda
2687 3963 3008 4055 adigant,
3051 3981 3241 4053 quae

587 4093 747 4148 cum
801 4075 993 4149 hisce
1048 4077 1119 4148 in
1175 4076 1437 4166 literiS,
1510 4084 1661 4151 tum
1734 4078 1821 4149 iis
1874 4077 2355 4165 continentur,
2412 4095 2594 4167 quas
2645 4075 2759 4149 die
2812 4078 2883 4148 8.
2924 4072 3246 4148 Ianuarii

589 4189 761 4260 anni
820 4189 1032 4260 1724.
1089 4208 1148 4261 s.
1189 4208 1285 4260 m.
1328 4182 1791 4262 Innocentius
1846 4185 2047 4259 XIII.
2100 4188 2236 4261 hac
2269 4188 2513 4260 eadem
2565 4189 2654 4262 de
2706 4208 2781 4261 re
2834 4188 2989 4260 dari
3038 4206 3251 4279 prae-

592 4300 901 4392 scripsit.

740 4414 901 4485 102.
959 4411 1160 4496 Quod
1213 4416 1525 4506 pertinet
1571 4414 1665 4487 ad
1719 4433 2071 4507 expensas
2124 4416 2606 4505 necessarias,
2664 4422 2744 4489 ut
2793 4415 3248 4488 sanctissima

587 4518 1061 4616 Eucharistia,
1120 4529 1353 4619 prouti
1406 4548 1537 4620 par
1588 4535 1721 4618 est,
1780 4530 1854 4600 in
1904 4530 2122 4601 sacris
2158 4528 2457 4601 aedibus
2493 4528 2958 4616 custodiatur,
3000 4546 3083 4599 ac
3120 4546 3256 4619 po-

585 4638 935 4717 tissimum
987 4639 1081 4713 ad
1131 4639 1533 4733 lampadem
1586 4641 2087 4733 nutriendam,
2144 4658 2329 4732 quae
2401 4646 2568 4715 ante
2620 4641 2847 4734 ipsam
2896 4646 3250 4734 perpetuo
