3497 5235
600 293 718 356 474
1348 292 1715 351 hmuutioniu
1755 291 1809 350 Β.
1837 292 2020 367 Gongr.
2051 291 2198 349 Oeno.
2244 290 2515 364 expositio.

607 423 878 495 nialibus
925 433 1262 511 reputatur
1307 424 1397 489 uti
1447 423 1728 502 fictitius,
1781 433 1844 489 et
1891 442 2033 489 cum
2083 421 2302 488 l'raude
2353 419 2756 496 constitutus,
2806 417 3107 499 adeoque
3146 433 3250 480 neo

604 528 960 613 legitimuS,
1012 548 1129 595 nec
1179 528 1301 594 iuri
1350 529 1651 595 canonico
1698 545 2085 612 congruenS,
2135 543 2407 612 nempe:
2459 522 2722 601 Quando
2764 521 2903 605 quis
2936 519 3251 585 ordinatur

599 648 746 696 cum
794 630 1099 697 fructibus
1146 633 1247 699 vel
1299 633 1362 697 in
1411 642 1615 718 parte,
1666 630 1768 695 vel
1815 631 1882 694 in
1917 639 2048 695 toto
2083 626 2162 693 ad
2196 628 2387 692 alium
2436 623 2948 714 pertinentibus,
2985 622 3088 688 vel
3119 640 3250 688 cum

597 731 782 798 bonis
831 732 1189 799 redimendi
1238 744 1425 819 pacto
1469 732 1808 811 subiectiS,
1859 732 1962 796 vel
2013 729 2267 816 quando
2316 729 2657 795 intercedit
2702 729 2937 814 pacti0,
2997 738 3250 793 utcon-

596 837 865 901 stituens
915 834 1260 901 fundorum
1309 837 1772 923 possessionem
1821 836 2132 911 retineat,
2183 845 2249 899 et
2296 834 2621 900 ordinatus
2668 833 2921 908 nullos,
2980 833 3082 897 vel
3130 851 3248 900 nou

599 958 820 1005 omnes
867 936 1110 1003 fructus
1157 939 1509 1023 recolligat.
1561 939 1822 1015 Quando
1871 949 2053 1024 pater
2085 938 2149 1002 in
2183 935 2646 1003 detrimentum
2678 937 2946 1001 aliorum
2980 933 3250 1000 liliorum

601 1043 808 1108 omnia
858 1044 1017 1108 bona
1062 1061 1171 1107 sua
1222 1042 1286 1107 in
1337 1041 1802 1107 efformandum
1851 1041 2308 1127 patrimonium
2357 1040 2720 1119 renuntiat,
2773 1039 3032 1126 quando
3077 1052 3250 1125 pater

597 1144 856 1211 unicum
905 1145 1143 1211 habens
1190 1143 1388 1209 lilium
1440 1148 1646 1210 omnia
1692 1164 1803 1209 sua
1851 1143 2053 1220 bona,
2106 1142 2315 1209 addita
2366 1142 2760 1219 conditione,
2816 1154 2886 1207 ut
2931 1143 3102 1207 vitae
3143 1161 3251 1207 ne-

597 1247 857 1319 cessaria
903 1248 1019 1314 sibi
1068 1266 1149 1312 ne
1198 1246 1440 1324 desint,
1494 1246 1558 1312 in
1606 1246 1898 1313 eamdem
1961 1264 2205 1310 causam
2251 1244 2446 1323 cedit,
2500 1247 2617 1311 nisi
2665 1246 3003 1332 probetur,
3057 1247 3250 1330 quod,

596 1347 782 1417 bonis
832 1351 1026 1436 ipsius
1073 1355 1241 1416 vitae
1287 1350 1655 1417 necessariis
1703 1350 2020 1427 deductis,
2073 1352 2392 1437 reliquum
2441 1353 2517 1418 ad
2565 1350 2904 1419 ordinandi
2950 1365 3254 1419 sustenta-

598 1455 840 1522 tionem
884 1456 1173 1523 sul'ficiat.
1225 1494 1268 1507 -
1314 1462 1465 1524 413.
1520 1456 1826 1523 Ordinans
1872 1456 2151 1521 scienter
2196 1474 2340 1519 cum
2388 1453 2769 1540 patrimonio
2815 1452 3085 1531 fictitio,
3151 1455 3255 1520 vel

598 1558 1002 1627 insufficienti
1055 1560 1412 1627 ordinatum
1462 1562 1634 1626 alere
1682 1552 1966 1638 tenetur,
2018 1559 2225 1626 donec
2259 1562 2553 1645 provisus
2588 1558 2804 1635 fuerit,
2840 1558 2961 1626 sed
2995 1578 3256 1645 suspen-

592 1661 841 1727 sionem
889 1683 1017 1729 non
1068 1664 1355 1729 incurrit.
1426 1663 1763 1730 Ordinatus
1824 1668 1888 1730 in
1937 1662 2225 1729 fraudem
2288 1663 2675 1750 Episcopum
2736 1662 3063 1728 adducens
3123 1666 3257 1748 ipso

594 1763 757 1831 sacto
807 1765 869 1831 in
917 1767 1400 1851 suspensionem
1451 1766 1696 1832 incidit.
1733 1804 1777 1817 -
1811 1770 1962 1833 414.
2004 1766 2411 1832 constituens
2452 1767 2916 1852 patrimonium
2965 1765 3256 1830 fictitium

593 1880 806 1956 potest
855 1870 1028 1936 citari
1081 1881 1146 1935 et
1193 1869 1473 1935 damnari
1524 1870 1602 1935 ad
1652 1868 1892 1935 fructus
1940 1870 2303 1955 patrimonii
2355 1888 2575 1956 reapse
2603 1867 2974 1945 solvendos,
3018 1866 3254 1934 tametsi

598 1972 759 2039 adsit
808 1973 1078 2039 ordinati
1127 1974 1462 2060 promissio
1509 1974 1699 2039 etiam
1748 1993 1893 2037 cum
1945 1973 2324 2048 iuramento,
2376 1972 2552 2058 quod
2601 1972 2717 2037 iste
2764 1970 2922 2037 nihil
2961 1984 3255 2055 receptu-

596 2093 705 2141 rus
753 2088 939 2142 esset.
994 2080 1149 2142 Item
1200 2076 1627 2161 quamtumvis
1677 2074 2002 2141 ordinatus
2051 2094 2132 2140 ex
2179 2074 2481 2139 industria
2514 2093 2622 2139 sua
2658 2074 2974 2159 personali
3011 2087 3256 2139 susten-

596 2178 903 2244 tationem
948 2178 1065 2244 sibi
1115 2178 1340 2263 pariat.
1376 2216 1421 2229 -
1453 2182 1601 2244 415.
1656 2178 1824 2244 Nihil
1874 2188 2082 2255 vetat,
2137 2176 2308 2262 quod
2359 2174 2520 2243 bona
2575 2176 2962 2261 patrimonio
3012 2176 3257 2241 addicta

601 2280 666 2347 in
712 2282 911 2348 aliena
959 2282 1233 2348 dioecesi
1293 2282 1495 2369 posita
1556 2280 1702 2348 sint.
1758 2317 1801 2330 -
1848 2286 2002 2347 416.
2065 2282 2516 2347 Patrimonium
2577 2280 2969 2345 constituere
3037 2280 3259 2365 nequit

595 2381 808 2449 futura
856 2385 1051 2470 patris
1100 2386 1476 2451 haereditas.
1512 2421 1555 2434 -
1587 2389 1740 2451 417.
1793 2387 2016 2471 Neque
2064 2387 2408 2470 personalis
2457 2385 2791 2451 ordinandi
2845 2385 3184 2450 industria.
3221 2421 3260 2436 -

602 2488 755 2551 418.
809 2488 963 2552 Item
1013 2506 1129 2553 nec
1175 2486 1455 2564 mobilia,
1506 2506 1627 2554 nec
1672 2490 2090 2553 semoventia.
2133 2524 2176 2536 -
2207 2492 2362 2554 419.
2413 2492 2635 2574 Neque
2684 2488 2992 2576 obligatio
3037 2507 3261 2574 perso·

601 2588 758 2653 nalis
803 2589 1263 2675 cuiuscumque
1311 2607 1641 2676 personae,
1696 2591 1932 2659 etiamsi
1970 2603 2269 2679 ageretur
2301 2591 2382 2658 de
2411 2596 2753 2680 Episcopo,
2793 2603 2857 2659 et
2901 2592 3258 2678 hypotheca

596 2690 881 2756 omnium
928 2690 1241 2757 bonorum
1279 2695 1665 2770 muniretur,
1703 2713 1830 2761 non
1869 2696 2152 2761 obstante
2187 2697 2669 2763 consuetudine.
2713 2696 2890 2763 Ratio
2923 2711 3045 2773 est,
3084 2700 3254 2783 quia,

593 2812 669 2858 ea
718 2791 1056 2860 deficiente
1087 2813 1390 2880 persona,
1429 2795 1642 2861 delicit
1671 2816 1740 2861 ac
1774 2798 2116 2863 resolvitur
2149 2798 2475 2883 obligatio.
2514 2836 2557 2848 -
2589 2803 2737 2865 420.
2779 2803 2931 2865 421.
2973 2804 3131 2865 422.
3171 2804 3256 2865 De

590 2894 776 2962 bonis
822 2898 1367 2982 patrimonialibus
1410 2900 1548 2964 sine
1599 2900 1893 2986 Episcopi
1959 2900 2209 2967 licentia
2260 2901 2510 2989 disponi
2560 2902 2822 2967 minime
2885 2912 3148 2988 potest,
3193 2913 3257 2968 et

592 2998 946 3086 Episcopus
996 3000 1310 3067 licentiam
1350 3001 1499 3066 dare
1552 3004 1799 3088 nequit,
1851 3005 1967 3069 nisi
2019 3023 2296 3091 congrua
2344 3004 2712 3090 subrogatio
2760 3004 2904 3081 liat,
2965 3005 3255 3091 adeoque

593 3099 752 3166 bona
801 3102 1265 3187 patrimonialia
1314 3124 1431 3169 nec
1478 3104 1765 3183 alienari,
1818 3124 1937 3171 nec
1972 3107 2237 3183 remitti,
2288 3125 2406 3172 nec
2439 3107 2821 3191 permutari,
2861 3127 2986 3173 nec
3020 3126 3258 3174 renun-

591 3205 724 3271 tiari
777 3220 1049 3290 queunt.
1116 3206 1544 3274 Alienationes
1591 3209 1731 3275 sine
1781 3209 2074 3295 Episcopi
2105 3210 2423 3292 licentia,
2477 3211 2632 3276 item
2682 3220 2748 3274 et
2796 3209 3248 3286 remissiones»,

590 3311 1096 3393 permutationes
1144 3330 1210 3374 ac
1261 3310 1761 3377 renuntiationes
1793 3314 2002 3379 nullae
2032 3324 2203 3378 sunt.
2243 3316 2619 3380 Patrimonia
2655 3332 2799 3379 cum
2834 3313 3241 3379 conditione:

595 3410 786 3475 donec
830 3415 973 3495 quis
1014 3413 1459 3496 provideatur,
1514 3433 1642 3480 non
1690 3414 1991 3481 amittunt
2038 3416 2396 3502 patrimonii
2449 3412 2887 3504 privilegium,
2927 3415 3048 3481 nisi
3081 3433 3256 3479 acce-

591 3511 697 3579 dat
740 3513 1108 3601 subrogatio
1155 3514 1361 3581 valide
1408 3526 1684 3601 peracta.
1730 3555 1774 3566 -
1820 3521 1975 3584 423.
2027 3518 2361 3584 ordinatus
2409 3538 2538 3584 non
2586 3530 2798 3605 potest
2848 3517 3010 3583 bona
3059 3518 3244 3604 patri-

588 3616 878 3682 monialia
926 3617 1267 3705 sponsione
1297 3620 1398 3683 vel
1434 3619 1838 3685 lideiussione
1875 3620 2193 3706 obligare:
2246 3622 2294 3687 si
2335 3622 2731 3706 obligaverit,
2772 3640 2902 3687 non
2936 3622 3085 3686 licet
3113 3637 3248 3684 cre-

590 3717 783 3785 ditori
836 3738 1061 3808 capere
1109 3720 1272 3785 ultra
1324 3719 1426 3799 id,
1479 3722 1652 3806 quod
1703 3722 1996 3788 ordinato
2041 3735 2338 3810 superest
2385 3744 2514 3790 non
2567 3725 2756 3801 laute,
2807 3723 2921 3789 sed
2976 3722 3245 3788 tenuiter

588 3822 900 3888 vivend0.
972 3822 1149 3887 Licet
1194 3840 1349 3888 vero
1395 3821 1687 3908 accipere
1737 3825 1803 3891 in
1857 3827 2176 3905 solutum,
2229 3838 2291 3893 et
2337 3826 2626 3893 vendere
2693 3826 2791 3892 ius
2839 3846 2920 3892 ex
2970 3820 3239 3912 promoti

587 3923 983 3989 haereditate
1034 3923 1147 4010 ipsi
1198 3923 1501 3990 creditori
1553 3938 1947 4011 competens.
1983 3964 2027 3978 ·-
2060 3933 2210 3994 424.
2266 3931 2488 4015 Neque
2539 3928 2709 3994 idem
2762 3940 2980 4016 potest
3023 3927 3241 3993 eadem

587 4025 749 4092 bona
798 4026 1032 4092 cedere
1082 4026 1144 4092 in
1194 4030 1667 4113 emphyteusim
1713 4030 1851 4096 sine
1899 4032 2154 4098 licentia
2202 4032 2525 4120 Episcopi.
2553 4068 2596 4080 -
2627 4035 2781 4098 425.
2822 4035 3044 4117 Neque
3089 4030 3237 4094 item

583 4143 801 4217 potest
854 4133 1313 4220 proprietatem
1369 4134 1687 4211 alienare,
1746 4147 2070 4201 reservato
2127 4139 2552 4222 quamtumvis
2619 4134 2739 4200 sibi
2795 4135 3140 4200 usufructu.
3189 4163 3244 4178 «-

586 4240 736 4303 426.
777 4242 841 4304 S.
873 4241 945 4303 C.
988 4240 1183 4302 Conc.
1237 4235 1532 4324 gravibus
1581 4238 2135 4305 intercedentibus
2183 4239 2381 4303 causis
2427 4256 2624 4320 super
2672 4237 2840 4303 tituli
2879 4232 3240 4302 necessitate

585 4339 929 4427 dispensat.
994 4342 1188 4406 Cuius
1245 4338 1333 4403 rei
1383 4342 1566 4425 plura
1622 4353 1839 4406 vetera
1900 4353 1966 4407 et
2014 4343 2293 4407 recentia
2353 4351 2777 4406 numerantur
2837 4338 3112 4423 exempla
3167 4332 3243 4396 iu

583 4445 858 4527 Bruyen.
913 4446 1077 4507 Haec
1128 4452 1339 4507 tamen
1390 4442 1634 4507 indulta
1680 4461 2029 4529 numquam
2070 4443 2552 4510 indeterminata
2587 4444 2689 4508 vel
2727 4441 3050 4508 indefinita
3088 4453 3239 4503 con-

586 4548 790 4610 cessit.
830 4580 872 4593 ·
905 4548 1055 4609 427.
1098 4547 1159 4611 S.
1202 4548 1270 4610 C.
1314 4547 1508 4609 Conc.
1564 4544 1627 4610 in
1668 4544 1833 4612 dicta
1871 4548 2148 4629 Bruyen.
2191 4565 2415 4611 novam
2450 4544 2783 4630 quamdam
2820 4545 2897 4610 ab
2932 4545 3242 4628 Episcopo

588 4646 1007 4728 excogitatam
1054 4645 1367 4711 rationem
1416 4646 1816 4731 patrimoniis
1861 4647 2051 4714 sacris
2091 4647 2556 4734 subrogandam
2605 4647 2963 4735 approbare
2990 4643 3235 4714 abnuit,
