3497 5235
1155 338 1275 413 ⁰⁸1¹·
1300 341 1394 400 m.
1435 342 1508 399 Do
1545 339 1680 398 clero
1719 341 1991 399 ewulm.
2031 343 2085 417 ἓ.
2113 338 2194 397 12.
2885 335 3002 398 475

339 467 456 537 sed
505 468 570 535 in
620 467 865 535 casibus
908 471 1335 558 peculiaribus
1368 471 1844 557 providendum
1884 472 2021 537 sore
2057 471 2368 537 decrevit.
2401 507 2444 520 -
2475 472 2625 537 428.
2665 470 3004 557 Regulares

341 571 624 658 gaudent
669 572 1050 661 privilegio,
1103 585 1174 640 ut
1219 575 1293 640 ad
1349 576 1604 641 titulum
1664 577 2059 662 paupertatis
2116 572 2515 639 ordinentur.
2579 575 2659 637 At
2719 571 2997 659 religiosi

330 686 488 744 ,vota
533 674 847 760 simplicia
897 688 1335 763 nuncupantes
1381 678 1742 745 huiusmodi
1793 679 2137 767 privilegio
2185 697 2314 744 non
2363 676 2683 742 fruuntur.
2722 677 2783 743 Si
2819 696 2999 751 secus

337 775 466 854 flat,
518 778 749 861 poenis
793 798 823 842 a
875 783 939 848 S.
977 779 1085 844 Pio
1120 782 1195 845 V.
1236 781 1502 847 Constit.
1546 783 1875 847 Romanus
1922 784 2229 867 Pontifex
2261 780 2618 848 constitutis
2655 780 3004 847 subiiciun-

341 888 469 957 tur,
522 891 588 945 et
636 878 906 947 ordinati
955 880 1263 948 inhabiles
1311 893 1376 949 et
1423 884 1802 971 irregulares
1852 883 2275 950 declarantur.

485 1031 655 1103 390.
698 1027 790 1102 Ut
824 1031 1226 1105 sacerdotes
1260 1051 1420 1106 cum
1456 1031 1743 1107 Ordinis
1796 1034 2137 1108 dedecore
2175 1032 2579 1106 mendicare
2630 1051 2775 1104 non
2811 1051 3000 1106 com-

332 1141 726 1234 pellantur,
766 1149 838 1214 et
887 1144 1001 1215 via
1046 1144 1421 1217 claudatur
1455 1146 1730 1217 artibus
1783 1166 1865 1219 ac
1919 1146 2220 1219 fallaciis
2257 1145 2500 1217 fictum
2537 1148 2998 1217 sustentatio-

332 1254 447 1324 nis
500 1254 788 1325 titulum
841 1255 1441 1347 confingentibuS,
1481 1254 1896 1330 Tridentina
1950 1256 2279 1348 Synodus
2333 1261 2510 1332 Sess.
2551 1256 2673 1329 21.
2716 1278 2873 1348 cap.
2912 1259 2988 1329 2.

329 1362 415 1435 de
468 1365 777 1454 Reform.
820 1366 1435 1458 providentissime
1484 1370 1968 1460 praescripsit,
2022 1389 2110 1442 ne
2166 1373 2325 1460 quis
2375 1371 2669 1442 clericus
2722 1371 2812 1441 ad
2866 1366 2995 1441 Or-

329 1474 544 1547 dines
595 1486 1116 1566 promoveatur,
1178 1502 1214 1541 «
1257 1481 1388 1550 nisi
1427 1481 1625 1571 prius
1671 1481 1985 1571 legitime
2023 1489 2324 1570 constet,
2364 1501 2526 1553 eum
2565 1481 2994 1553 beneficium

322 1614 370 1654 ·»
413 1589 1001 1674 ecclesiasticum,
1044 1590 1235 1679 quod
1287 1591 1422 1663 sibi
1476 1592 1568 1663 ad
1621 1593 1884 1665 victum
1940 1592 2235 1665 honeste
2289 1592 2638 1679 sufficiat,
2694 1593 2991 1683 pacifice

332 1726 371 1767 ι»
411 1701 864 1792 possidere...
906 1697 1418 1773 Patrimonium
1474 1722 1661 1792 veru,
1705 1705 1814 1776 vel
1869 1707 2283 1794 pensionem
2347 1703 2753 1776 obtinentes
2804 1704 2993 1775 ordi-

318 1836 371 1879 ι»
411 1813 568 1883 nari
622 1813 918 1903 posthac
970 1831 1113 1884 non
1167 1816 1468 1903 possint,
1515 1816 1647 1886 nisi
1700 1817 1831 1904 illi,
1894 1835 2074 1906 quos
2123 1814 2517 1907 Episcopus
2569 1815 2988 1890 iudicaverit

330 1922 372 1991 ὁ
411 1925 877 1997 assumendos
926 1944 1053 2016 pro
1107 1928 1553 2015 necessitate,
1595 1928 1702 1998 vel
1758 1927 2254 2000 commoditate
2316 1928 2769 2000 ecclesiarum
2824 1944 2992 1998 sua-

328 2061 369 2103 »
410 2056 655 2108 rum...
713 2044 850 2110 etc.
895 2063 931 2104 »
973 2035 1526 2111 saluberrimam
1593 2039 2001 2110 huiusmodi
2070 2036 2555 2125 sanctionem,
2613 2057 2987 2131 progressu

328 2150 666 2239 temporis
719 2149 981 2221 alicubi
1019 2150 1444 2241 neglectam,
1483 2152 1690 2223 enixe
1743 2152 2125 2238 revocavit,
2168 2170 2251 2222 ac
2289 2152 2695 2242 gravissime
2748 2150 2990 2222 obser-

322 2261 480 2331 vari
531 2263 896 2351 praecepit
929 2280 988 2331 s,
1035 2280 1128 2331 m.
1174 2257 1421 2333 Innoc.
1469 2260 1591 2332 XI.
1636 2260 1894 2333 Literis
1930 2261 2306 2352 encyclicis
2341 2262 2433 2333 ad
2467 2262 2785 2353 singulos
2819 2259 2990 2352 Epi-

315 2392 572 2463 scopos
623 2391 747 2465 per
798 2371 870 2444 S.
911 2370 986 2444 C.
1028 2371 1237 2445 Cone.
1287 2373 1403 2445 die
1462 2374 1575 2444 13.
1620 2371 1780 2445 Maii
1826 2372 2037 2445 1679.
2082 2375 2292 2446 datis.
2344 2372 2710 2445 Mandavit
2761 2373 2979 2459 enim,

316 2492 405 2557 ut
438 2481 770 2576 Episcopi
811 2494 1270 2558 memoratum
1307 2485 1518 2559 Cone.
1559 2483 1747 2556 Trid.
1792 2486 2156 2558 decretum
2196 2509 2233 2552 «ι
2265 2494 2510 2558 sancte
2548 2486 2980 2573 custodiant,

310 2622 364 2665 ⁴)
403 2598 777 2687 sciantque
827 2615 971 2670 non
1008 2598 1213 2669 aliter
1246 2599 1721 2670 ordinandum
1760 2598 1849 2668 ad
1892 2588 2173 2672 titulum
2211 2599 2618 2693 patrimonii
2665 2599 2770 2669 vel
2809 2615 2987 2690 pen-

316 2735 366 2777 ,
404 2710 649 2797 sioniS,
691 2710 826 2780 nisi
878 2728 1039 2782 cum
1092 2710 1433 2782 ecclesiae
1470 2711 1854 2782 necessitas
1907 2711 2015 2782 vel
2069 2711 2531 2782 commoditas
2567 2712 2665 2783 ita
2719 2712 2978 2801 exigit:

318 2847 365 2893 ι
404 2841 547 2911 qua
601 2824 672 2891 in
726 2839 801 2893 re
884 2822 1227 2913 prudens·
1274 2818 1601 2912 Episcopi
1670 2823 2227 2912 timoratumque
2301 2822 2641 2893 iudicium
2719 2821 2983 2892 versari

323 2959 367 3001 ν
408 2932 649 3005 debet.
698 2959 733 3000 >

304 3079 313 3090 ·
467 3044 636 3114 391.
676 3040 782 3114 Ex
819 3043 932 3114 his
967 3044 1231 3136 colligit
1284 3041 1358 3115 S.
1398 3042 1651 3136 Congr.
1692 3044 1903 3116 Conc.
1946 3047 2020 3117 in
2061 3047 2371 3120 Suanen.
2414 3045 2533 3115 28.
2579 3039 2719 3114 Iul.
2766 3044 2976 3114 1838.

304 3152 391 3250 ἓ.
437 3156 787 3236 Iamvcro,
823 3156 1132 3247 Bruqen.
1184 3158 1315 3228 Tit.
1364 3158 1436 3228 S.
1483 3157 1654 3228 Orci.
1697 3158 1819 3227 24.
1868 3151 2041 3247 Aug.
2100 3153 2441 3249 1850.·§.
2501 3157 2614 3226 Ea:
2664 3155 2803 3235 his,
2840 3156 2983 3228 Me-

309 3267 680 3339 diolanen.
722 3267 793 3337 3.
838 3263 1044 3338 Mart.
1093 3268 1303 3338 1855.
1346 3266 1419 3362 ξ.
1466 3269 1578 3338 Ex
1629 3268 1907 3359 quibus,
1944 3275 2115 3353 etc.‚
2168 3267 2597 3339 beneficium
2649 3266 2984 3338 ecclesia-

309 3378 576 3449 sticum
629 3394 783 3448 esse
833 3378 1121 3449 titulum
1158 3379 1624 3453 ordinationis
1677 3398 1919 3450 verum
1974 3387 2044 3452 et
2084 3381 2587 3470 praecipuum,
2645 3380 2984 3470 patrimo-

304 3489 515 3560 nium
569 3508 761 3577 vero,
802 3490 911 3560 vel
964 3491 1379 3581 pensionem
1432 3510 1519 3563 ex
1572 3510 1786 3563 causa
1823 3491 2376 3580 dispensationis
2429 3493 2802 3564 dumtaxat
2855 3492 2982 3564 ad·

304 3601 544 3697 mitti3
595 3603 923 3690 quocirca
960 3602 1293 3675 subditur
1330 3603 1575 3675 iisdem
1614 3602 1785 3675 locis
1822 3621 1980 3674 cum
2018 3600 2354 3694 Fagnano
2392 3604 2482 3674 ad
2524 3603 2692 3694 Cap.
2736 3602 2971 3693 Episc.

303 3714 400 3786 de
442 3714 721 3803 praeb..
781 3714 1314 3803 dispositionem
1373 3715 1539 3804 Cap.
1603 3711 1768 3786 Tuis
1819 3714 1968 3786 eod.
2023 3715 2136 3786 tit.
2195 3714 2412 3785 fuisse
2463 3720 2848 3786 correctam
2901 3714 2976 3783 in

300 3843 401 3896 ea
454 3831 683 3916 parte,
725 3844 868 3915 qua
922 3825 1538 3898 indiscriminatim
1592 3826 2145 3913 concedebatur,
2185 3833 2265 3898 ut
2317 3825 2576 3915 aliquis
2611 3825 2703 3898 ad
2759 3825 2979 3916 patri-

304 3937 536 4008 monii
592 3937 694 4008 vel
752 3937 1079 4009 beneficii
1132 3938 1420 4009 titulum
1473 3938 1950 4010 ordinaretur.
2005 3935 2188 4008 Hinc
2242 3956 2327 4008 ex
2378 3937 2586 4008 titulo
2637 3937 2978 4026 patrimo-

294 4047 445 4133 nii,
487 4047 596 4117 vel
650 4048 1014 4137 pensionis
1065 4067 1273 4120 nemo
1327 4067 1644 4138 unquam
1696 4050 2008 4121 ordinari
2079 4049 2297 4121 debet
2360 4065 2595 4137 neque
2646 4048 2737 4119 ad
2790 4047 2980 4117 sola-

288 4158 495 4230 tium
544 4158 970 4246 parentibus
1020 4159 1489 4245 offerendum,
1546 4165 1671 4230 aut
1724 4160 2063 4249 pietatem
2119 4159 2611 4246 excitandam,
2669 4159 2805 4229 nisi
2861 4157 2970 4228 vel

284 4270 697 4341 necessitas
752 4269 858 4340 vel
914 4271 1184 4342 utilitas
1254 4270 1594 4342 ecclesiae
1666 4272 1960 4360 insuper
2012 4271 2329 4342 accedat.
2387 4267 2568 4341 Nam
2635 4288 2796 4341 cum
2849 4267 2973 4338 Ar·-

283 4380 800 4471 chiepiscopus
856 4377 1160 4452 Urbinas
1212 4380 1838 4465 animadverteret,
1895 4381 2338 4472 privilegium
2400 4387 2604 4452 extra
2658 4387 2970 4469 tempora

284 4495 381 4566 in
437 4491 828 4581 diplomate
870 4489 1233 4562 Pontificio
1269 4493 1369 4562 ita
1406 4491 1622 4581 incipi
1673 4490 1943 4561 solere:
2009 4515 2044 4555 «ι
2089 4489 2177 4564 Ut
2209 4491 2630 4585 parentibus
2679 4493 2823 4563 tuis
2857 4509 2975 4563 so-

286 4625 341 4676 >
390 4604 560 4675 latio
597 4622 754 4676 esse
794 4606 1044 4697 possis,
1085 4611 1158 4676 et
1195 4602 1459 4676 fervore
1495 4603 1891 4677 devotionis
1930 4622 2271 4676 accensus
2318 4611 2518 4677 extra
2553 4612 2965 4697 tempora...

292 4742 348 4787 ιν
393 4718 790 4809 promoveri
825 4716 1082 4809 possiS‚
1122 4716 1577 4788 concedimus
1610 4722 1817 4788 etc.·›
1856 4715 2253 4788 dubitavit:
2315 4737 2353 4784 α
2398 4718 2500 4788 An
2535 4719 2772 4810 vigore
2808 4715 2977 4789 Bre-
