3497 5235
598 296 716 364 426
1343 302 1710 367 humationis
1752 306 1805 367 8.
1835 306 2016 383 Gom.
2046 306 2192 369 Oeno.
2214 307 2503 385 equitio.

599 433 754 501 bere
799 445 944 521 post
975 435 1189 502 Missae
1222 440 1664 525 Evangelium.
1702 477 1744 491 -
1777 444 1928 508 318.
1971 446 2126 509 Cum
2163 442 2485 530 praedicat
2517 444 2885 532 Episcopus,
2924 445 3025 511 alii
3057 463 3248 532 prae·

601 536 911 604 dicatores
963 539 1154 604 silere
1216 539 1497 619 debent,
1551 543 1817 609 minime
1864 563 2019 609 vero
2070 546 2403 630 parochus.
2453 585 2496 598 -
2543 552 2692 614 319.
2746 549 3059 615 Parochus
3121 568 3251 615 non

599 651 810 728 potest
856 643 1147 729 exigere,
1186 655 1255 708 ut
1285 645 1400 709 sibi
1437 647 1836 713 concionanti
1887 647 2077 713 detur
2123 650 2524 736 eleemosyna
2575 651 2763 716 etiam
2799 673 2873 719 ex
2908 663 3250 739 praetextu

600 746 1011 833 paupertatis.
1049 783 1092 796 -
1125 750 1272 813 320.
1314 751 1467 814 321.
1522 750 1774 815 Parochi
1826 752 2072 817 nullum
2121 750 2313 817 etiam
2347 753 2690 839 episcopali
2725 754 3036 840 dignitate
3067 773 3253 842 prae-

601 846 804 913 ditum
855 846 991 912 sine
1038 848 1284 933 proprii
1337 850 1630 937 Episcopi
1669 853 1920 920 licentia
1956 854 2361 940 praedicandi
2397 876 2571 922 causa
2610 859 2670 923 in
2705 878 2878 924 suam
2920 858 3251 925 ecclesiam

599 949 960 1027 admittant,
1012 950 1129 1016 nisi
1180 954 1494 1038 cognitus,
1548 966 1612 1019 et
1660 955 1885 1021 doctus
1936 957 2104 1023 idem
2155 971 2356 1036 esset,
2408 978 2475 1025 ac
2527 958 2588 1025 id
2640 959 2769 1037 his,
2818 962 2915 1026 vel
2969 973 3099 1027 ter:
3135 959 3256 1028 sed

601 1050 677 1117 ab
725 1051 1038 1139 Episcopo
1086 1052 1445 1119 facultatem
1493 1056 1827 1123 habentem
1879 1059 2226 1142 prohibere
2272 1081 2303 1125 a
2351 1061 2777 1146 praedicando
2824 1074 3181 1150 nequeunt.
3210 1098 3261 1113 -

601 1158 752 1220 322.
807 1161 869 1224 S.
911 1159 980 1222 C.
1038 1159 1229 1223 Cone.
1285 1158 1396 1223 etsi
1449 1178 1577 1224 non
1627 1160 2013 1229 dubitaverit
2058 1163 2140 1230 de
2191 1164 2481 1230 facultate
2529 1166 2823 1252 Episcopi
2883 1186 3083 1252 super
3136 1166 3262 1232 im-

599 1257 896 1341 ponenda
944 1276 1148 1344 poena
1196 1260 1558 1346 pecuniaria
1598 1276 1815 1329 contra
1858 1265 2163 1351 parochos
2198 1269 2461 1335 verbum
2496 1267 2785 1335 divinum
2821 1271 3256 1358 negligentes,

603 1360 1012 1426 nihilominus
1046 1382 1179 1427 eam
1226 1364 1538 1430 stabiliter
1580 1367 1642 1430 in
1680 1366 1935 1451 Synodo
1971 1369 2332 1436 Novariensi
2366 1373 2768 1437 constitutam
2805 1392 2932 1438 non
2967 1373 3263 1439 decuisse

603 1465 955 1549 respondit.
1010 1502 1052 1516 -
1098 1469 1248 1532 323.
1303 1472 1460 1534 324.
1511 1472 1680 1535 lnter
1728 1472 2049 1538 Missarum
2097 1475 2402 1540 solemnia
2450 1487 2598 1541 ante
2644 1476 2745 1541 vel
2798 1488 2939 1561 post
2993 1473 3261 1563 parochi

602 1567 1176 1654 praedicationem,
1230 1571 1332 1636 vel
1380 1572 1596 1636 saltem
1648 1573 1799 1639 hora
1850 1577 2045 1661 magis
2093 1596 2124 1640 a
2173 1578 2414 1663 populo
2477 1579 2872 1664 frequentata
2933 1598 3262 1644 sacrorum

603 1668 908 1739 ordinum
960 1671 1497 1751 denuntiationes,
1550 1674 1989 1742 hebdomadae
2036 1678 2316 1764 vigiliae,
2364 1679 2635 1767 festique
2684 1679 2821 1747 dies
2867 1681 3261 1770 promulgari

607 1773 883 1851 debent,
939 1775 1222 1860 itemque
1270 1778 1857 1858 matrimoniorum,
1911 1779 2028 1845 nisi
2080 1782 2335 1847 accedat
2381 1785 2674 1869 Episcopi
2741 1783 3128 1870 dispensatio
3177 1804 3260 1849 ex

608 1877 764 1943 iusta
813 1897 1013 1943 causa.
1051 1914 1094 1927 -
1140 1881 1291 1944 325.
1346 1882 1499 1945 326.
1555 1885 1705 1948 327.
1760 1886 1838 1948 Et
1886 1882 1947 1948 id
1999 1881 2135 1948 steri
2185 1884 2379 1950 debet
2423 1903 2550 1951 non
2599 1886 2757 1963 aliis,
2809 1899 3257 1972 praeterquam

606 1980 779 2047 festis
825 1980 1049 2046 diebus
1098 1980 1284 2048 etiam
1336 2000 1370 2047 e
1420 1981 1726 2049 festorum
1776 1986 1917 2052 albo
1966 1985 2344 2071 dispunctis,
2395 1986 2589 2054 modo
2637 2008 2763 2054 non
2798 1988 3056 2056 accedat
3090 1995 3261 2075 Apo·

603 2085 819 2151 stolica
869 2084 1124 2182 facultps
1173 2085 1341 2149 iuxta
1384 2100 1665 2153 mentem
1716 2090 1779 2154 in
1827 2108 2007 2155 causa
2042 2092 2326 2155 Brunen.
2367 2110 2747 2178 expressam,
2786 2112 2948 2178 quae
2983 2094 3260 2181 explica·

605 2200 731 2254 tur.
762 2224 805 2237 -
836 2191 990 2254 328.
1026 2191 1092 2254 ln
1124 2187 1586 2255 cathedralibus
1633 2202 1697 2257 et
1741 2193 2120 2277 collegiatis„
2160 2194 2264 2259 ubi
2300 2205 2502 2260 exstat
2535 2198 2719 2261 etiam
2755 2196 3077 2282 parochia,
3117 2196 3260 2262 licet

606 2290 881 2376 parocho
914 2290 1428 2357 denuntiationes
1465 2294 1894 2380 promulgare,
1925 2305 1991 2360 et
2018 2296 2437 2381 parochialem
2471 2318 2831 2364 sermonem
2868 2300 2932 2381 (e
2956 2310 3258 2386 suggestu

609 2404 818 2458 tamen
854 2413 920 2458 ac
953 2412 1079 2458 non
1115 2393 1377 2471 diutius,
1410 2416 1594 2481 quam
1630 2416 1750 2483 per
1783 2398 1973 2463 horae
2022 2397 2391 2481 dimidium)
2425 2401 2655 2468 habere
2686 2402 2821 2467 sive
2856 2403 2919 2467 in
2948 2401 3123 2467 Missa
3157 2421 3261 2486 pa·

612 2495 897 2574 rochiali,
931 2497 1065 2561 sive
1097 2497 1159 2561 in
1193 2499 1849 2565 conventuali.-329.
1891 2503 1978 2565 De
2011 2499 2598 2570 denuntiationibus
2635 2503 2766 2569 fuse
2800 2504 2927 2591 agit
2959 2505 3253 2570 Fet-raris.

760 2671 928 2744 307.
984 2669 1193 2745 Ceno.
1238 2670 1425 2747 Trid.
1489 2677 1667 2750 Sess.
1710 2677 1783 2750 5.
1824 2674 1981 2769 cap.
2020 2677 2142 2751 22.
2184 2679 2268 2752 de
2321 2681 2625 2775 Reform.
2676 2679 3127 2774 praescribit,
3180 2687 3259 2753 nt

615 2812 655 2856 ι
699 2787 1327 2882 Arcltipresbyteri,
1398 2792 1717 2887 plebani,
1784 2801 1854 2867 et
1906 2795 2339 2887 quicumque
2391 2795 2833 2888 parochiales
2902 2795 3015 2865 vel
3086 2792 3263 2865 alias

615 2931 654 2978 »
694 2925 934 2980 curam
987 2907 1386 2980 animarum
1424 2907 1775 2983 habentes
1811 2908 2147 2982 ecclesias
2190 2928 2619 3000 quocunque
2658 2908 2864 2980 medo
2899 2905 3254 2992 obtinent,

617 3042 656 3089 »
697 3036 822 3110 per
872 3036 977 3106 se,
1017 3019 1127 3092 vel
1180 3021 1358 3092 alios
1409 3020 1729 3109 idoneOS,
1797 3021 1857 3092 si
1910 3021 2225 3112 legitime
2278 3022 2599 3113 impediti
2648 3019 2946 3107 fuerint,
3011 3016 3263 3090 diebus

617 3159 655 3204 ι
696 3134 945 3206 saltem
1002 3130 1384 3206 Dominicis
1438 3141 1509 3207 et
1581 3133 1779 3207 festis
1836 3134 2276 3207 solemnibus
2340 3134 2585 3226 plebes
2651 3133 2788 3205 sibi
2857 3132 3266 3205 commissas

615 3271 654 3318 »
691 3264 819 3339 pro
870 3266 1028 3333 sua,
1084 3252 1153 3319 et
1205 3264 1451 3319 earum
1520 3247 1916 3338 capacitate
1986 3254 2287 3338 pascant
2336 3244 2774 3319 saluta-ribus
2825 3244 3088 3331 verbis,
3140 3241 3271 3313 do·

617 3383 656 3430 »
697 3358 919 3432 cendo
971 3377 1157 3448 quae
1209 3360 1389 3431 scire
1442 3358 1777 3432 omnibus
1829 3360 2306 3432 necessarium
2342 3366 2452 3432 est
2487 3360 2577 3432 ad
2614 3359 2947 3445 salutem,
2988 3373 3269 3427 annun-

618 3498 657 3542 »
698 3471 1092 3561 tiandoque
1146 3470 1247 3542 eis
1300 3490 1459 3543 cum
1511 3470 1861 3543 brevitate
1913 3476 1984 3542 et
2033 3468 2376 3543 facilitate
2427 3469 2771 3542 sermonis
2821 3469 3025 3554 vitia,
3083 3482 3266 3556 quae

618 3608 657 3655 ›
698 3602 818 3658 eos
870 3583 1254 3672 declinare,
1297 3590 1367 3656 et
1420 3584 1744 3669 virtuteS‚
1785 3600 1965 3672 quas
2017 3584 2270 3655 sectari
2309 3587 2656 3674 oporteat,
2697 3586 2776 3652 ut
2810 3598 3111 3673 poenam
3144 3596 3269 3651 ae-

620 3720 659 3767 »
701 3707 974 3770 ternam
1029 3696 1355 3783 evadere,
1397 3704 1468 3770 et
1513 3694 1885 3767 coelestem
1926 3693 2214 3785 gloriam
2254 3694 2592 3784 consequi
2628 3694 2941 3764 valeant.
2988 3688 3066 3764 ld
3105 3707 3266 3762 vero

620 3832 659 3879 »
698 3810 758 3882 si
811 3810 974 3899 quis
1026 3827 1265 3881 eorum
1319 3815 1679 3900 praestare
1731 3805 2084 3898 negligat,
2127 3805 2403 3879 etiamsi
2458 3805 2549 3877 ab
2600 3801 2928 3896 Episcopi
2986 3800 3269 3874 iurisdi-

622 3948 660 3994 ι
701 3925 934 3998 ctione
988 3922 1239 4014 quavis
1290 3922 1561 3994 ratione
1612 3927 2021 4011 exemptum
2073 3938 2148 3991 se
2200 3937 2356 3992 csse
2396 3916 2918 4010 praetenderet,
2959 3916 3165 3988 etiam
3205 3912 3268 3984 si

623 4063 661 4108 ι
700 4037 1038 4110 ecclesiae
1090 4035 1340 4127 quovis
1399 4032 1604 4106 modo
1656 4038 2028 4122 exemptae
2079 4031 2512 4118 dicerentur,
2566 4034 2689 4101 aut
2757 4027 2971 4100 alicui
3024 4043 3271 4098 mona-

621 4176 660 4223 »
700 4152 938 4239 steri0,
980 4149 1192 4222 etiam
1248 4153 1446 4220 extra
1491 4145 1867 4217 dioecesim
1921 4144 2286 4231 existenti,
2325 4141 2566 4214 forsan
2603 4157 2926 4212 annexae
2961 4138 3068 4210 vel
3102 4135 3275 4207 uni-

623 4290 661 4336 »
702 4271 844 4352 tae,
885 4262 1090 4334 modo
1141 4260 1375 4352 reipsa
1428 4259 1500 4330 in
1552 4256 1855 4330 dioecesi
1908 4257 2080 4345 sint,
2120 4254 2412 4348 provida
2465 4251 2842 4345 pastoralis
2885 4248 3279 4342 Episcopo-

620 4402 659 4449 »
698 4394 854 4448 rum
907 4372 1304 4446 sollicitudo
1360 4389 1505 4444 non
1557 4370 1782 4458 desit,
1839 4387 1929 4443 ne
1982 4368 2160 4442 illud
2222 4367 2643 4461 impleatur:
2701 4363 3005 4438 Parvuli
3052 4360 3285 4452 petie·

626 4515 663 4559 »
704 4494 872 4562 runt
937 4503 1229 4584 panem,
1288 4490 1353 4557 ct
1405 4502 1544 4556 non
1620 4487 1808 4564 erat,
1866 4482 1987 4574 qui
2045 4482 2405 4575 frangeret
2455 4477 2576 4550 eis,
2660 4472 2915 4566 Itaque
2983 4471 3095 4545 ubi
3176 4469 3278 4542 ab

629 4625 668 4672 ›
705 4598 1053 4691 Episcopo
1103 4597 1350 4670 moniti
1406 4597 1620 4669 trium
1672 4594 2021 4665 mensium
2073 4593 2305 4684 spatio
2356 4608 2484 4661 suo
2539 4587 2813 4659 muneri
2883 4582 3280 4670 defuerint,

629 4739 668 4786 »
709 4731 835 4805 per
885 4728 1220 4783 censuras
1269 4706 1813 4796 ecclesiasticam,
1869 4724 1998 4779 seu
2050 4705 2229 4778 alias
2282 4702 2376 4776 ad
2425 4701 2649 4794 ipsius
2719 4698 3076 4772 arbitrium
3152 4712 3286 4769 oo-
