3497 5235
624 230 743 294 33ss
1370 230 1739 290 larix-notioni·
1780 230 1833 287 8.
1865 229 2046 304 Oongr.
2078 229 2223 289 (lonc.
2267 230 2539 305 expetitio.

621 365 985 458 politanis,
1028 364 1563 437 cathedralibus
1597 371 1667 437 et
1704 364 2120 455 collegiatis.
2161 361 2363 445 Quod
2399 365 2458 437 si
2495 365 2685 438 adsit
2735 368 3059 456 ecclesia,
3100 386 3261 458 qnae

623 494 790 547 vero
842 483 912 547 et
963 477 1246 566 proprio
1323 475 1847 567 collegialitatis
1898 476 2106 546 titulo
2159 484 2450 565 careat,
2515 479 2792 551 etiamsi
2853 500 2892 550 a
2959 481 3264 572 pluribus

620 586 1067 659 beneficiatis
1119 587 1400 660 chorale
1452 588 1792 675 officium,
1834 588 1984 658 sive
2031 589 2215 659 circa
2269 590 2579 679 aliquaS,
2623 592 2769 663 sive
2806 592 2991 664 circa
3044 610 3266 665 omnes

623 701 1006 780 canonicas
1041 700 1253 772 horas
1290 700 1633 772 celebrari
1669 699 1962 789 debeat,
2004 719 2090 771 ex
2127 718 2491 773 sacrorum
2524 721 2884 775 canonum
2920 708 3267 779 sanctione

624 812 875 883 eadem
927 811 1263 902 obligatio
1317 813 1382 883 ei
1437 830 1582 882 non
1634 812 1848 898 inest,
1890 829 2125 900 neque
2163 811 2256 882 ab
2299 809 2675 905 Episcopis
2713 815 2986 908 iniungi
3026 823 3266 907 potest,

622 931 834 1015 prout
885 923 1165 996 elicitur
1214 942 1302 994 ex
1355 924 1684 1013 sequenti
1738 922 2195 995 resolutione.
2239 920 2327 993 In
2379 926 2640 1016 oppido
2678 922 2933 999 Terrae
2985 925 3264 1016 Martae,

622 1033 942 1108 Faliscae
994 1034 1364 1123 dioecesis,
1423 1041 1658 1107 exstat
1710 1034 2012 1106 ecclesia
2064 1036 2479 1128 collegiatae
2534 1038 3018 1128 appellatione
3080 1040 3270 1132 vulgo

621 1152 1068 1239 nuncupata,
1111 1166 1272 1219 cum
1310 1146 1784 1234 beneficiatis,
1828 1146 1952 1236 qui
1990 1148 2493 1219 canonicorum
2530 1149 3033 1238 capitularium
3071 1159 3144 1224 et
3175 1172 3273 1223 su-

622 1262 1321 1354 pranumerariorum
1373 1261 1660 1332 nomine
1714 1260 2194 1332 appellantur.
2245 1260 2415 1332 Cum
2470 1268 2710 1333 tamen
2764 1262 3016 1336 eadem
3069 1265 3275 1336 eccle-

623 1376 728 1447 sia
783 1376 1094 1447 canonic«
1960 1371 2180 1462 roprio
2236 1380 2500 1460 careat,
2543 1376 2904 1465 proposito
2958 1374 3181 1447 dubio
3214 1378 3272 1447 in

620 1485 1094 1576 Montisfalisc
1983 1484 2087 1552 An
2124 1485 2448 1555 canonici
2504 1487 2898 1577 nuncupati
2953 1488 3273 1559 ecclesiae

624 1622 662 1659 »
705 1595 773 1668 S.
840 1593 1094 1668 Mariae
1960 1602 2211 1668 eantur
2266 1595 2357 1665 ad
2412 1595 2973 1669 celebrationem
3039 1596 3275 1670 Missae

628 1734 664 1777 ›
706 1714 1199 1780 conventualis
1247 1726 1322 1778 1n
1375 1726 1590 1779 casua⁵
1636 1732 1672 1775 ›
1715 1726 1788 1776 S.
1830 1725 2083 1795 congr.
2127 1706 2534 1796 respondit:
2582 1730 2619 1773 ‹
2658 1705 3002 1799 Negative
3038 1719 3112 1782 et
3149 1729 3276 1779 am-

627 1846 663 1889 »
705 1820 919 1910 pliuS.
965 1844 1002 1887 >
1056 1816 1239 1891 Item
1292 1820 1367 1890 in
1421 1820 1898 1891 Praenestina
1949 1818 2147 1890 Miss.
2203 1820 2650 1891 conventual.
2699 1821 2812 1890 17.
2862 1820 3026 1911 Apr.
3079 1823 3271 1892 1779.

626 1931 719 2002 ad
770 1930 1105 2003 dubium:
1151 1955 1188 1996 (ι
1236 1933 1332 2001 An
1390 1938 1667 2002 constet
1718 1929 1806 2002 de
1861 1928 2360 2019 collegialitate
2413 1930 2754 2003 ecclesiae
2809 1932 2879 2004 S.
2921 1929 3128 2004 Pauli
3163 1930 3277 2003 Ge-

628 2068 664 2110 »
709 2044 1034 2130 nazzani,
1076 2044 1173 2114 ita
1226 2048 1307 2113 ut
1360 2040 1791 2113 celebranda
1845 2041 1938 2112 sit
1991 2038 2201 2111 Missa
2255 2042 2750 2113 conventualis
2816 2061 2945 2133 pro
3001 2042 3280 2127 benefa-

515 2152 519 2155 ‘
630 2181 665 2222 »
707 2153 1022 2226 ctoribus
1074 2155 1147 2224 in
1203 2147 1500 2244 genere?
1541 2177 1577 2219 »
1621 2152 1693 2223 S.
1737 2149 1812 2223 C.
1856 2152 2218 2242 rescripsit
2262 2173 2299 2216 ‹
2350 2147 2691 2243 Negative
2745 2162 2815 2226 et
2870 2155 3202 2246 amplius,
3239 2177 3270 2220 s

623 2263 942 2336 Tandem
1014 2283 1173 2336 cum
1245 2263 1451 2336 Card.
1520 2262 1781 2335 Canale
1836 2263 2200 2335 decretum
2270 2264 2605 2352 tulisset,
2670 2282 2811 2353 quo
2883 2266 3273 2356 capellanos

625 2377 1122 2448 canonicorum
1180 2377 1469 2448 nomine
1545 2375 2004 2466 compellatos
2075 2376 2145 2445 in
2210 2375 2508 2447 ecclesia
2564 2373 2636 2446 S.
2705 2374 2969 2450 Mariae
3040 2373 3276 2449 Terrae

624 2485 1024 2575 Cerbariae,
1067 2486 1523 2559 sublacensis
1559 2485 1920 2572 abbatiae,
1962 2484 2051 2555 ad
2091 2486 2641 2576 applicationem
2682 2484 2936 2561 Missae
2990 2507 3278 2561 conven-

624 2600 842 2673 tualis
893 2600 1149 2672 diebus
1218 2597 1602 2672 Dominicis
1672 2605 1741 2671 et
1796 2598 1995 2670 festis
2046 2598 2136 2670 de
2206 2606 2588 2692 praecepto
2640 2620 2767 2692 pro
2817 2600 3276 2674 benefactori-

624 2712 763 2783 bus
815 2711 1209 2803 obligabat,
1252 2731 1325 2783 re
1379 2712 1614 2783 delata
1668 2710 1759 2781 ad
1814 2708 1885 2781 S.
1929 2708 2005 2779 C.
2046 2707 2292 2797 Conc.‚
2351 2711 2531 2782 haec
2581 2711 3000 2800 declaravit,
3042 2713 3272 2784 huius-

628 2824 820 2895 modi
877 2824 1239 2896 decretum
1294 2842 1438 2893 non
1493 2822 1857 2894 sustineri.
1901 2822 2101 2892 Null.
2150 2823 2434 2896 Sublac.
2483 2824 2552 2893 7.
2596 2820 2735 2895 Iul.
2786 2825 3004 2895 1781.

780 2937 943 3006 129.
984 2932 1071 3005 In
1126 2934 1440 3006 ecclesiis
1494 2932 2030 3004 cathedralibus
2085 2940 2154 3005 et
2211 2935 2389 3005 veris
2443 2934 2829 3025 collegiatis
2893 2937 2989 3008 ad
3041 2932 3276 3006 Missae

628 3047 1119 3121 conventualis
1172 3045 1543 3118 ferendum
1597 3064 1780 3116 onus
1831 3052 2169 3117 tenentur
2221 3047 2572 3133 canonici,
2627 3048 3084 3120 mansionarii
3131 3046 3285 3116 alii-

628 3178 769 3250 que
820 3179 1067 3232 omnes
1120 3159 1433 3231 choralia
1488 3159 1834 3230 beneficia
1897 3158 2344 3248 possidentes
2379 3211 2396 3246 ,
2463 3164 2541 3229 ut
2594 3159 2878 3239 disertis
2934 3159 3159 3231 verbis
3207 3157 3283 3227 in

625 3270 1005 3344 Constitut.
1058 3272 1228 3344 Cum
1263 3290 1526 3360 semper
1577 3271 1846 3341 oblatas
1887 3271 2318 3340 declaratur.
2362 3267 2448 3342 At
2484 3288 2648 3341 vero
2686 3277 2921 3361 potest
2956 3289 3095 3344 non
3130 3285 3284 3339 raro

626 3385 1079 3469 intercidere,
1123 3390 1199 3454 ut
1255 3384 1326 3452 in
1379 3383 1778 3453 istiusmodi
1827 3382 2144 3452 ecclesiis
2198 3382 2436 3454 adsint
2491 3380 2869 3470 beneficia,
2913 3380 3286 3472 quaelicet

626 3497 726 3567 ibi
781 3497 1065 3569 titulum
1122 3494 1548 3579 obtineant,
1615 3495 1704 3565 de
1759 3492 1970 3563 choro
2049 3499 2291 3564 tamen
2344 3492 2483 3564 dici
2549 3500 2964 3581 nequeunt:
3024 3509 3157 3581 quo
3213 3491 3283 3558 in

626 3627 797 3681 casu
851 3610 1162 3700 ipsorum
1216 3606 1722 3678 beneficiorum
1778 3612 2088 3676 rectores
2141 3623 2379 3693 neque
2433 3605 2523 3676 ad
2585 3602 2875 3674 Missam
2928 3602 3290 3675 celebran-

627 3723 820 3809 dam,
862 3739 1096 3810 neque
1151 3721 1240 3792 ad
1296 3718 1694 3809 quamlibet
1746 3735 1873 3806 pro
1923 3717 2058 3786 hac
2110 3715 2593 3788 celebratione
2630 3716 3128 3806 pensitandam
3179 3719 3285 3782 ta-

625 3855 788 3905 xam
844 3841 1141 3922 possunt
1196 3831 1587 3921 obstringi,
1641 3830 1920 3902 etiamsi
1974 3829 2163 3900 adsit
2216 3828 2655 3899 consuetudo
2719 3828 2793 3897 in
2862 3825 3284 3898 contrarium

627 3946 948 4017 inducta.
992 3941 1075 4013 In
1115 3943 1524 4015 Auximum
1560 3942 1758 4013 Miss.
1803 3960 2004 4011 conv.
2054 3941 2170 4010 16.
2214 3937 2380 4011 Dec.
2437 3941 2647 4011 1820.
2692 3936 3123 4010 consuetudo
3171 3935 3289 4003 in-

627 4057 977 4139 valuerat,
1021 4063 1097 4126 ut
1150 4057 1224 4125 in
1279 4052 1670 4125 cathedrali
1713 4051 1924 4122 Missa
1980 4051 2500 4138 conventualiS,
2543 4051 2859 4139 exceptis
2896 4049 3098 4120 certis
3131 4045 3289 4116 die·

625 4169 793 4256 buS,
838 4168 1315 4240 celebraretur
1367 4165 1457 4236 ab
1515 4166 1598 4235 iis
1635 4164 2109 4251 beneficiatis,
2157 4164 2279 4253 qni
2335 4162 2624 4253 aliquod
2661 4162 3020 4253 peculiare
3068 4159 3296 4229 bene-

626 4283 865 4355 ficium
920 4282 992 4351 in
1047 4265 1393 4352 altaribus
1430 4278 1750 4349 eiusdem
1808 4276 2149 4348 ecclesiae
2198 4274 2651 4360 obtinebant,
2694 4274 2963 4362 quique
3017 4287 3129 4365 pro
3163 4263 3287 4335 sui

625 4393 955 4465 beneficii
1011 4390 1513 4464 fundatoribus
1568 4389 1996 4460 sacrificium
2050 4386 2539 4478 applicabant,
2582 4386 2756 4474 quin
2809 4383 3047 4456 tamen
3093 4394 3294 4449 com-

631 4522 847 4574 mune
885 4502 1155 4593 aliquid
1184 4521 1345 4574 cum
1374 4502 1559 4574 clero
1591 4502 1934 4573 ecclesiae
1973 4501 2165 4572 illius
2197 4498 2574 4571 haberent.
2601 4495 3016 4569 Invaluerat
3039 4492 3291 4575 etiam,

632 4616 714 4681 ut
765 4612 976 4683 iidem
1029 4620 1268 4684 taxam
1320 4618 1757 4685 scutatorum
1795 4614 2201 4702 quindecim
2240 4612 2628 4702 quotannis
2677 4610 3140 4705 persolverent
3209 4600 3295 4670 in
