3497 5235
1033 364 1153 439 ⁰⁸1²·
1179 365 1276 422 m.
1317 366 1390 423 Dc
1430 364 1564 423 clero
1605 364 1877 423 uocanti.
1919 362 1974 436 ἓ.
2003 362 2082 420 12.
2771 351 2885 414 489

236 520 268 564 »
305 495 595 569 ditorem
650 498 971 586 accipere
1023 497 1439 587 insolutum,
1496 506 1716 587 atque
1767 497 2075 569 vendere
2128 497 2238 567 ius
2288 494 2423 569 sibi
2473 495 2886 581 competens

242 630 274 674 »
310 606 396 677 ad
446 606 852 679 huiusmodi
907 609 1437 698 patrimonium,
1497 609 1687 698 quod
1742 615 1904 701 post
1955 615 2254 680 mortem
2308 606 2533 695 ipsius
2584 600 2885 694 promoti

237 743 270 784 ›
306 717 391 789 ad
443 719 857 792 creditorem
912 722 1014 792 uti
1069 739 1180 793 res
1230 721 1709 795 haereditaria
1747 719 2225 813 pertinebit.»
2283 715 2619 789 Refertur
2664 715 2881 787 etiam

238 829 301 900 in
349 829 512 901 folio
573 831 1013 903 Tusculanae
1065 833 1156 903 ad
1211 831 1398 903 diem
1469 834 1539 904 5.
1590 831 1846 925 Aprilis
1902 832 2116 903 1783.
2171 828 2246 924 ξ.
2290 829 2503 901 quta
2553 833 2879 899 mentem.

368 940 535 1012 424.
594 939 775 1015 Item
829 960 962 1015 nec
1012 952 1247 1033 potest
1300 944 1596 1017 clericus
1647 943 1901 1016 eadem
1954 940 2361 1033 patrimonii
2398 938 2590 1011 bona
2628 938 2701 1008 in
2740 953 2889 1008 em-

237 1051 678 1142 phytheusim
730 1055 1143 1128 concedere.
1200 1053 1481 1128 Etenim
1553 1062 1878 1128 notatum
1933 1063 2040 1128 est
2106 1055 2182 1126 in
2250 1051 2323 1124 S.
2366 1049 2622 1141 Congr.
2665 1048 2879 1120 Conc.

235 1162 315 1236 de
348 1165 627 1254 clerico,
683 1167 806 1255 qui
861 1166 1139 1238 nullum
1193 1168 1747 1241 ecclesiasticum
1803 1167 2231 1240 beneficium
2270 1162 2671 1249 obtinebat,
2720 1177 2881 1249 nec,

234 1284 504 1367 praeter
554 1277 743 1350 bona
797 1280 1353 1370 patrimonialia,
1412 1280 1549 1353 alia
1580 1281 1791 1352 bona
1846 1278 2287 1371 possidebat,
2328 1295 2415 1348 ex
2452 1273 2717 1365 quibus
2767 1290 2888 1343 su·
3019 1293 3025 1298 ·

232 1390 519 1462 stentari
586 1397 849 1481 posset.
909 1387 982 1462 Is
1035 1393 1278 1483 itaque
1314 1411 1472 1465 cum
1509 1393 1696 1464 bona
1736 1395 1871 1465 ista
1912 1390 2434 1484 patrimonialia
2481 1389 2556 1458 in
2592 1383 2887 1475 emphy-

231 1500 558 1590 theusim,
618 1502 1016 1574 inconsulto
1068 1500 1444 1595 Episcopo,
1503 1505 1998 1590 concessisset,
2040 1500 2539 1586 dubitabatur,
2584 1515 2674 1567 an
2721 1514 2889 1567 cou-

228 1612 443 1683 cessio
496 1614 602 1683 uti
655 1612 892 1683 valida
944 1616 1464 1704 sustineretur;
1522 1613 1677 1688 Emi
1732 1614 1979 1690 Patres
2027 1616 2568 1705 rescripserunt,
2633 1626 2889 1683 secun-

225 1722 383 1794 dum
420 1743 535 1811 ea,
577 1742 762 1814 quae
801 1733 1320 1815 proponuntur,
1356 1734 1803 1802 contractum
1842 1727 2318 1800 concessionis
2354 1724 2628 1814 absque
2666 1723 2887 1795 licen-

227 1833 314 1905 tia
351 1832 683 1928 Episcopi
721 1835 982 1907 factam
1019 1855 1164 1909 non
1203 1855 1356 1910 esse
1392 1840 1729 1911 validam.
1768 1836 1945 1910 Vide
1976 1842 2312 1912 Parmen.
2344 1838 2466 1909 20.
2494 1833 2632 1907 Iul.
2666 1834 2880 1907 1641.

225 1947 407 2034 apud
464 1945 806 2018 Zamboni
861 1948 913 2018 1.
956 1967 1017 2020 c.
1061 1968 1255 2020 uum.
1298 1950 1371 2021 4.
1411 1956 1478 2023 et
1529 1950 1648 2021 lib.
1695 1949 1813 2024 16.
1854 1951 2107 2023 decret.
2149 1969 2320 2041 paq.
2354 1947 2566 2029 569„
2604 1962 2886 2018 necnon

221 2056 342 2146 fol.
399 2058 639 2130 dictae
700 2059 1139 2132 Tusculanae
1186 2058 1259 2154 ἓ.
1308 2061 1546 2152 Saepe.

365 2171 539 2243 425.
598 2168 779 2244 Item
834 2189 965 2242 nec
1015 2178 1250 2263 potest
1317 2174 1822 2263 proprietatem
1896 2174 2256 2260 alienare,
2326 2175 2681 2244 reservato
2747 2167 2888 2241 sibi

230 2284 632 2357 usufructu.
692 2282 1143 2375 Disputatum
1182 2285 1369 2356 enim
1409 2291 1519 2357 est
1569 2286 1643 2356 in
1681 2283 1755 2357 S.
1796 2283 1870 2356 C.
1914 2283 2243 2358 Concilii:
2304 2308 2341 2349 ‹
2380 2283 2481 2354 An
2518 2281 2889 2373 presbyter

229 2417 265 2460 ι
302 2394 585 2483 absque
636 2393 966 2486 Episcopi
1020 2395 1310 2467 licentia
1363 2396 1588 2488 possit
1638 2396 1907 2469 donare
1961 2396 2493 2486 patrimonium,
2541 2393 2634 2464 ad
2685 2393 2889 2466 cuius

227 2529 260 2570 ›
300 2507 593 2578 titulum
648 2515 756 2579 est
807 2508 1205 2596 ordinatuS,
1265 2516 1620 2581 reservato
1658 2509 1794 2582 sibi
1832 2508 2202 2582 usufructu
2245 2509 2337 2582 ad
2372 2502 2640 2581 vitam?
2673 2533 2710 2575 ›
2749 2504 2893 2581 Re-

218 2635 559 2708 sponsum
632 2621 937 2711 prodiit:
1016 2643 1053 2686 (
1085 2615 1237 2692 Non
1291 2640 1587 2713 posse.»
1646 2624 1827 2696 Dub.
1873 2627 2080 2697 Patr.
2130 2626 2243 2698 10.
2287 2620 2612 2696 Octobris
2669 2623 2882 2694 1676.

219 2735 406 2822 apud
444 2732 792 2806 Zambon.
837 2735 967 2805 loc.
1002 2735 1124 2807 cit.
1158 2754 1355 2807 num.
1384 2734 1425 2806 7
1438 2787 1493 2816 .,
1530 2735 1653 2806 lib.
1676 2735 1803 2808 29.
1837 2735 2091 2808 decret.
2116 2755 2287 2829 paq.
2317 2735 2490 2810 286.
2528 2741 2600 2806 et
2633 2734 2890 2824 legitur

215 2842 286 2915 in
336 2843 540 2916 Folio
592 2844 826 2919 dictae
887 2846 1326 2918 Tusculanae
1375 2843 1448 2939 ἓ.
1496 2848 1733 2937 Saepe.

355 2953 492 3037 Qui
553 2956 759 3048 plura
798 2957 1159 3029 desiderat
1202 2975 1419 3048 super
1453 2958 1861 3029 huiusmodi
1900 2964 2318 3049 argumento
2371 2957 2582 3029 adeat
2634 2952 2892 3045 Pigna-

212 3067 460 3139 tellum
519 3074 688 3141 tom.
735 3068 801 3142 1.
852 3070 1161 3143 Consult.
1206 3068 1299 3140 77
1311 3121 1364 3150 .,
1417 3067 1541 3140 ubi
1595 3070 1829 3140 varias
1882 3069 1975 3142 ad
2027 3087 2186 3141 rem¹
2228 3067 2350 3142 SS.
2393 3066 2891 3159 Congregatio-

209 3197 378 3252 num
437 3179 967 3253 declarationes
1020 3182 1093 3251 in
1146 3180 1459 3252 medium
1514 3179 1807 3270 profert.

356 3293 537 3363 426.
598 3287 750 3362 Hoc
801 3299 907 3363 est
963 3292 1100 3380 ius,
1158 3310 1300 3381 quo
1351 3292 1658 3362 vivimus
1709 3293 1783 3362 in
1836 3289 2154 3365 Ecclesia
2208 3294 2393 3365 circa
2436 3292 2723 3363 titulum
2777 3309 2893 3362 sa-

209 3421 368 3496 crae
424 3403 934 3475 ordinationis.
992 3399 1341 3484 Quoniam
1395 3420 1559 3473 vero
1609 3402 1941 3493 plurimis
1992 3405 2066 3476 in
2120 3405 2292 3476 locis
2325 3403 2714 3493 aliquando
2748 3409 2889 3474 tam

208 3518 444 3606 gravis
486 3534 579 3586 ac
632 3534 893 3606 urgens
928 3517 1231 3587 occurrit
1270 3516 1682 3602 necessitaS,
1714 3521 1798 3586 ut
1832 3515 1922 3587 ad
1960 3517 2191 3588 maius
2225 3513 2585 3589 Ecclesiae
2622 3514 2888 3586 bonum

203 3625 399 3699 hunc
452 3626 644 3716 legis
696 3626 996 3717 rigorem
1051 3624 1520 3697 relaxandum
1573 3643 1727 3697 esse
1782 3626 1962 3697 ratio
2006 3626 2335 3714 suadeat,
2375 3626 2544 3698 hinc
2596 3624 2892 3715 Aposto-

201 3735 332 3812 lica
390 3737 632 3813 Sedes
687 3736 1095 3808 Antistitum
1152 3736 1484 3828 precibus
1535 3736 1877 3825 adducta,
1917 3745 2299 3828 postquam
2352 3739 2543 3809 omni
2595 3736 2892 3808 maturi-

203 3856 347 3923 tate
404 3870 495 3923 ac
553 3847 967 3940 prudentia,
1025 3857 1235 3943 prout
1290 3856 1533 3921 monet
1568 3847 1899 3940 Synodus
1951 3847 2141 3921 Trid.
2195 3851 2374 3922 sess,
2404 3851 2530 3922 25.
2571 3868 2730 3940 cap.
2766 3846 2884 3922 18.

200 3960 281 4033 de
318 3963 694 4055 Reform„
730 3978 876 4031 rem
915 3963 1318 4032 universam
1356 3959 1447 4030 de
1482 3979 1672 4033 more
1710 3961 2154 4052 expenderit,
2186 3962 2567 4051 aliquoties
2603 3957 2894 4031 Triden-

202 4073 398 4146 tinae
454 4071 865 4144 sanctionis
915 4070 1442 4143 observantiam
1496 4073 1817 4145 remittit.
1879 4070 2103 4144 Multa
2138 4080 2306 4144 sunt
2340 4071 2745 4143 huiusmodi
2783 4069 2894 4141 di-

196 4185 764 4276 spensationum
818 4182 1168 4273 exempla,
1210 4200 1396 4271 quae
1444 4185 1761 4274 congerit
1797 4181 2070 4254 Folium
2109 4201 2365 4255 causae
2394 4184 2700 4274 Bruqen.
2742 4182 2892 4254 sive

196 4294 283 4368 de
335 4304 684 4386 tempore
752 4293 1190 4382 antiquiori,
1266 4292 1414 4365 sive
1467 4294 1867 4365 recentiori.
1938 4291 2128 4367 Illud
2199 4301 2439 4366 tamen
2495 4293 2893 4384 Apostolica

196 4405 419 4480 Sedes
478 4404 912 4498 praesertim
965 4422 1092 4495 per
1144 4401 1215 4475 S.
1260 4402 1332 4476 C.
1376 4401 1587 4476 Conc.
1646 4406 1970 4493 retinuit,
2027 4414 2102 4476 ut
2155 4405 2561 4478 huiusmodi
2616 4402 2897 4476 indulta

194 4538 597 4612 nunquam
645 4518 734 4590 ad
788 4526 1069 4608 tempus
1121 4518 1756 4594 indeterminatum
1810 4526 1883 4591 et
1933 4518 2384 4592 indefinitum
2441 4517 2885 4608 elargiretur.

192 4630 407 4707 Modo
461 4633 677 4706 enim
726 4637 996 4704 certum
1050 4647 1346 4702 casuum
1384 4646 1755 4701 numerum
1795 4630 2320 4716 determinavit,
2360 4629 2577 4701 veluti
2616 4629 2887 4716 decem,

189 4749 482 4841 viginti,
549 4749 641 4816 ut
693 4742 1124 4833 plurimum:
1183 4740 1390 4813 modo
1426 4759 1591 4813 vero
1642 4742 1736 4813 ad
1772 4747 2042 4814 certum
2080 4758 2542 4832 personarum
2580 4747 2894 4824 coetum,
