<?xml version="1.0" encoding="UTF-8"?>
<!DOCTYPE html PUBLIC "-//W3C//DTD XHTML 1.0 Transitional//EN"
    "http://www.w3.org/TR/xhtml1/DTD/xhtml1-transitional.dtd">
<html xmlns="http://www.w3.org/1999/xhtml" xml:lang="en" lang="en">
 <head>
  <title>
</title>
<meta http-equiv="Content-Type" content="text/html;charset=utf-8" />
  <meta name='ocr-system' content='tesseract 3.04.00' />
  <meta name='ocr-capabilities' content='ocr_page ocr_carea ocr_par ocr_line ocrx_word'/>
</head>
<body>
  <div class='ocr_page' id='page_1' title='image "./devisitationesa00popegoog_0044.png"; bbox 0 0 3497 5235; ppageno 0'>
   <div class='ocr_carea' id='block_1_1' title="bbox 601 261 2434 332">
    <p class='ocr_par' dir='ltr' id='par_1_1' title="bbox 601 261 2434 332">
     <span class='ocr_line' id='line_1_1' title="bbox 601 261 2434 332; baseline 0.002 -4"><span class='ocrx_word' id='word_1_1' title='bbox 601 261 682 328; x_wconf 72' lang='lat'><strong>24</strong></span> <span class='ocrx_word' id='word_1_2' title='bbox 1410 267 1483 328; x_wconf 74' lang='lat' dir='ltr'><strong>D·</strong></span> <span class='ocrx_word' id='word_1_3' title='bbox 1520 266 1824 330; x_wconf 58' lang='lat' dir='ltr'><strong>viduitate</strong></span> <span class='ocrx_word' id='word_1_4' title='bbox 1861 268 2129 331; x_wconf 67' lang='lat' dir='ltr'><strong>samm</strong></span> <span class='ocrx_word' id='word_1_5' title='bbox 2163 268 2434 332; x_wconf 19' lang='lat' dir='ltr'><strong>mnium*</strong></span> 
     </span>
    </p>
   </div>
   <div class='ocr_carea' id='block_1_2' title="bbox 598 497 3239 580">
    <p class='ocr_par' dir='ltr' id='par_1_2' title="bbox 598 462 3239 580">
     <span class='ocr_line' id='line_1_2' title="bbox 598 497 3239 580; baseline 0.003 -25"><span class='ocrx_word' id='word_1_6' title='bbox 598 499 711 555; x_wconf 91' lang='lat'><strong>111.</strong></span> <span class='ocrx_word' id='word_1_7' title='bbox 765 497 1031 570; x_wconf 79' lang='lat' dir='ltr'><strong>Quinam</strong></span> <span class='ocrx_word' id='word_1_8' title='bbox 1083 516 1272 560; x_wconf 79' lang='lat' dir='ltr'><strong>sacra</strong></span> <span class='ocrx_word' id='word_1_9' title='bbox 1316 504 1771 574; x_wconf 77' lang='lat' dir='ltr'><strong>Apostolorum</strong></span> <span class='ocrx_word' id='word_1_10' title='bbox 1819 507 2062 562; x_wconf 77' lang='lat' dir='ltr'><strong>Limina</strong></span> <span class='ocrx_word' id='word_1_11' title='bbox 2107 508 2407 571; x_wconf 69' lang='lat' dir='ltr'><strong>visitare,</strong></span> <span class='ocrx_word' id='word_1_12' title='bbox 2456 509 2814 580; x_wconf 77' lang='lat' dir='ltr'><strong>statumque</strong></span> <span class='ocrx_word' id='word_1_13' title='bbox 2864 508 3239 567; x_wconf 71' lang='lat' dir='ltr'><strong>dioeceseon</strong></span> 
     </span>
    </p>
   </div>
   <div class='ocr_carea' id='block_1_3' title="bbox 705 588 3237 742">
    <p class='ocr_par' dir='ltr' id='par_1_3' title="bbox 705 588 3237 742">
     <span class='ocr_line' id='line_1_3' title="bbox 705 588 3237 728; baseline 0.004 -86"><span class='ocrx_word' id='word_1_14' title='bbox 705 588 999 727; x_wconf 50' lang='grc' dir='ltr'><strong>ειὶιὶὺέιέἶ</strong></span> <span class='ocrx_word' id='word_1_15' title='bbox 1055 590 1393 728; x_wconf 53' lang='grc' dir='ltr'><strong>ῒῖξεειιιωι·</strong></span> <span class='ocrx_word' id='word_1_16' title='bbox 1414 630 1430 655; x_wconf 88' lang='grc'><em>,</em></span> <span class='ocrx_word' id='word_1_17' title='bbox 1490 593 1555 647; x_wconf 87' lang='lat' dir='ltr'><strong>et</strong></span> <span class='ocrx_word' id='word_1_18' title='bbox 1614 607 1921 661; x_wconf 79' lang='lat' dir='ltr'><strong>quaenam</strong></span> <span class='ocrx_word' id='word_1_19' title='bbox 1979 595 2419 664; x_wconf 75' lang='lat' dir='ltr'><strong>impedimenta</strong></span> <span class='ocrx_word' id='word_1_20' title='bbox 2474 597 2706 651; x_wconf 66' lang='lat' dir='ltr'><strong>iustam</strong></span> <span class='ocrx_word' id='word_1_21' title='bbox 2766 599 3237 653; x_wconf 65' lang='lat' dir='ltr'><strong>excuntionem</strong></span> 
     </span>
     <span class='ocr_line' id='line_1_4' title="bbox 705 687 1078 742; baseline 0.003 -16"><span class='ocrx_word' id='word_1_22' title='bbox 705 687 903 742; x_wconf 72' lang='lat' dir='ltr'><strong>suppe</strong></span> <span class='ocrx_word' id='word_1_23' title='bbox 997 688 1078 729; x_wconf 85' lang='lat' dir='ltr'><strong>en</strong></span> 
     </span>
    </p>
   </div>
   <div class='ocr_carea' id='block_1_4' title="bbox 587 818 3240 2948">
    <p class='ocr_par' dir='ltr' id='par_1_4' title="bbox 587 818 3240 2948">
     <span class='ocr_line' id='line_1_5' title="bbox 733 818 3231 909; baseline 0.001 -21"><span class='ocrx_word' id='word_1_24' title='bbox 733 822 1155 888; x_wconf 65' lang='lat' dir='ltr'><strong>Suuuamnu.</strong></span> <span class='ocrx_word' id='word_1_25' title='bbox 1184 823 1361 886; x_wconf 75' lang='grc'><strong>-66,</strong></span> <span class='ocrx_word' id='word_1_26' title='bbox 1398 818 1493 886; x_wconf 79' lang='lat' dir='ltr'><strong>Ad</strong></span> <span class='ocrx_word' id='word_1_27' title='bbox 1540 821 1751 909; x_wconf 81' lang='lat' dir='ltr'><strong>legem</strong></span> <span class='ocrx_word' id='word_1_28' title='bbox 1796 833 1994 888; x_wconf 88' lang='lat' dir='ltr'><strong>status</strong></span> <span class='ocrx_word' id='word_1_29' title='bbox 2038 820 2402 900; x_wconf 77' lang='lat' dir='ltr'><strong>referendi,</strong></span> <span class='ocrx_word' id='word_1_30' title='bbox 2454 833 2518 890; x_wconf 92' lang='lat' dir='ltr'><strong>et</strong></span> <span class='ocrx_word' id='word_1_31' title='bbox 2578 827 2685 893; x_wconf 92' lang='lat' dir='ltr'><strong>SS.</strong></span> <span class='ocrx_word' id='word_1_32' title='bbox 2728 827 2860 891; x_wconf 77' lang='grc' dir='ltr'><strong>ΑΛ.</strong></span> <span class='ocrx_word' id='word_1_33' title='bbox 2897 826 3020 889; x_wconf 78' lang='lat' dir='ltr'><strong>LI..</strong></span> <span class='ocrx_word' id='word_1_34' title='bbox 3086 824 3231 891; x_wconf 80' lang='lat' dir='ltr'><strong>visi-</strong></span> 
     </span>
     <span class='ocr_line' id='line_1_6' title="bbox 600 920 3235 1012; baseline 0.002 -25"><span class='ocrx_word' id='word_1_35' title='bbox 600 920 769 988; x_wconf 88' lang='lat' dir='ltr'><strong>tandi</strong></span> <span class='ocrx_word' id='word_1_36' title='bbox 819 922 1027 990; x_wconf 91' lang='lat' dir='ltr'><strong>cuncti</strong></span> <span class='ocrx_word' id='word_1_37' title='bbox 1079 920 1337 988; x_wconf 90' lang='lat' dir='ltr'><strong>omnino</strong></span> <span class='ocrx_word' id='word_1_38' title='bbox 1383 923 1700 988; x_wconf 89' lang='lat' dir='ltr'><strong>Praesules</strong></span> <span class='ocrx_word' id='word_1_39' title='bbox 1772 932 2093 989; x_wconf 89' lang='lat' dir='ltr'><strong>tenentur.</strong></span> <span class='ocrx_word' id='word_1_40' title='bbox 2129 959 2173 973; x_wconf 90' lang='lat'><em>-</em></span> <span class='ocrx_word' id='word_1_41' title='bbox 2204 927 2268 991; x_wconf 93' lang='lat' dir='ltr'><strong>S.</strong></span> <span class='ocrx_word' id='word_1_42' title='bbox 2307 926 2507 1010; x_wconf 80' lang='lat' dir='ltr'><strong>cong.</strong></span> <span class='ocrx_word' id='word_1_43' title='bbox 2545 943 2871 1011; x_wconf 81' lang='lat' dir='ltr'><strong>nunquam</strong></span> <span class='ocrx_word' id='word_1_44' title='bbox 2938 942 3057 1012; x_wconf 90' lang='lat' dir='ltr'><strong>pro</strong></span> <span class='ocrx_word' id='word_1_45' title='bbox 3122 945 3235 1012; x_wconf 90' lang='lat' dir='ltr'><strong>op·</strong></span> 
     </span>
     <span class='ocr_line' id='line_1_7' title="bbox 596 1022 3233 1113; baseline 0.001 -23"><span class='ocrx_word' id='word_1_46' title='bbox 596 1026 983 1109; x_wconf 89' lang='lat' dir='ltr'><strong>portunitate</strong></span> <span class='ocrx_word' id='word_1_47' title='bbox 1030 1024 1270 1092; x_wconf 81' lang='lat' dir='ltr'>destitit</span> <span class='ocrx_word' id='word_1_48' title='bbox 1313 1022 1501 1089; x_wconf 88' lang='lat' dir='ltr'><strong>huius</strong></span> <span class='ocrx_word' id='word_1_49' title='bbox 1550 1024 1733 1089; x_wconf 88' lang='lat' dir='ltr'><strong>officii</strong></span> <span class='ocrx_word' id='word_1_50' title='bbox 1785 1026 2258 1091; x_wconf 80' lang='lat' dir='ltr'><strong>exsecutionem</strong></span> <span class='ocrx_word' id='word_1_51' title='bbox 2289 1044 2547 1113; x_wconf 80' lang='lat' dir='ltr'><strong>urgere,</strong></span> <span class='ocrx_word' id='word_1_52' title='bbox 2583 1045 2701 1091; x_wconf 90' lang='lat' dir='ltr'><strong>ceu</strong></span> <span class='ocrx_word' id='word_1_53' title='bbox 2734 1045 2942 1112; x_wconf 85' lang='lat' dir='ltr'><strong>nuper</strong></span> <span class='ocrx_word' id='word_1_54' title='bbox 2971 1025 3053 1093; x_wconf 90' lang='lat' dir='ltr'><strong>de</strong></span> <span class='ocrx_word' id='word_1_55' title='bbox 3085 1028 3233 1112; x_wconf 90' lang='lat' dir='ltr'><strong>Epi·</strong></span> 
     </span>
     <span class='ocr_line' id='line_1_8' title="bbox 593 1124 3237 1212; baseline 0 -20"><span class='ocrx_word' id='word_1_56' title='bbox 593 1126 801 1212; x_wconf 86' lang='lat' dir='ltr'><strong>scopis</strong></span> <span class='ocrx_word' id='word_1_57' title='bbox 849 1126 1157 1194; x_wconf 86' lang='lat' dir='ltr'><strong>Lusitanis</strong></span> <span class='ocrx_word' id='word_1_58' title='bbox 1203 1124 1453 1192; x_wconf 86' lang='lat' dir='ltr'><strong>accidit.</strong></span> <span class='ocrx_word' id='word_1_59' title='bbox 1483 1130 1660 1190; x_wconf 76' lang='lat'><strong>-56.</strong></span> <span class='ocrx_word' id='word_1_60' title='bbox 1699 1127 1836 1191; x_wconf 87' lang='lat' dir='ltr'><strong>Non</strong></span> <span class='ocrx_word' id='word_1_61' title='bbox 1884 1124 2291 1212; x_wconf 87' lang='lat' dir='ltr'><strong>excipiuntur</strong></span> <span class='ocrx_word' id='word_1_62' title='bbox 2339 1126 2699 1193; x_wconf 79' lang='lat' dir='ltr'><strong>cardinales</strong></span> <span class='ocrx_word' id='word_1_63' title='bbox 2731 1126 3237 1193; x_wconf 86' lang='lat' dir='ltr'><strong>suburbicarii.-</strong></span> 
     </span>
     <span class='ocr_line' id='line_1_9' title="bbox 598 1225 3240 1315; baseline 0.001 -21"><span class='ocrx_word' id='word_1_64' title='bbox 598 1231 702 1294; x_wconf 76' lang='lat'><strong>57.</strong></span> <span class='ocrx_word' id='word_1_65' title='bbox 727 1230 950 1315; x_wconf 86' lang='lat' dir='ltr'><strong>Neque</strong></span> <span class='ocrx_word' id='word_1_66' title='bbox 975 1227 1237 1294; x_wconf 86' lang='lat' dir='ltr'><strong>Praelati</strong></span> <span class='ocrx_word' id='word_1_67' title='bbox 1264 1225 1597 1292; x_wconf 84' lang='lat' dir='ltr'><strong>inferiores</strong></span> <span class='ocrx_word' id='word_1_68' title='bbox 1623 1228 1848 1292; x_wconf 78' lang='lat' dir='ltr'><strong>tertiae</strong></span> <span class='ocrx_word' id='word_1_69' title='bbox 1872 1227 2135 1314; x_wconf 83' lang='lat' dir='ltr'><strong>speciei,</strong></span> <span class='ocrx_word' id='word_1_70' title='bbox 2167 1227 2428 1293; x_wconf 75' lang='lat' dir='ltr'><strong>Nullius</strong></span> <span class='ocrx_word' id='word_1_71' title='bbox 2452 1229 2645 1315; x_wconf 83' lang='lat' dir='ltr'><strong>vulgo</strong></span> <span class='ocrx_word' id='word_1_72' title='bbox 2670 1227 2823 1295; x_wconf 83' lang='lat' dir='ltr'><strong>dicti</strong></span> <span class='ocrx_word' id='word_1_73' title='bbox 2836 1265 2899 1292; x_wconf 86' lang='lat'><strong>.—</strong></span> <span class='ocrx_word' id='word_1_74' title='bbox 2917 1231 3240 1306; x_wconf 63' lang='grc'><strong>580636-</strong></span> 
     </span>
     <span class='ocr_line' id='line_1_10' title="bbox 596 1327 3234 1416; baseline 0.002 -22"><span class='ocrx_word' id='word_1_75' title='bbox 596 1329 679 1394; x_wconf 89' lang='lat' dir='ltr'><strong>do</strong></span> <span class='ocrx_word' id='word_1_76' title='bbox 727 1330 1039 1416; x_wconf 84' lang='lat' dir='ltr'><strong>Episcopo</strong></span> <span class='ocrx_word' id='word_1_77' title='bbox 1088 1328 1415 1396; x_wconf 90' lang='lat' dir='ltr'><strong>coadiutor</strong></span> <span class='ocrx_word' id='word_1_78' title='bbox 1461 1328 1671 1404; x_wconf 86' lang='lat' dir='ltr'><strong>datur,</strong></span> <span class='ocrx_word' id='word_1_79' title='bbox 1720 1329 1868 1394; x_wconf 90' lang='lat' dir='ltr'><strong>satis</strong></span> <span class='ocrx_word' id='word_1_80' title='bbox 1916 1338 2033 1407; x_wconf 88' lang='lat' dir='ltr'><strong>est,</strong></span> <span class='ocrx_word' id='word_1_81' title='bbox 2084 1329 2133 1393; x_wconf 91' lang='lat' dir='ltr'><strong>si</strong></span> <span class='ocrx_word' id='word_1_82' title='bbox 2184 1327 2560 1414; x_wconf 80' lang='lat' dir='ltr'><strong>Episcopus,</strong></span> <span class='ocrx_word' id='word_1_83' title='bbox 2600 1331 2702 1395; x_wconf 88' lang='lat' dir='ltr'><strong>vel</strong></span> <span class='ocrx_word' id='word_1_84' title='bbox 2737 1330 3063 1397; x_wconf 91' lang='lat' dir='ltr'><strong>coadiutor</strong></span> <span class='ocrx_word' id='word_1_85' title='bbox 3095 1351 3234 1399; x_wconf 90' lang='lat' dir='ltr'><strong>eam</strong></span> 
     </span>
     <span class='ocr_line' id='line_1_11' title="bbox 596 1428 3226 1519; baseline 0.002 -24"><span class='ocrx_word' id='word_1_86' title='bbox 596 1432 804 1516; x_wconf 83' lang='lat' dir='ltr'><strong>legem</strong></span> <span class='ocrx_word' id='word_1_87' title='bbox 853 1431 1152 1497; x_wconf 84' lang='lat' dir='ltr'><strong>absolvat.</strong></span> <span class='ocrx_word' id='word_1_88' title='bbox 1190 1466 1233 1480; x_wconf 90' lang='lat'>-</span> <span class='ocrx_word' id='word_1_89' title='bbox 1264 1431 1370 1496; x_wconf 75' lang='lat'><strong>59.</strong></span> <span class='ocrx_word' id='word_1_90' title='bbox 1409 1428 1472 1495; x_wconf 92' lang='lat' dir='ltr'><strong>Si</strong></span> <span class='ocrx_word' id='word_1_91' title='bbox 1524 1429 1836 1515; x_wconf 85' lang='lat' dir='ltr'><strong>Episcopo</strong></span> <span class='ocrx_word' id='word_1_92' title='bbox 1882 1429 2348 1495; x_wconf 89' lang='lat' dir='ltr'><strong>administrator</strong></span> <span class='ocrx_word' id='word_1_93' title='bbox 2397 1429 2793 1515; x_wconf 82' lang='lat' dir='ltr'><strong>Apostolicus</strong></span> <span class='ocrx_word' id='word_1_94' title='bbox 2841 1431 3226 1519; x_wconf 88' lang='lat' dir='ltr'><strong>imponatur,</strong></span> 
     </span>
     <span class='ocr_line' id='line_1_12' title="bbox 595 1531 3233 1620; baseline 0 -23"><span class='ocrx_word' id='word_1_95' title='bbox 595 1533 752 1598; x_wconf 87' lang='lat' dir='ltr'><strong>alter</strong></span> <span class='ocrx_word' id='word_1_96' title='bbox 799 1543 923 1599; x_wconf 90' lang='lat' dir='ltr'><strong>tam</strong></span> <span class='ocrx_word' id='word_1_97' title='bbox 967 1551 1108 1610; x_wconf 87' lang='lat' dir='ltr'><strong>suo,</strong></span> <span class='ocrx_word' id='word_1_98' title='bbox 1162 1550 1347 1619; x_wconf 90' lang='lat' dir='ltr'><strong>quam</strong></span> <span class='ocrx_word' id='word_1_99' title='bbox 1396 1531 1691 1617; x_wconf 86' lang='lat' dir='ltr'><strong>Episcopi</strong></span> <span class='ocrx_word' id='word_1_100' title='bbox 1742 1531 2001 1597; x_wconf 92' lang='lat' dir='ltr'><strong>nomine</strong></span> <span class='ocrx_word' id='word_1_101' title='bbox 2034 1531 2323 1599; x_wconf 86' lang='lat' dir='ltr'><strong>eamdem</strong></span> <span class='ocrx_word' id='word_1_102' title='bbox 2357 1533 2563 1617; x_wconf 80' lang='lat' dir='ltr'><strong>legem</strong></span> <span class='ocrx_word' id='word_1_103' title='bbox 2599 1542 2855 1599; x_wconf 88' lang='lat' dir='ltr'><strong>tenetur</strong></span> <span class='ocrx_word' id='word_1_104' title='bbox 2883 1533 3233 1620; x_wconf 84' lang='lat' dir='ltr'><strong>explere.-</strong></span> 
     </span>
     <span class='ocr_line' id='line_1_13' title="bbox 595 1632 3229 1721; baseline 0.001 -21"><span class='ocrx_word' id='word_1_105' title='bbox 595 1637 700 1700; x_wconf 86' lang='lat'><strong>60.</strong></span> <span class='ocrx_word' id='word_1_106' title='bbox 740 1637 847 1700; x_wconf 81' lang='lat'><strong>61.</strong></span> <span class='ocrx_word' id='word_1_107' title='bbox 884 1639 968 1700; x_wconf 88' lang='lat' dir='ltr'><strong>Ea</strong></span> <span class='ocrx_word' id='word_1_108' title='bbox 1015 1634 1157 1720; x_wconf 83' lang='lat' dir='ltr'><strong>lege</strong></span> <span class='ocrx_word' id='word_1_109' title='bbox 1196 1635 1401 1699; x_wconf 90' lang='lat' dir='ltr'><strong>teneri</strong></span> <span class='ocrx_word' id='word_1_110' title='bbox 1453 1633 1797 1719; x_wconf 88' lang='lat' dir='ltr'><strong>Episcopos</strong></span> <span class='ocrx_word' id='word_1_111' title='bbox 1865 1632 2198 1712; x_wconf 87' lang='lat' dir='ltr'><strong>titulares,</strong></span> <span class='ocrx_word' id='word_1_112' title='bbox 2249 1634 2443 1721; x_wconf 84' lang='lat' dir='ltr'><strong>aliqui</strong></span> <span class='ocrx_word' id='word_1_113' title='bbox 2515 1633 2804 1701; x_wconf 87' lang='lat' dir='ltr'><strong>doctores</strong></span> <span class='ocrx_word' id='word_1_114' title='bbox 2871 1646 3229 1716; x_wconf 83' lang='lat' dir='ltr'><strong>autumant;</strong></span> 
     </span>
     <span class='ocr_line' id='line_1_14' title="bbox 592 1733 3230 1824; baseline 0.001 -23"><span class='ocrx_word' id='word_1_115' title='bbox 592 1754 740 1802; x_wconf 87' lang='lat' dir='ltr'><strong>usus</strong></span> <span class='ocrx_word' id='word_1_116' title='bbox 785 1749 995 1804; x_wconf 88' lang='lat' dir='ltr'><strong>autem</strong></span> <span class='ocrx_word' id='word_1_117' title='bbox 1042 1738 1226 1803; x_wconf 87' lang='lat' dir='ltr'><strong>aliter</strong></span> <span class='ocrx_word' id='word_1_118' title='bbox 1267 1754 1337 1801; x_wconf 87' lang='lat' dir='ltr'><strong>se</strong></span> <span class='ocrx_word' id='word_1_119' title='bbox 1384 1733 1596 1800; x_wconf 88' lang='lat' dir='ltr'><strong>habet.</strong></span> <span class='ocrx_word' id='word_1_120' title='bbox 1631 1739 1809 1801; x_wconf 79' lang='grc'><strong>-62,</strong></span> <span class='ocrx_word' id='word_1_121' title='bbox 1847 1735 1908 1802; x_wconf 91' lang='lat' dir='ltr'><strong>Si</strong></span> <span class='ocrx_word' id='word_1_122' title='bbox 1960 1737 2357 1824; x_wconf 85' lang='lat' dir='ltr'><strong>episcopatus</strong></span> <span class='ocrx_word' id='word_1_123' title='bbox 2402 1737 2641 1803; x_wconf 86' lang='lat' dir='ltr'><strong>vacatio</strong></span> <span class='ocrx_word' id='word_1_124' title='bbox 2687 1734 2949 1803; x_wconf 84' lang='lat' dir='ltr'><strong>fortasse</strong></span> <span class='ocrx_word' id='word_1_125' title='bbox 2997 1738 3061 1803; x_wconf 92' lang='lat' dir='ltr'><strong>in</strong></span> <span class='ocrx_word' id='word_1_126' title='bbox 3092 1738 3230 1804; x_wconf 89' lang='lat' dir='ltr'><strong>lon-</strong></span> 
     </span>
     <span class='ocr_line' id='line_1_15' title="bbox 592 1836 3229 1927; baseline 0.001 -24"><span class='ocrx_word' id='word_1_127' title='bbox 592 1857 745 1924; x_wconf 77' lang='lat' dir='ltr'><strong>gum</strong></span> <span class='ocrx_word' id='word_1_128' title='bbox 789 1838 1215 1924; x_wconf 87' lang='lat' dir='ltr'><strong>protrahatur,</strong></span> <span class='ocrx_word' id='word_1_129' title='bbox 1266 1836 1422 1902; x_wconf 90' lang='lat' dir='ltr'><strong>nibil</strong></span> <span class='ocrx_word' id='word_1_130' title='bbox 1470 1846 1663 1915; x_wconf 84' lang='lat' dir='ltr'><strong>vetat,</strong></span> <span class='ocrx_word' id='word_1_131' title='bbox 1715 1838 2055 1922; x_wconf 84' lang='lat' dir='ltr'><strong>quominus</strong></span> <span class='ocrx_word' id='word_1_132' title='bbox 2103 1838 2331 1905; x_wconf 85' lang='lat' dir='ltr'><strong>Vicarii</strong></span> <span class='ocrx_word' id='word_1_133' title='bbox 2383 1838 2768 1924; x_wconf 86' lang='lat' dir='ltr'><strong>Capitulares</strong></span> <span class='ocrx_word' id='word_1_134' title='bbox 2836 1857 2976 1904; x_wconf 91' lang='lat' dir='ltr'><strong>eam</strong></span> <span class='ocrx_word' id='word_1_135' title='bbox 3021 1839 3229 1927; x_wconf 80' lang='lat' dir='ltr'><strong>legem</strong></span> 
     </span>
     <span class='ocr_line' id='line_1_16' title="bbox 590 1937 3226 2026; baseline 0.001 -23"><span class='ocrx_word' id='word_1_136' title='bbox 590 1957 899 2026; x_wconf 83' lang='lat' dir='ltr'><strong>peragere</strong></span> <span class='ocrx_word' id='word_1_137' title='bbox 944 1940 1210 2025; x_wconf 87' lang='lat' dir='ltr'><strong>possint,</strong></span> <span class='ocrx_word' id='word_1_138' title='bbox 1263 1937 1507 2005; x_wconf 88' lang='lat' dir='ltr'><strong>tametsi</strong></span> <span class='ocrx_word' id='word_1_139' title='bbox 1555 1938 1772 2003; x_wconf 88' lang='lat' dir='ltr'><strong>stricte</strong></span> <span class='ocrx_word' id='word_1_140' title='bbox 1818 1958 1945 2005; x_wconf 90' lang='lat' dir='ltr'><strong>non</strong></span> <span class='ocrx_word' id='word_1_141' title='bbox 1998 1950 2352 2006; x_wconf 87' lang='lat' dir='ltr'><strong>teneantur.</strong></span> <span class='ocrx_word' id='word_1_142' title='bbox 2382 1944 2554 2007; x_wconf 84' lang='lat'><strong>-63.</strong></span> <span class='ocrx_word' id='word_1_143' title='bbox 2595 1941 2645 2005; x_wconf 79' lang='lat' dir='ltr'>A</span> <span class='ocrx_word' id='word_1_144' title='bbox 2678 1943 2812 2007; x_wconf 92' lang='lat' dir='ltr'><strong>Sac.</strong></span> <span class='ocrx_word' id='word_1_145' title='bbox 2854 1943 3089 2026; x_wconf 77' lang='lat' dir='ltr'><strong>Congr.</strong></span> <span class='ocrx_word' id='word_1_146' title='bbox 3143 1940 3226 2007; x_wconf 87' lang='lat' dir='ltr'><strong>de</strong></span> 
     </span>
     <span class='ocr_line' id='line_1_17' title="bbox 591 2039 3230 2131; baseline 0.001 -25"><span class='ocrx_word' id='word_1_147' title='bbox 591 2046 776 2131; x_wconf 88' lang='lat' dir='ltr'><strong>Prop.</strong></span> <span class='ocrx_word' id='word_1_148' title='bbox 819 2040 952 2106; x_wconf 86' lang='lat' dir='ltr'><strong>Fid.</strong></span> <span class='ocrx_word' id='word_1_149' title='bbox 994 2043 1362 2108; x_wconf 82' lang='lat' dir='ltr'><strong>relationem</strong></span> <span class='ocrx_word' id='word_1_150' title='bbox 1411 2039 1712 2105; x_wconf 85' lang='lat' dir='ltr'><strong>exhibere</strong></span> <span class='ocrx_word' id='word_1_151' title='bbox 1761 2039 1907 2105; x_wconf 86' lang='lat' dir='ltr'><strong>iussi</strong></span> <span class='ocrx_word' id='word_1_152' title='bbox 1955 2052 2101 2107; x_wconf 90' lang='lat' dir='ltr'><strong>sunt</strong></span> <span class='ocrx_word' id='word_1_153' title='bbox 2151 2042 2439 2129; x_wconf 85' lang='lat' dir='ltr'><strong>Episcopi</strong></span> <span class='ocrx_word' id='word_1_154' title='bbox 2476 2044 2736 2130; x_wconf 82' lang='lat' dir='ltr'><strong>Angliae</strong></span> <span class='ocrx_word' id='word_1_155' title='bbox 2770 2042 3053 2130; x_wconf 87' lang='lat' dir='ltr'><strong>itemque</strong></span> <span class='ocrx_word' id='word_1_156' title='bbox 3083 2044 3230 2110; x_wconf 83' lang='lat' dir='ltr'><strong>Hol-</strong></span> 
     </span>
     <span class='ocr_line' id='line_1_18' title="bbox 593 2143 3230 2230; baseline 0.001 -21"><span class='ocrx_word' id='word_1_157' title='bbox 593 2144 859 2222; x_wconf 90' lang='lat' dir='ltr'><strong>landiae,</strong></span> <span class='ocrx_word' id='word_1_158' title='bbox 914 2157 977 2211; x_wconf 90' lang='lat' dir='ltr'><strong>et</strong></span> <span class='ocrx_word' id='word_1_159' title='bbox 1023 2144 1391 2230; x_wconf 84' lang='lat' dir='ltr'><strong>provinciae</strong></span> <span class='ocrx_word' id='word_1_160' title='bbox 1439 2146 1700 2229; x_wconf 84' lang='lat' dir='ltr'><strong>Fogaras</strong></span> <span class='ocrx_word' id='word_1_161' title='bbox 1748 2153 1814 2210; x_wconf 89' lang='lat' dir='ltr'><strong>et</strong></span> <span class='ocrx_word' id='word_1_162' title='bbox 1860 2143 2051 2210; x_wconf 82' lang='lat' dir='ltr'><strong>Albae</strong></span> <span class='ocrx_word' id='word_1_163' title='bbox 2099 2145 2287 2210; x_wconf 86' lang='lat' dir='ltr'><strong>Iuliae</strong></span> <span class='ocrx_word' id='word_1_164' title='bbox 2336 2145 2490 2211; x_wconf 88' lang='lat' dir='ltr'><strong>ritus</strong></span> <span class='ocrx_word' id='word_1_165' title='bbox 2538 2144 2887 2211; x_wconf 81' lang='lat' dir='ltr'><strong>orientalis.</strong></span> <span class='ocrx_word' id='word_1_166' title='bbox 2922 2180 2965 2193; x_wconf 93' lang='lat'>-</span> <span class='ocrx_word' id='word_1_167' title='bbox 3011 2148 3120 2212; x_wconf 80' lang='lat'><strong>64.</strong></span> <span class='ocrx_word' id='word_1_168' title='bbox 3161 2148 3230 2212; x_wconf 85' lang='lat' dir='ltr'><strong>ln</strong></span> 
     </span>
     <span class='ocr_line' id='line_1_19' title="bbox 589 2244 3230 2333; baseline 0 -21"><span class='ocrx_word' id='word_1_169' title='bbox 589 2246 996 2313; x_wconf 89' lang='lat' dir='ltr'><strong>admittendis</strong></span> <span class='ocrx_word' id='word_1_170' title='bbox 1044 2244 1555 2332; x_wconf 85' lang='lat' dir='ltr'><strong>procuratoribus</strong></span> <span class='ocrx_word' id='word_1_171' title='bbox 1585 2244 1660 2309; x_wconf 90' lang='lat' dir='ltr'><strong>ad</strong></span> <span class='ocrx_word' id='word_1_172' title='bbox 1693 2245 1813 2310; x_wconf 87' lang='lat' dir='ltr'><strong>boc</strong></span> <span class='ocrx_word' id='word_1_173' title='bbox 1848 2244 2119 2312; x_wconf 83' lang='lat' dir='ltr'><strong>officium</strong></span> <span class='ocrx_word' id='word_1_174' title='bbox 2165 2247 2596 2333; x_wconf 90' lang='lat' dir='ltr'><strong>supplendum</strong></span> <span class='ocrx_word' id='word_1_175' title='bbox 2641 2244 2830 2312; x_wconf 85' lang='lat' dir='ltr'><strong>bodie</strong></span> <span class='ocrx_word' id='word_1_176' title='bbox 2865 2245 3038 2333; x_wconf 82' lang='lat' dir='ltr'><strong>rigor</strong></span> <span class='ocrx_word' id='word_1_177' title='bbox 3069 2249 3230 2313; x_wconf 89' lang='lat' dir='ltr'><strong>anti-</strong></span> 
     </span>
     <span class='ocr_line' id='line_1_20' title="bbox 590 2345 3226 2436; baseline -0.001 -20"><span class='ocrx_word' id='word_1_178' title='bbox 590 2371 753 2436; x_wconf 90' lang='lat' dir='ltr'><strong>quus</strong></span> <span class='ocrx_word' id='word_1_179' title='bbox 801 2361 1187 2435; x_wconf 88' lang='lat' dir='ltr'><strong>temperatus</strong></span> <span class='ocrx_word' id='word_1_180' title='bbox 1236 2360 1356 2414; x_wconf 87' lang='lat' dir='ltr'><strong>est.</strong></span> <span class='ocrx_word' id='word_1_181' title='bbox 1389 2383 1433 2397; x_wconf 87' lang='lat'>-</span> <span class='ocrx_word' id='word_1_182' title='bbox 1466 2352 1573 2413; x_wconf 83' lang='lat'><strong>65.</strong></span> <span class='ocrx_word' id='word_1_183' title='bbox 1634 2347 1812 2414; x_wconf 88' lang='lat' dir='ltr'><strong>Haud</strong></span> <span class='ocrx_word' id='word_1_184' title='bbox 1862 2346 2041 2413; x_wconf 76' lang='lat' dir='ltr'><strong>facile</strong></span> <span class='ocrx_word' id='word_1_185' title='bbox 2087 2348 2377 2414; x_wconf 88' lang='lat' dir='ltr'><strong>sacerdos</strong></span> <span class='ocrx_word' id='word_1_186' title='bbox 2425 2345 2731 2435; x_wconf 82' lang='lat' dir='ltr'><strong>regularis</strong></span> <span class='ocrx_word' id='word_1_187' title='bbox 2791 2348 2941 2412; x_wconf 91' lang='lat' dir='ltr'><strong>olim</strong></span> <span class='ocrx_word' id='word_1_188' title='bbox 3001 2346 3226 2413; x_wconf 87' lang='lat' dir='ltr'><strong>admit-</strong></span> 
     </span>
     <span class='ocr_line' id='line_1_21' title="bbox 591 2448 3224 2537; baseline -0.003 -20"><span class='ocrx_word' id='word_1_189' title='bbox 591 2452 863 2517; x_wconf 91' lang='lat' dir='ltr'><strong>tebatur.</strong></span> <span class='ocrx_word' id='word_1_190' title='bbox 901 2487 944 2499; x_wconf 92' lang='lat'>-</span> <span class='ocrx_word' id='word_1_191' title='bbox 977 2454 1085 2516; x_wconf 84' lang='lat'><strong>66.</strong></span> <span class='ocrx_word' id='word_1_192' title='bbox 1126 2453 1363 2516; x_wconf 86' lang='lat' dir='ltr'><strong>Verum</strong></span> <span class='ocrx_word' id='word_1_193' title='bbox 1410 2449 1523 2513; x_wconf 91' lang='lat' dir='ltr'><strong>hac</strong></span> <span class='ocrx_word' id='word_1_194' title='bbox 1572 2450 1763 2512; x_wconf 87' lang='lat' dir='ltr'><strong>etiam</strong></span> <span class='ocrx_word' id='word_1_195' title='bbox 1812 2449 1876 2513; x_wconf 92' lang='lat' dir='ltr'><strong>in</strong></span> <span class='ocrx_word' id='word_1_196' title='bbox 1923 2467 1991 2513; x_wconf 89' lang='lat' dir='ltr'><strong>re</strong></span> <span class='ocrx_word' id='word_1_197' title='bbox 2040 2448 2214 2537; x_wconf 79' lang='lat' dir='ltr'><strong>rigor</strong></span> <span class='ocrx_word' id='word_1_198' title='bbox 2257 2448 2551 2533; x_wconf 89' lang='lat' dir='ltr'><strong>antiquus</strong></span> <span class='ocrx_word' id='word_1_199' title='bbox 2600 2457 2987 2532; x_wconf 89' lang='lat' dir='ltr'><strong>temperatus</strong></span> <span class='ocrx_word' id='word_1_200' title='bbox 3034 2459 3148 2514; x_wconf 89' lang='lat' dir='ltr'><strong>est.</strong></span> <span class='ocrx_word' id='word_1_201' title='bbox 3178 2482 3224 2496; x_wconf 91' lang='lat'>-</span> 
     </span>
     <span class='ocr_line' id='line_1_22' title="bbox 590 2548 3226 2636; baseline -0.002 -16"><span class='ocrx_word' id='word_1_202' title='bbox 590 2557 694 2621; x_wconf 91' lang='grc'><strong>67.</strong></span> <span class='ocrx_word' id='word_1_203' title='bbox 747 2556 1060 2631; x_wconf 83' lang='lat' dir='ltr'><strong>Quaenam</strong></span> <span class='ocrx_word' id='word_1_204' title='bbox 1107 2552 1232 2619; x_wconf 89' lang='lat' dir='ltr'><strong>sint</strong></span> <span class='ocrx_word' id='word_1_205' title='bbox 1278 2553 1344 2616; x_wconf 92' lang='lat' dir='ltr'><strong>in</strong></span> <span class='ocrx_word' id='word_1_206' title='bbox 1388 2551 1602 2636; x_wconf 89' lang='lat' dir='ltr'><strong>specie</strong></span> <span class='ocrx_word' id='word_1_207' title='bbox 1650 2551 2141 2636; x_wconf 91' lang='lat' dir='ltr'><strong>impedimenta,</strong></span> <span class='ocrx_word' id='word_1_208' title='bbox 2196 2569 2355 2636; x_wconf 90' lang='lat' dir='ltr'><strong>quae</strong></span> <span class='ocrx_word' id='word_1_209' title='bbox 2405 2550 2785 2636; x_wconf 87' lang='lat' dir='ltr'><strong>Episcopum</strong></span> <span class='ocrx_word' id='word_1_210' title='bbox 2844 2548 2920 2613; x_wconf 89' lang='lat' dir='ltr'><strong>ab</strong></span> <span class='ocrx_word' id='word_1_211' title='bbox 2968 2548 3085 2614; x_wconf 89' lang='lat' dir='ltr'><strong>hoc</strong></span> <span class='ocrx_word' id='word_1_212' title='bbox 3135 2548 3226 2615; x_wconf 78' lang='lat' dir='ltr'><strong>of-</strong></span> 
     </span>
     <span class='ocr_line' id='line_1_23' title="bbox 587 2651 3228 2739; baseline -0.001 -18"><span class='ocrx_word' id='word_1_213' title='bbox 587 2656 730 2721; x_wconf 83' lang='lat' dir='ltr'><strong>ficio</strong></span> <span class='ocrx_word' id='word_1_214' title='bbox 777 2654 1163 2722; x_wconf 85' lang='lat' dir='ltr'><strong>absolvendo</strong></span> <span class='ocrx_word' id='word_1_215' title='bbox 1211 2664 1534 2719; x_wconf 87' lang='lat' dir='ltr'><strong>excusent.</strong></span> <span class='ocrx_word' id='word_1_216' title='bbox 1572 2689 1615 2702; x_wconf 92' lang='lat'>-</span> <span class='ocrx_word' id='word_1_217' title='bbox 1647 2656 1756 2720; x_wconf 87' lang='lat'><strong>68.</strong></span> <span class='ocrx_word' id='word_1_218' title='bbox 1795 2656 2078 2731; x_wconf 86' lang='lat' dir='ltr'><strong>Poenae,</strong></span> <span class='ocrx_word' id='word_1_219' title='bbox 2130 2673 2284 2739; x_wconf 90' lang='lat' dir='ltr'><strong>quas</strong></span> <span class='ocrx_word' id='word_1_220' title='bbox 2331 2653 2467 2738; x_wconf 89' lang='lat' dir='ltr'><strong>ipso</strong></span> <span class='ocrx_word' id='word_1_221' title='bbox 2513 2651 2672 2717; x_wconf 85' lang='lat' dir='ltr'><strong>sacto</strong></span> <span class='ocrx_word' id='word_1_222' title='bbox 2721 2671 2797 2718; x_wconf 78' lang='lat' dir='ltr'><strong>ex</strong></span> <span class='ocrx_word' id='word_1_223' title='bbox 2845 2651 3085 2719; x_wconf 79' lang='lat' dir='ltr'><strong>Sixtina</strong></span> <span class='ocrx_word' id='word_1_224' title='bbox 3133 2652 3228 2718; x_wconf 88' lang='lat' dir='ltr'><strong>in-</strong></span> 
     </span>
     <span class='ocr_line' id='line_1_24' title="bbox 587 2753 3228 2845; baseline -0.003 -21"><span class='ocrx_word' id='word_1_225' title='bbox 587 2771 852 2825; x_wconf 87' lang='lat' dir='ltr'><strong>currunt</strong></span> <span class='ocrx_word' id='word_1_226' title='bbox 898 2757 1194 2845; x_wconf 88' lang='lat' dir='ltr'><strong>Episcopi</strong></span> <span class='ocrx_word' id='word_1_227' title='bbox 1245 2756 1530 2823; x_wconf 88' lang='lat' dir='ltr'><strong>eamdem</strong></span> <span class='ocrx_word' id='word_1_228' title='bbox 1579 2758 1784 2840; x_wconf 82' lang='lat' dir='ltr'><strong>legem</strong></span> <span class='ocrx_word' id='word_1_229' title='bbox 1833 2756 2005 2823; x_wconf 87' lang='lat' dir='ltr'><strong>statis</strong></span> <span class='ocrx_word' id='word_1_230' title='bbox 2067 2755 2462 2840; x_wconf 82' lang='lat' dir='ltr'><strong>temporibus</strong></span> <span class='ocrx_word' id='word_1_231' title='bbox 2526 2774 2654 2820; x_wconf 91' lang='lat' dir='ltr'><strong>non</strong></span> <span class='ocrx_word' id='word_1_232' title='bbox 2713 2753 3228 2838; x_wconf 85' lang='lat' dir='ltr'><strong>adimplentes.-</strong></span> 
     </span>
     <span class='ocr_line' id='line_1_25' title="bbox 588 2854 3225 2948; baseline -0.003 -20"><span class='ocrx_word' id='word_1_233' title='bbox 588 2863 695 2928; x_wconf 89' lang='grc'><strong>69.</strong></span> <span class='ocrx_word' id='word_1_234' title='bbox 734 2861 1028 2948; x_wconf 85' lang='lat' dir='ltr'><strong>Episcopi</strong></span> <span class='ocrx_word' id='word_1_235' title='bbox 1078 2860 1567 2929; x_wconf 89' lang='lat' dir='ltr'><strong>testimonialem</strong></span> <span class='ocrx_word' id='word_1_236' title='bbox 1614 2858 1695 2925; x_wconf 92' lang='lat' dir='ltr'><strong>de</strong></span> <span class='ocrx_word' id='word_1_237' title='bbox 1741 2858 2001 2926; x_wconf 80' lang='lat' dir='ltr'><strong>visitatis</strong></span> <span class='ocrx_word' id='word_1_238' title='bbox 2034 2862 2141 2929; x_wconf 92' lang='lat' dir='ltr'><strong>SS.</strong></span> <span class='ocrx_word' id='word_1_239' title='bbox 2182 2862 2308 2923; x_wconf 77' lang='grc' dir='ltr'><strong>ΑΛ.</strong></span> <span class='ocrx_word' id='word_1_240' title='bbox 2348 2861 2462 2923; x_wconf 86' lang='lat' dir='ltr'><strong>LL.</strong></span> <span class='ocrx_word' id='word_1_241' title='bbox 2507 2855 2695 2923; x_wconf 84' lang='lat' dir='ltr'><strong>iidem</strong></span> <span class='ocrx_word' id='word_1_242' title='bbox 2745 2860 2810 2924; x_wconf 93' lang='lat' dir='ltr'><strong>S.</strong></span> <span class='ocrx_word' id='word_1_243' title='bbox 2846 2859 2915 2924; x_wconf 90' lang='lat' dir='ltr'><strong>C.</strong></span> <span class='ocrx_word' id='word_1_244' title='bbox 2957 2854 3225 2923; x_wconf 82' lang='lat' dir='ltr'><strong>concilii</strong></span> 
     </span>
    </p>
   </div>
   <div class='ocr_carea' id='block_1_5' title="bbox 587 2962 1442 3031">
    <p class='ocr_par' dir='ltr' id='par_1_5' title="bbox 587 2962 1442 3031">
     <span class='ocr_line' id='line_1_26' title="bbox 587 2962 1442 3031; baseline -0.001 -3"><span class='ocrx_word' id='word_1_245' title='bbox 587 2964 892 3031; x_wconf 81' lang='lat' dir='ltr'><strong>exhibere</strong></span> <span class='ocrx_word' id='word_1_246' title='bbox 938 2962 1132 3031; x_wconf 89' lang='lat' dir='ltr'><strong>hodie</strong></span> <span class='ocrx_word' id='word_1_247' title='bbox 1177 2962 1442 3030; x_wconf 88' lang='lat' dir='ltr'><strong>debent.</strong></span> 
     </span>
    </p>
   </div>
   <div class='ocr_carea' id='block_1_6' title="bbox 578 3163 3231 4372">
    <p class='ocr_par' dir='ltr' id='par_1_6' title="bbox 578 3163 3231 4372">
     <span class='ocr_line' id='line_1_27' title="bbox 730 3163 3223 3244; baseline -0.003 0"><span class='ocrx_word' id='word_1_248' title='bbox 730 3171 850 3244; x_wconf 87' lang='lat'><strong>55.</strong></span> <span class='ocrx_word' id='word_1_249' title='bbox 891 3173 1129 3244; x_wconf 82' lang='lat' dir='ltr'><strong>Sixtus</strong></span> <span class='ocrx_word' id='word_1_250' title='bbox 1161 3167 1247 3240; x_wconf 88' lang='lat' dir='ltr'><strong>V.</strong></span> <span class='ocrx_word' id='word_1_251' title='bbox 1281 3166 1601 3242; x_wconf 77' lang='lat' dir='ltr'><strong>Pontifex</strong></span> <span class='ocrx_word' id='word_1_252' title='bbox 1640 3165 1985 3241; x_wconf 80' lang='lat' dir='ltr'><strong>Maximus</strong></span> <span class='ocrx_word' id='word_1_253' title='bbox 2021 3169 2093 3240; x_wconf 93' lang='lat' dir='ltr'><strong>in</strong></span> <span class='ocrx_word' id='word_1_254' title='bbox 2128 3186 2256 3239; x_wconf 90' lang='lat' dir='ltr'><strong>sua</strong></span> <span class='ocrx_word' id='word_1_255' title='bbox 2293 3172 2676 3240; x_wconf 89' lang='lat' dir='ltr'><strong>memorata</strong></span> <span class='ocrx_word' id='word_1_256' title='bbox 2714 3163 3223 3240; x_wconf 84' lang='lat' dir='ltr'><strong>Constitutione</strong></span> 
     </span>
     <span class='ocr_line' id='line_1_28' title="bbox 588 3275 3227 3374; baseline -0.003 -17"><span class='ocrx_word' id='word_1_257' title='bbox 588 3284 939 3357; x_wconf 82' lang='lat' dir='ltr'><strong>Romanus</strong></span> <span class='ocrx_word' id='word_1_258' title='bbox 995 3282 1329 3374; x_wconf 77' lang='lat' dir='ltr'><strong>Pontifex</strong></span> <span class='ocrx_word' id='word_1_259' title='bbox 1386 3280 1717 3353; x_wconf 89' lang='lat' dir='ltr'><strong>omnibus</strong></span> <span class='ocrx_word' id='word_1_260' title='bbox 1770 3279 2251 3368; x_wconf 78' lang='lat' dir='ltr'><strong>AntistitibuS,</strong></span> <span class='ocrx_word' id='word_1_261' title='bbox 2310 3279 2431 3370; x_wconf 87' lang='lat' dir='ltr'><strong>qui</strong></span> <span class='ocrx_word' id='word_1_262' title='bbox 2484 3277 2692 3350; x_wconf 87' lang='lat' dir='ltr'><strong>alicui</strong></span> <span class='ocrx_word' id='word_1_263' title='bbox 2764 3275 3065 3350; x_wconf 91' lang='lat' dir='ltr'><strong>dioecesi</strong></span> <span class='ocrx_word' id='word_1_264' title='bbox 3117 3292 3227 3348; x_wconf 89' lang='lat' dir='ltr'><strong>re-</strong></span> 
     </span>
     <span class='ocr_line' id='line_1_29' title="bbox 586 3388 3225 3486; baseline -0.003 -20"><span class='ocrx_word' id='word_1_265' title='bbox 586 3395 858 3486; x_wconf 83' lang='lat' dir='ltr'><strong>gendae</strong></span> <span class='ocrx_word' id='word_1_266' title='bbox 909 3400 979 3466; x_wconf 88' lang='lat' dir='ltr'><strong>et</strong></span> <span class='ocrx_word' id='word_1_267' title='bbox 1031 3393 1637 3466; x_wconf 86' lang='lat' dir='ltr'><strong>administrandae</strong></span> <span class='ocrx_word' id='word_1_268' title='bbox 1706 3391 2243 3483; x_wconf 81' lang='lat' dir='ltr'><strong>praeficiuntur,</strong></span> <span class='ocrx_word' id='word_1_269' title='bbox 2299 3397 2754 3482; x_wconf 89' lang='lat' dir='ltr'><strong>praeceptum</strong></span> <span class='ocrx_word' id='word_1_270' title='bbox 2809 3388 2973 3461; x_wconf 82' lang='lat' dir='ltr'><strong>iecit</strong></span> <span class='ocrx_word' id='word_1_271' title='bbox 3023 3404 3225 3459; x_wconf 87' lang='lat' dir='ltr'><strong>sacra</strong></span> 
     </span>
     <span class='ocr_line' id='line_1_30' title="bbox 582 3496 3223 3596; baseline -0.002 -22"><span class='ocrx_word' id='word_1_272' title='bbox 582 3504 1074 3596; x_wconf 80' lang='lat' dir='ltr'><strong>Apostolorum</strong></span> <span class='ocrx_word' id='word_1_273' title='bbox 1126 3501 1406 3576; x_wconf 88' lang='lat' dir='ltr'><strong>Limina</strong></span> <span class='ocrx_word' id='word_1_274' title='bbox 1440 3502 1803 3592; x_wconf 84' lang='lat' dir='ltr'><strong>visitandi,</strong></span> <span class='ocrx_word' id='word_1_275' title='bbox 1841 3520 2131 3593; x_wconf 88' lang='lat' dir='ltr'><strong>unaque</strong></span> <span class='ocrx_word' id='word_1_276' title='bbox 2168 3499 2488 3578; x_wconf 86' lang='lat' dir='ltr'><strong>Romano</strong></span> <span class='ocrx_word' id='word_1_277' title='bbox 2524 3499 2843 3573; x_wconf 88' lang='lat' dir='ltr'><strong>Pontifici</strong></span> <span class='ocrx_word' id='word_1_278' title='bbox 2879 3496 3223 3572; x_wconf 87' lang='lat' dir='ltr'><strong>reddendi</strong></span> 
     </span>
     <span class='ocr_line' id='line_1_31' title="bbox 582 3608 3225 3705; baseline -0.002 -20"><span class='ocrx_word' id='word_1_279' title='bbox 582 3616 927 3687; x_wconf 87' lang='lat' dir='ltr'><strong>rationem</strong></span> <span class='ocrx_word' id='word_1_280' title='bbox 979 3614 1067 3687; x_wconf 85' lang='lat' dir='ltr'><strong>de</strong></span> <span class='ocrx_word' id='word_1_281' title='bbox 1118 3614 1494 3705; x_wconf 88' lang='lat' dir='ltr'><strong>pastoralis</strong></span> <span class='ocrx_word' id='word_1_282' title='bbox 1553 3614 1763 3686; x_wconf 88' lang='lat' dir='ltr'><strong>officii</strong></span> <span class='ocrx_word' id='word_1_283' title='bbox 1840 3614 2367 3705; x_wconf 84' lang='lat' dir='ltr'><strong>procuratione,</strong></span> <span class='ocrx_word' id='word_1_284' title='bbox 2425 3611 2656 3700; x_wconf 87' lang='lat' dir='ltr'><strong>deque</strong></span> <span class='ocrx_word' id='word_1_285' title='bbox 2725 3608 3054 3682; x_wconf 88' lang='lat' dir='ltr'><strong>omnibus</strong></span> <span class='ocrx_word' id='word_1_286' title='bbox 3134 3608 3225 3681; x_wconf 88' lang='lat' dir='ltr'><strong>ad</strong></span> 
     </span>
     <span class='ocr_line' id='line_1_32' title="bbox 581 3716 3228 3817; baseline -0.003 -20"><span class='ocrx_word' id='word_1_287' title='bbox 581 3743 753 3797; x_wconf 88' lang='lat' dir='ltr'><strong>suae</strong></span> <span class='ocrx_word' id='word_1_288' title='bbox 803 3725 1142 3798; x_wconf 88' lang='lat' dir='ltr'><strong>ecclesiae</strong></span> <span class='ocrx_word' id='word_1_289' title='bbox 1193 3732 1456 3797; x_wconf 83' lang='lat' dir='ltr'><strong>statum</strong></span> <span class='ocrx_word' id='word_1_290' title='bbox 1510 3725 2058 3817; x_wconf 88' lang='lat' dir='ltr'><strong>pertinentibus.</strong></span> <span class='ocrx_word' id='word_1_291' title='bbox 2127 3721 2337 3794; x_wconf 89' lang='lat' dir='ltr'><strong>Porro</strong></span> <span class='ocrx_word' id='word_1_292' title='bbox 2390 3724 2461 3794; x_wconf 90' lang='lat' dir='ltr'><strong>S.</strong></span> <span class='ocrx_word' id='word_1_293' title='bbox 2502 3719 2575 3794; x_wconf 91' lang='lat' dir='ltr'><strong>C.</strong></span> <span class='ocrx_word' id='word_1_294' title='bbox 2619 3739 2986 3812; x_wconf 89' lang='lat' dir='ltr'><strong>nunquam</strong></span> <span class='ocrx_word' id='word_1_295' title='bbox 3058 3716 3228 3812; x_wconf 87' lang='lat' dir='ltr'><strong>Epi-</strong></span> 
     </span>
     <span class='ocr_line' id='line_1_33' title="bbox 581 3831 3227 3929; baseline -0.002 -22"><span class='ocrx_word' id='word_1_296' title='bbox 581 3855 830 3929; x_wconf 87' lang='lat' dir='ltr'><strong>scopos</strong></span> <span class='ocrx_word' id='word_1_297' title='bbox 879 3855 1005 3928; x_wconf 88' lang='lat' dir='ltr'><strong>pro</strong></span> <span class='ocrx_word' id='word_1_298' title='bbox 1056 3837 1585 3929; x_wconf 84' lang='lat' dir='ltr'><strong>opportunitate</strong></span> <span class='ocrx_word' id='word_1_299' title='bbox 1636 3837 1946 3908; x_wconf 83' lang='lat' dir='ltr'><strong>excitare</strong></span> <span class='ocrx_word' id='word_1_300' title='bbox 1995 3835 2293 3922; x_wconf 83' lang='lat' dir='ltr'><strong>destitit,</strong></span> <span class='ocrx_word' id='word_1_301' title='bbox 2333 3842 2412 3906; x_wconf 91' lang='lat' dir='ltr'><strong>ut</strong></span> <span class='ocrx_word' id='word_1_302' title='bbox 2462 3832 3003 3905; x_wconf 87' lang='lat' dir='ltr'><strong>saluberrimam</strong></span> <span class='ocrx_word' id='word_1_303' title='bbox 3037 3831 3227 3902; x_wconf 90' lang='lat' dir='ltr'><strong>hanc</strong></span> 
     </span>
     <span class='ocr_line' id='line_1_34' title="bbox 582 3940 3220 4037; baseline -0.002 -19"><span class='ocrx_word' id='word_1_304' title='bbox 582 3948 757 4019; x_wconf 79' lang='lat' dir='ltr'><strong>Sixti</strong></span> <span class='ocrx_word' id='word_1_305' title='bbox 812 3944 895 4018; x_wconf 90' lang='lat' dir='ltr'><strong>V.</strong></span> <span class='ocrx_word' id='word_1_306' title='bbox 969 3945 1553 4019; x_wconf 79' lang='lat' dir='ltr'><strong>constitutionem</strong></span> <span class='ocrx_word' id='word_1_307' title='bbox 1621 3946 1943 4037; x_wconf 82' lang='lat' dir='ltr'><strong>religiose</strong></span> <span class='ocrx_word' id='word_1_308' title='bbox 2019 3951 2598 4034; x_wconf 79' lang='lat' dir='ltr'><strong>exsequerentur.</strong></span> <span class='ocrx_word' id='word_1_309' title='bbox 2673 3940 2859 4015; x_wconf 87' lang='lat' dir='ltr'><strong>Hinc</strong></span> <span class='ocrx_word' id='word_1_310' title='bbox 2923 3941 3039 4014; x_wconf 87' lang='lat' dir='ltr'><strong>die</strong></span> <span class='ocrx_word' id='word_1_311' title='bbox 3104 3941 3220 4013; x_wconf 89' lang='grc'><strong>16.</strong></span> 
     </span>
     <span class='ocr_line' id='line_1_35' title="bbox 580 4053 3224 4146; baseline -0.002 -19"><span class='ocrx_word' id='word_1_312' title='bbox 580 4053 755 4127; x_wconf 67' lang='lat' dir='ltr'><strong>Nor.</strong></span> <span class='ocrx_word' id='word_1_313' title='bbox 802 4056 1016 4146; x_wconf 85' lang='grc'><strong>1673,</strong></span> <span class='ocrx_word' id='word_1_314' title='bbox 1072 4063 1152 4129; x_wconf 90' lang='lat' dir='ltr'><strong>ut</strong></span> <span class='ocrx_word' id='word_1_315' title='bbox 1205 4056 1494 4146; x_wconf 87' lang='lat' dir='ltr'><strong>aliquod</strong></span> <span class='ocrx_word' id='word_1_316' title='bbox 1546 4057 1834 4128; x_wconf 81' lang='lat' dir='ltr'><strong>afferam</strong></span> <span class='ocrx_word' id='word_1_317' title='bbox 1886 4054 2314 4145; x_wconf 84' lang='lat' dir='ltr'><strong>exemplum,</strong></span> <span class='ocrx_word' id='word_1_318' title='bbox 2369 4053 2765 4145; x_wconf 88' lang='lat' dir='ltr'><strong>encyclicas</strong></span> <span class='ocrx_word' id='word_1_319' title='bbox 2816 4053 2910 4125; x_wconf 88' lang='lat' dir='ltr'><strong>ad</strong></span> <span class='ocrx_word' id='word_1_320' title='bbox 2976 4069 3224 4124; x_wconf 89' lang='lat' dir='ltr'><strong>omncs</strong></span> 
     </span>
     <span class='ocr_line' id='line_1_36' title="bbox 578 4159 3226 4254; baseline -0.002 -16"><span class='ocrx_word' id='word_1_321' title='bbox 578 4166 891 4238; x_wconf 87' lang='lat' dir='ltr'><strong>universi</strong></span> <span class='ocrx_word' id='word_1_322' title='bbox 943 4166 1269 4239; x_wconf 84' lang='lat' dir='ltr'><strong>catholici</strong></span> <span class='ocrx_word' id='word_1_323' title='bbox 1321 4165 1511 4237; x_wconf 89' lang='lat' dir='ltr'><strong>orbis</strong></span> <span class='ocrx_word' id='word_1_324' title='bbox 1564 4164 1935 4240; x_wconf 82' lang='lat' dir='ltr'><strong>Antistites</strong></span> <span class='ocrx_word' id='word_1_325' title='bbox 2004 4165 2202 4237; x_wconf 86' lang='lat' dir='ltr'><strong>dedit</strong></span> <span class='ocrx_word' id='word_1_326' title='bbox 2263 4159 2538 4237; x_wconf 88' lang='lat' dir='ltr'><strong>Literas</strong></span> <span class='ocrx_word' id='word_1_327' title='bbox 2603 4160 2720 4254; x_wconf 89' lang='lat' dir='ltr'><strong>(S.</strong></span> <span class='ocrx_word' id='word_1_328' title='bbox 2764 4160 2838 4234; x_wconf 89' lang='lat' dir='ltr'><strong>C.</strong></span> <span class='ocrx_word' id='word_1_329' title='bbox 2879 4163 2952 4236; x_wconf 91' lang='lat' dir='ltr'><strong>C.</strong></span> <span class='ocrx_word' id='word_1_330' title='bbox 3008 4181 3226 4236; x_wconf 78' lang='lat' dir='ltr'><strong>causa</strong></span> 
     </span>
     <span class='ocr_line' id='line_1_37' title="bbox 580 4270 3231 4372; baseline -0.002 -21"><span class='ocrx_word' id='word_1_331' title='bbox 580 4276 1195 4368; x_wconf 74' lang='lat' dir='ltr'><strong>carpenetoraten.</strong></span> <span class='ocrx_word' id='word_1_332' title='bbox 1242 4275 1359 4350; x_wconf 73' lang='lat'><strong>46.</strong></span> <span class='ocrx_word' id='word_1_333' title='bbox 1402 4276 1599 4349; x_wconf 86' lang='lat' dir='ltr'><strong>Febr.</strong></span> <span class='ocrx_word' id='word_1_334' title='bbox 1644 4275 1855 4348; x_wconf 74' lang='lat'><strong>1718.</strong></span> <span class='ocrx_word' id='word_1_335' title='bbox 1900 4277 1971 4347; x_wconf 91' lang='lat' dir='ltr'><strong>in</strong></span> <span class='ocrx_word' id='word_1_336' title='bbox 2008 4274 2273 4372; x_wconf 89' lang='lat' dir='ltr'><strong>princ.)</strong></span> <span class='ocrx_word' id='word_1_337' title='bbox 2310 4271 2449 4371; x_wconf 91' lang='lat'><strong>(1),</strong></span> <span class='ocrx_word' id='word_1_338' title='bbox 2508 4275 2768 4364; x_wconf 86' lang='lat' dir='ltr'><strong>quibus</strong></span> <span class='ocrx_word' id='word_1_339' title='bbox 2818 4274 3068 4347; x_wconf 90' lang='lat' dir='ltr'><strong>iisdem</strong></span> <span class='ocrx_word' id='word_1_340' title='bbox 3119 4270 3231 4346; x_wconf 91' lang='lat' dir='ltr'><strong>Si-</strong></span> 
     </span>
    </p>
   </div>
   <div class='ocr_carea' id='block_1_7' title="bbox 580 4545 3222 4707">
    <p class='ocr_par' dir='ltr' id='par_1_7' title="bbox 580 4545 3222 4707">
     <span class='ocr_line' id='line_1_38' title="bbox 717 4545 3222 4627; baseline -0.002 -22"><span class='ocrx_word' id='word_1_341' title='bbox 717 4549 798 4627; x_wconf 92' lang='lat'><strong>(1)</strong></span> <span class='ocrx_word' id='word_1_342' title='bbox 836 4556 1103 4620; x_wconf 77' lang='lat' dir='ltr'><strong>Quamvis</strong></span> <span class='ocrx_word' id='word_1_343' title='bbox 1141 4554 1357 4609; x_wconf 73' lang='lat' dir='ltr'><strong>fuerint</strong></span> <span class='ocrx_word' id='word_1_344' title='bbox 1393 4554 1496 4607; x_wconf 79' lang='lat' dir='ltr'><strong>hae</strong></span> <span class='ocrx_word' id='word_1_345' title='bbox 1534 4553 1761 4608; x_wconf 75' lang='lat' dir='ltr'><strong>Litora·</strong></span> <span class='ocrx_word' id='word_1_346' title='bbox 1799 4554 1862 4607; x_wconf 77' lang='lat' dir='ltr'><strong>in</strong></span> <span class='ocrx_word' id='word_1_347' title='bbox 1897 4551 2180 4606; x_wconf 71' lang='lat' dir='ltr'><strong>tabulario</strong></span> <span class='ocrx_word' id='word_1_348' title='bbox 2217 4550 2273 4606; x_wconf 84' lang='lat' dir='ltr'><strong>S.</strong></span> <span class='ocrx_word' id='word_1_349' title='bbox 2299 4546 2821 4616; x_wconf 68' lang='lat' dir='ltr'><strong>c.c=1zg··nmsime</strong></span> <span class='ocrx_word' id='word_1_350' title='bbox 2850 4545 3222 4618; x_wconf 68' lang='lat' dir='ltr'><strong>conquisitu,</strong></span> 
     </span>
     <span class='ocr_line' id='line_1_39' title="bbox 580 4637 1587 4707; baseline 0 -15"><span class='ocrx_word' id='word_1_351' title='bbox 580 4637 725 4692; x_wconf 74' lang='lat' dir='ltr'><strong>haud</strong></span> <span class='ocrx_word' id='word_1_352' title='bbox 765 4643 950 4693; x_wconf 81' lang='lat' dir='ltr'><strong>tamen</strong></span> <span class='ocrx_word' id='word_1_353' title='bbox 992 4642 1229 4707; x_wconf 83' lang='lat' dir='ltr'><strong>reperiri</strong></span> <span class='ocrx_word' id='word_1_354' title='bbox 1266 4643 1587 4706; x_wconf 77' lang='lat' dir='ltr'><strong>potuerunt.</strong></span> 
     </span>
    </p>
   </div>
  </div>
 </body>
</html>
