3497 5235
1093 286 1165 345 Do
1203 285 1505 345 visitatione
1543 284 1809 344 Sacrorum
1847 284 2109 344 nimum.
2839 283 2914 349 18

288 424 511 495 matus
558 418 669 506 vi,
727 424 802 491 et
852 435 1223 507 nunquam
1274 416 1666 505 interrupta
1714 414 2153 501 saeculorum
2205 414 2651 487 observantia
2702 416 2916 506 profi-

290 534 471 607 cisci.
527 528 819 621 Itaque,
877 528 969 600 ad
1018 529 1315 599 alterum
1369 525 1558 615 quod
1598 526 1926 617 pertinet,
1968 531 2288 599 auctores
2325 526 2412 598 de
2449 523 2914 616 antiqua-Ec-

285 645 538 718 clesiae
572 642 954 732 disciplina
987 644 1501 732 pertractantes
1552 638 1783 708 varios
1818 638 2196 728 adsignant
2232 637 2487 724 fonteS,
2528 656 2613 709 ex
2650 636 2913 726 quibus

282 754 553 828 isthaec
611 752 1161 845 Apostolicorum
1214 748 1571 823 Liminum
1637 749 2145 821 visitandorum
2201 748 2574 839 disciplina
2625 748 2911 821 deducit

281 868 652 958 originem.
724 861 1226 935 Thomassinus
1293 862 1375 935 de
1441 862 1655 935 veteri
1719 868 1787 935 et
1847 880 2028 933 nova
2087 861 2433 933 Ecclesiae
2500 861 2913 951 disciplina,
3039 934 3044 941 ,

275 997 348 1071 p.
391 977 469 1049 2.
532 977 656 1048 lib.
705 974 778 1048 3.
834 993 989 1065 cap.
1029 974 1148 1046 42.
1214 979 1563 1061 autumat,
1618 969 1980 1044 Romanas
2031 973 2633 1063 peregrinationes
2701 972 2911 1042 inniti

282 1087 597 1179 potuisse
652 1087 970 1178 quinque
1004 1085 1415 1176 praesertim
1455 1085 1721 1172 titulis;
1780 1089 1851 1156 et
1903 1084 2190 1173 quidem
2238 1084 2467 1174 primo
2502 1083 2918 1173 antiquissi-

281 1216 434 1270 mae
467 1196 974 1270 consuetudini
1012 1195 1347 1268 ecclesiae
1383 1195 1967 1286 metropolitanae
1996 1193 2085 1265 ab
2116 1191 2481 1287 Episcopis
2510 1194 2908 1282 adeundae,

282 1319 349 1383 et
397 1308 836 1382 cathedralis
886 1306 1223 1379 ecclesiae
1275 1327 1316 1377 a
1366 1305 1698 1379 fidelibus
1760 1305 2144 1396 quotannis
2210 1305 2672 1377 invisendae:
2746 1323 2914 1376 nam

281 1439 420 1513 quo
470 1419 676 1493 cultu
728 1417 1201 1491 cathedralem
1254 1418 1623 1491 ecclesiam
1675 1436 1715 1488 a
1769 1418 1918 1489 suis
1954 1416 2391 1490 dioecesanis
2426 1413 2755 1508 Episcopi
2791 1415 2916 1486 ob-

281 1532 543 1605 servari
597 1528 972 1616 curabant,
1011 1528 1259 1602 eodem
1311 1533 1382 1601 et
1433 1530 1565 1621 ipsi
1608 1528 2219 1620 metropolitanum
2259 1527 2686 1611 Antistitem,
2728 1526 2916 1597 eius-

282 1660 418 1734 que
466 1640 817 1731 templum
872 1638 1507 1730 prosequebantur.
1555 1639 1863 1711 Secundo
1914 1640 2034 1711 ille
2087 1639 2371 1730 pietatis
2407 1639 2700 1711 affectus
2749 1655 2913 1728 erga

282 1751 659 1843 sepulchra
711 1748 851 1821 BB.
893 1748 1380 1841 Apostolorum
1432 1747 1617 1821 Petri
1669 1757 1739 1821 et
1795 1748 2016 1837 Pauli,
2074 1751 2197 1840 qui
2249 1767 2550 1838 semper,
2591 1766 2916 1839 praeser-

278 1866 409 1935 tim
462 1863 701 1935 medio
754 1879 951 1949 aevo,
1002 1862 1225 1935 totius
1275 1861 1599 1932 catholici
1652 1858 1861 1932 Orbis
1911 1861 2157 1933 fideles
2207 1862 2297 1932 ad
2352 1861 2606 1930 almam
2655 1857 2911 1932 Urbem

283 1973 723 2062 attrahebat,
778 1972 962 2045 idem
1011 1973 1162 2063 ipse
1196 1972 1336 2044 imo
1373 1972 1595 2044 multo
1632 1973 1856 2064 magis
1890 1991 2120 2044 rerum
2158 1990 2513 2045 sacrarum
2551 1969 2914 2044 Praesules

283 2087 370 2158 ad
436 2086 701 2157 almam
772 2082 1028 2161 Urbem
1095 2083 1512 2156 advocabat.
1581 2085 1805 2157 Tertio
1853 2085 2281 2172 necessitaS,
2340 2102 2479 2174 qua
2533 2082 2915 2173 adiguntur

282 2192 834 2287 metropolitani,
887 2194 1179 2286 pallium
1232 2212 1317 2267 ex
1369 2197 1521 2286 ipso
1573 2193 1645 2267 S.
1686 2192 1869 2267 Petri
1908 2196 2111 2266 altari
2163 2195 2576 2288 recipiendi,
2618 2193 2909 2266 Romam

285 2307 483 2391 adire
534 2305 886 2397 cogebat;
939 2322 1250 2395 namque
1300 2306 1683 2396 antiquiori
1731 2310 2046 2396 tempore
2082 2306 2304 2378 honor
2339 2307 2533 2397 pallii
2575 2324 2712 2378 non
2750 2324 2916 2376 con-

284 2418 674 2490 cedebatur
726 2417 862 2488 nisi
914 2417 1041 2506 iiS,
1115 2418 1237 2507 qui
1310 2414 1604 2488 Romam
1675 2417 2079 2506 venissent,
2136 2419 2510 2508 ipsumque
2574 2436 2697 2508 per
2746 2435 2821 2488 se
2872 2437 2912 2488 a

286 2528 580 2600 Summo
612 2525 951 2600 Pontifice
983 2528 1489 2619 postulassent,
1531 2535 1708 2600 teste
1745 2525 2126 2601 Benedicto
2161 2527 2345 2599 xlv,
2381 2530 2462 2600 de
2494 2531 2659 2621 Syn.
2693 2530 2905 2602 dioec.

287 2639 407 2711 lib.
454 2637 575 2712 13.
615 2658 772 2729 cap.
808 2639 960 2711 XV.
1003 2658 1076 2710 n.
1112 2638 1228 2711 18.
1286 2640 1362 2710 in
1412 2641 1535 2729 fin.
1600 2640 1863 2724 Quarto
1914 2641 2060 2713 loco
2110 2642 2458 2713 recenseri
2508 2647 2741 2732 potest
2793 2659 2917 2712 ne-

285 2750 589 2823 cessitas
638 2748 1018 2821 accedendi
1070 2747 1393 2837 Romam,
1450 2770 1590 2840 qua
1642 2750 2068 2823 tenebantur
2103 2749 2453 2844 Episcopi,
2512 2759 2588 2824 ut
2643 2754 2749 2825 vel
2802 2771 2916 2842 sy-

288 2859 526 2944 nodiS,
584 2859 693 2932 vel
744 2861 1578 2932 sacris·ordinationibus
1629 2863 2104 2950 interessent3
2161 2882 2317 2934 cum
2355 2865 2539 2934 enim
2580 2866 2911 2935 Summus

285 2967 617 3042 Pontifex
668 2971 854 3042 intra
903 2968 1311 3062 Capuanam
1363 2976 1432 3042 et
1483 2969 1809 3042 Pisanam
1869 2975 2299 3063 provinciam
2362 2971 2909 3064 Metropolitani,

284 3097 414 3171 per
463 3086 687 3152 totam
735 3077 1017 3153 Italiam
1069 3087 1139 3154 et
1188 3081 1459 3154 insulas
1510 3082 1918 3154 adiacentes
1955 3080 2278 3154 Primatis
2313 3101 2680 3174 personam
2719 3090 2908 3175 agat,

283 3191 458 3264 hinc
492 3196 632 3278 est,
671 3191 860 3282 quod
896 3210 978 3263 ea
1014 3192 1195 3281 iura,
1236 3210 1418 3282 quae
1454 3210 1667 3283 super
1702 3190 2067 3285 Episcopis
2116 3193 2567 3266 inferioribus
2616 3201 2768 3266 tum
2823 3196 2913 3267 ad

286 3299 894 3394 Metropolitanos,
924 3308 1074 3374 tum
1103 3303 1193 3374 ad
1221 3299 1561 3374 Primates
1588 3320 1672 3374 ex
1703 3305 2039 3377 canonica
2070 3305 2221 3396 lege
2248 3306 2630 3397 pertinent,
2665 3305 2911 3378 eadem

288 3431 508 3504 super
541 3409 911 3503 Episcopis
946 3414 1127 3486 intra
1165 3410 1570 3503 Capuanam
1621 3422 1690 3486 et
1744 3412 2069 3486 Pisanam
2108 3417 2561 3508 provinciam,
2602 3418 2912 3507 itemque

289 3520 571 3612 Italiae,
627 3525 1161 3614 insularumque
1213 3524 1687 3596 adiacentium
1741 3526 1832 3597 ad
1884 3524 2291 3599 Pontificem
2344 3526 2586 3599 eadem
2640 3529 2912 3600 ratione

288 3638 720 3728 pertineant.
783 3636 1037 3719 Quinto
1089 3636 1396 3725 denique
1447 3642 1571 3707 aut
1621 3638 1945 3728 propriae
1992 3638 2353 3725 ecclesiae,
2396 3646 2518 3710 aut
2558 3636 2909 3712 Ecclesiae

288 3748 717 3820 universalis
753 3764 964 3818 causa
998 3744 1326 3839 Episcopi
1356 3745 1650 3819 Romam
1688 3747 2197 3821 adventabant.
2233 3746 2551 3841 Namque
2582 3747 2912 3843 Episcopi

290 3859 399 3931 vel
454 3863 533 3931 ut
582 3857 659 3930 in
707 3857 948 3930 dubiis
998 3859 1105 3929 sui
1158 3859 1521 3950 regiminis
1569 3860 1871 3950 negotiis
1907 3858 2345 3951 Apostolicae
2381 3859 2584 3933 Sedis
2619 3862 2911 3934 consilia

290 3987 374 4041 ac
407 3970 675 4041 moulta
710 3969 1020 4040 salubria
1056 3975 1404 4059 peterent,
1444 3970 1554 4042 vel
1588 3976 1668 4042 ut
1704 3968 2070 4043 Summum
2108 3969 2511 4044 Pontificem
2541 3991 2668 4044 sua
2699 3971 2911 4064 opera

289 4078 367 4151 in
418 4079 842 4152 universalis
889 4076 1247 4152 Ecclesiae
1298 4082 1787 4172 procuratione
1840 4082 2285 4170 adiuvarent,
2342 4084 2431 4154 ad
2483 4102 2751 4154 sacram
2799 4103 2913 4156 ca·

289 4190 533 4264 tholici
584 4190 862 4284 imperii
912 4192 1350 4281 metropolim
1402 4192 1732 4265 accedere
1783 4194 2412 4285 compellebantur.

436 4305 554 4377 36.
608 4299 880 4384 Hallier
913 4303 993 4374 de
1019 4311 1173 4374 sac.
1208 4303 1534 4376 ordinat.
1576 4299 1776 4400 (sect.
1826 4302 1932 4375 VI.
1973 4302 2044 4398 ἓ.
2074 4306 2167 4375 ΙΙ.
2201 4323 2369 4394 paq.
2401 4303 2568 4376 236.
2600 4309 2665 4375 et
2696 4324 2832 4395 seq.
2837 4300 2911 4401 ),

293 4431 502 4504 quem
529 4417 853 4507 sequitur
877 4411 1284 4486 Catalanius
1320 4415 1690 4490 C)mment.
1726 4415 1820 4488 ad
1849 4417 2257 4505 Pontificale
2279 4416 2571 4487 Roman.
2604 4411 2806 4511 (tom.
2838 4416 2908 4489 1.

287 4544 455 4619 paq.
497 4521 704 4624 181.)
755 4545 845 4599 ex
882 4525 1153 4616 triplici
1204 4524 1395 4597 fonte
1445 4526 1947 4617 obligationem
1999 4526 2333 4608 visitandi
2386 4544 2583 4598 sacra
2635 4523 2912 4599 Limina

297 4635 607 4712 derivat:
665 4638 793 4729 qui
846 4643 1082 4710 tamen
1136 4636 1366 4710 tontes
1417 4637 1631 4709 iidem
1682 4641 1879 4724 sunt,
1918 4637 2201 4708 tametsi
2237 4638 2666 4709 contractius
2702 4655 2914 4730 expo·
