3497 5235
608 286 728 350 354
1362 281 1730 343 Iusti-notioni·
1771 279 1824 337 8.
1855 278 2038 353 Gongr.
2065 280 2212 339 Ocno.
2252 280 2521 354 expetitio.

607 423 722 495 lus
756 422 921 494 NN.
968 424 1186 512 Super
1221 419 1716 492 deliberatione
1748 416 2168 506 capitulari,
2195 433 2418 507 penes
2452 416 2611 488 Sac.
2646 412 3254 506 congregationem

604 532 1117 625 Episcopornm
1171 539 1241 604 et
1300 527 1760 621 Regularium
1814 527 2136 601 discussa
2190 527 2305 600 die
2355 529 2476 599 28.
2534 522 2702 598 Iulii
2755 526 3006 613 1865„
3066 529 3136 595 et
3183 522 3255 595 ad

607 664 929 718 normam
984 643 1395 716 eorumdem
1466 642 1725 713 iurium
1779 639 2117 712 resoluta.
2192 637 2293 712 De
2344 638 2479 712 hac
2539 657 2755 712 causa
2822 636 3255 729 peculiariter

606 763 860 848 agetur
910 756 985 826 in
1046 755 1285 845 Capite
1336 753 1420 825 de
1475 753 1745 824 Postul.
1796 752 2058 842 postul.
2103 750 2220 823 n.

759 868 924 939 165.
982 862 1116 938 Pro
1154 864 1425 938 tuenda
1476 863 1670 935 chori
1724 863 2101 955 disciplina
2156 861 2639 935 attendendae
2690 868 2862 936 sunt
2894 867 3259 951 sequentes

608 976 682 1050 S.
724 975 798 1049 C.
840 975 1052 1050 Conc.
1093 976 1590 1048 resolutiones.
1648 971 1733 1044 In
1778 974 2259 1047 Interamnen.
2303 973 2425 1044 24.
2468 970 2633 1045 Maii
2674 974 2889 1046 1674.
2948 968 3121 1068 (lib.
3157 971 3255 1045 Η.

609 1090 865 1163 decret.
901 1108 1072 1180 paq.
1123 1086 1288 1160 143.
1330 1086 1557 1160 relata
1610 1107 1650 1158 a
1687 1084 1959 1159 Bened.
2002 1082 2193 1157 XIV.
2254 1087 2430 1158 Inst.
2471 1105 2608 1158 ecc.
2655 1084 2821 1158 107.
2864 1105 2939 1157 η.
2979 1078 3149 1180 23.)
3180 1084 3263 1156 sic

605 1201 960 1274 habetur:
1022 1221 1060 1265 ιι
1093 1195 1181 1270 In
1233 1199 1636 1270 visitatione
1703 1215 1877 1269 suae
1939 1196 2371 1270 cathedralis
2424 1196 2766 1269 ecclesiae
2834 1199 3099 1287 reperit
3148 1193 3265 1267 Do-

615 1339 654 1382 »
694 1313 932 1383 minus
983 1308 1384 1402 Episcopus
1435 1306 2002 1381 Interamnensis
2069 1310 2452 1380 nonnullos
2505 1308 2775 1381 abusus
2832 1308 3017 1380 circa
3069 1306 3265 1380 servi-

613 1447 652 1492 »
692 1425 872 1496 tium
911 1422 1133 1510 chori,
1177 1439 1357 1512 quos
1389 1440 1553 1494 cum
1606 1421 1979 1493 eliminare
2031 1420 2300 1511 cupiat,
2356 1420 2658 1511 supplex
2704 1421 3111 1510 quaerit‘ex
3142 1419 3278 1492 hac·

608 1558 650 1603 a>
690 1534 906 1607 Sacra
957 1532 1547 1625 Congregatione‚
1607 1550 1700 1602 an
1754 1530 2205 1604 tolerandum
2258 1532 2395 1621 sit,

758 1671 796 1715 ν
842 1647 909 1717 1.
967 1642 1170 1727 Quod
1223 1645 1476 1717 diebus
1529 1644 1729 1717 festis
1788 1641 2137 1717 Matutino
2205 1652 2620 1735 praesentes
2669 1643 3123 1734 habeantur,
3192 1663 3259 1717 ac

611 1783 650 1828 ›
688 1758 990 1849 proinde
1044 1758 1332 1849 punctis
1384 1774 1527 1827 non
1582 1758 2057 1844 mulctentur,
2113 1756 2279 1845 qui,
2335 1757 2624 1827 nonnisi
2677 1754 3004 1827 absoluto
3058 1757 3258 1846 primo

612 1893 651 1938 ›
690 1866 1078 1956 Nocturn0‚
1136 1867 1467 1940 videlicet
1521 1875 1679 1957 post
1732 1869 2045 1958 psalmos
2098 1873 2242 1939 tres
2293 1867 2732 1958 totidemque
2784 1866 3124 1939 lectiones
3167 1884 3261 1939 re-

616 2005 655 2050 »
696 1981 951 2054 citatas
1003 1980 1215 2052 choro
1268 1974 1658 2052 intersint?
2418 1965 2429 1978 '

761 2116 800 2161 ›
841 2092 915 2162 2.
958 2090 1225 2163 Diebus
1262 2109 1425 2162 vero
1462 2090 1860 2179 ferialibuS,
1895 2091 2046 2181 qui,
2080 2091 2366 2163 nonnisi
2404 2091 2751 2164 absolutis
2783 2107 2908 2162 sex
2945 2085 3258 2181 psalmis?

760 2227 798 2271 ›
839 2205 910 2275 3.
951 2199 1153 2284 Quod
1190 2204 1411 2274 sacris
1464 2202 2039 2293 processionibus
2092 2202 2634 2274 distributiones
2686 2203 3092 2293 assignatae
3131 2218 3257 2272 non

614 2339 653 2384 ›
692 2316 838 2388 sint
870 2366 889 2402 ‚
964 2315 1091 2387 sed
1146 2322 1392 2386 contra
1446 2320 1902 2385 contumaces
1953 2331 2185 2402 poena
2237 2313 2610 2386 dumtaxat
2671 2314 2891 2386 trium
2942 2311 3254 2385 librarum

618 2449 657 2494 »
697 2443 902 2498 cerae
954 2425 1377 2512 constituta,
1438 2442 1624 2513 quae
1677 2443 2050 2514 nunquam
2105 2425 2290 2516 exigi
2342 2419 2754 2497 consuevit?

766 2560 804 2602 ν
845 2535 914 2605 4.
958 2532 1066 2606 An
1104 2543 1613 2626 praenarratus
1648 2535 1903 2607 modus
1938 2535 2459 2608 interveniendi
2495 2537 2719 2628 possit
2755 2537 2971 2611 etiam
3008 2535 3254 2607 ratione

614 2673 653 2718 ›
693 2648 1233 2721 consuetudinis
1285 2648 1864 2721 immemorabilis
1914 2643 2250 2721 tolerari?

761 2785 800 2830 ›
841 2758 916 2832 S.
956 2758 1170 2851 Cong.
1215 2761 1584 2851 respondit
1636 2760 1728 2833 ad
1782 2761 2133 2853 primum:
2183 2756 2343 2832 Non
2377 2779 2531 2833 esse
2567 2761 3041 2833 tolerandum.
3077 2756 3251 2831 Idem

614 2897 653 2942 ›
694 2871 787 2943 ad
839 2871 1262 2944 secundum.
1324 2869 1429 2944 Ad
1484 2874 1772 2944 tertium
1826 2873 2229 2965 respondit:
2289 2873 2716 2965 exigendam
2769 2892 2926 2946 esse
2979 2887 3246 2964 poenam

615 3008 654 3053 ›
694 2984 1232 3077 praescriptam.
1294 2981 1401 3056 Ad
1448 2991 1829 3074 quartum:
1887 3002 2032 3055 non
2082 2986 2453 3077 suffragari
2509 2986 2936 3059 contrariam
2988 2998 3251 3056 consue-

618 3118 657 3163 »
696 3096 1052 3168 tudinem.
1090 3120 1127 3163 »

761 3206 986 3297 Super
1036 3204 1170 3277 hoc
1207 3206 1505 3278 articulo
1558 3225 1807 3278 norma
1860 3206 2138 3279 desumi
2190 3213 2423 3298 potest
2457 3226 2543 3279 ex
2579 3208 2952 3280 sanctione
3000 3203 3064 3277 1.
3105 3205 3253 3280 Gon-

611 3318 765 3390 ciiii
813 3319 1133 3408 provinc.
1181 3318 1462 3393 Mediol.
1507 3340 1548 3389 a
1598 3317 1684 3389 D.
1727 3317 1971 3391 Carolo
2022 3317 2443 3391 Borromaeo
2496 3320 2877 3409 celebrato,
2937 3337 3120 3411 quae
3166 3333 3253 3388 re-

611 3427 837 3501 fertur
888 3449 930 3499 a
982 3426 1255 3501 Bened.
1313 3426 1504 3501 XIV.
1565 3430 1693 3503 loc.
1753 3431 1873 3503 cit.
1931 3432 2300 3521 sequentis
2350 3433 2664 3503 tenoris:
2736 3428 2877 3503 «Si
2930 3432 3090 3520 quis
3137 3443 3251 3500 non

616 3564 655 3609 »
696 3541 975 3612 venerit
1029 3539 1123 3610 ad
1174 3536 1604 3613 Matutinum
1660 3547 1827 3614 ante
1881 3542 2098 3614 finem
2151 3540 2459 3634 Capituli
2531 3543 2619 3615 de
2668 3540 2888 3614 Beata
2942 3538 3249 3632 Virgine,

615 3675 654 3720 ›
696 3668 858 3722 cum
911 3651 1000 3722 de
1053 3652 1207 3741 ipsa
1268 3651 1576 3725 officium
1633 3652 2035 3727 celebratur
2067 3706 2086 3743 ,
2161 3654 2479 3743 alioquin
2538 3661 2704 3727 ante
2757 3654 2974 3725 finem
3028 3648 3251 3744 psalmi

611 3785 653 3830 ν
704 3761 941 3833 Venite
973 3762 1436 3846 exsultemus.
1472 3764 1549 3835 in
1586 3764 1742 3836 aliis
1796 3767 2011 3837 etiam
2064 3765 2257 3837 horis
2291 3772 2460 3837 ante
2494 3766 2709 3837 finem
2749 3767 2959 3856 primi
2996 3761 3243 3856 psalmi,

613 3895 655 3940 ι»
694 3889 822 3962 pro
875 3872 1174 3945 absente
1229 3872 1610 3964 habeatur,
1666 3875 2005 3967 illiusque
2055 3876 2272 3949 horae
2326 3877 2827 3949 distributione
2872 3883 3134 3950 careat.
3183 3868 3250 3941 In

618 4008 657 4053 »
697 3981 909 4056 Missa
949 4003 1137 4073 vere,
1178 3986 1312 4057 nisi
1349 3987 1622 4059 venerit
1659 3993 1828 4061 ante
1863 3988 2078 4060 finem
2117 3988 2346 4059 ultimi
2389 3990 2604 4080 Kyrie
2635 3990 2928 4072 eleison,
2962 3986 3248 4061 eamdem

618 4120 657 4165 ›
698 4097 1179 4189 negligentiae
1235 4115 1539 4187 poenam
1591 4097 1875 4171 subeat.
1917 4124 1954 4167 »

768 4212 932 4283 166.
991 4208 1080 4284 In
1133 4214 1562 4286 Placentina
1614 4214 1991 4287 Distribut.
2048 4216 2168 4286 27.
2208 4212 2417 4286 Mart.
2466 4214 2677 4286 1847.
2736 4212 3109 4306 propositis
3138 4209 3249 4281 du-

613 4320 805 4393 biis:
884 4346 923 4390 ‹
968 4325 1037 4394 1.
1085 4323 1188 4395 An
1258 4326 1582 4396 canonici
1652 4325 1766 4397 vel
1833 4324 2243 4400 beneficiati
2305 4326 2722 4418 collegiatae
2792 4345 2877 4399 ac
2950 4323 3255 4397 basilicae

617 4457 656 4502 ›
697 4433 768 4505 S.
816 4432 1196 4525 Antonini,
1257 4438 1380 4526 qui
1433 4436 1652 4510 ferme
1705 4438 2026 4527 qnotidie
2080 4439 2383 4510 audiunt
2436 4436 2919 4510 confessiones
2968 4444 3253 4525 tempore

619 4565 658 4610 ›
698 4543 1099 4618 divinorum
1156 4546 1547 4620 officiorum
1578 4601 1598 4639 ,
1670 4549 1933 4621 lucrari
1983 4552 2258 4640 possint
2329 4550 2872 4623 distributiones
2928 4544 3256 4640 quotidia-

619 4676 661 4722 ›
701 4671 831 4726 nas
884 4657 959 4729 in
1015 4653 1242 4730 casu?
