3497 5235
582 239 696 304 142
1330 239 1697 297 ramnum·
1737 237 1792 295 s„
1819 238 2002 311 eom.
2028 236 2177 295 oeno.
2215 219 2486 310 oxya-itio.

579 374 956 461 cariorum,
1011 377 1094 444 ut
1144 377 1382 445 monet
1433 369 1702 444 Girald.
1761 370 1856 443 ad
1892 372 2008 444 Ius
2045 372 2261 444 Pont.
2300 369 2378 443 P.
2421 367 2520 442 11.
2563 369 2655 443 ad
2690 388 2755 443 c.
2793 370 2860 441 1.
2901 388 3078 444 seSS.
3110 370 3218 443 23.

580 483 793 558 Conc.
834 481 1024 570 Trid.
1080 502 1223 556 sec.
1264 485 1387 555 86.
1441 481 1515 578 ἓ.
1561 482 1760 568 Quod
1808 484 2050 556 etiam.
2107 480 2311 555 Hanc
2362 490 2604 556 autem
2649 480 3057 572 opinionem
3091 500 3227 555 cer-

580 601 729 670 tam
782 613 929 667 non
977 612 1135 667 esse
1185 593 1499 668 ostendit
1550 592 1622 665 S.
1663 591 1741 666 C.
1780 591 1856 666 C.
1916 595 1990 665 in
2044 593 2213 666 tolio
2251 594 2549 667 Gur-cen.
2611 594 2725 665 19.
2769 591 2975 665 Febr.
3023 593 3222 665 1718.

580 705 1052 781 Confirmatur
1101 706 1394 796 insuper
1444 723 1528 777 ea
1580 704 2089 792 declaratione,
2148 723 2337 796 quae
2388 723 2473 777 ea
2525 705 2598 777 in
2650 723 2868 777 causa
2904 704 3224 797 prodivit.

582 816 695 892 lbi
745 819 935 898 enim
970 819 1213 912 plures
1248 817 1824 889 circumstantiae
1861 823 1934 889 et
1970 817 2312 889 adiuncta
2348 823 3016 905 commemorantur,
3057 833 3232 907 quae

584 931 932 1022 impertiri
984 947 1191 1022 posse
1258 927 1666 1002 suadebant
1732 929 2034 1020 petitam
2103 927 2518 1002 facultatem
2580 928 3062 1001 commorandi
3119 946 3235 1023 per

582 1048 730 1116 tres
780 1059 1061 1115 menses
1113 1041 1525 1133 quotannis,
1580 1041 1772 1113 ultra
1823 1040 2121 1113 totidem
2173 1059 2216 1111 a
2267 1040 2420 1113 iure
2472 1041 2814 1112 canonico
2864 1040 3235 1133 permissos

583 1153 661 1225 in
710 1153 973 1248 oppido
1024 1149 1225 1227 extra
1278 1152 1658 1225 dioecesim
1712 1150 2213 1241 commodiore,
2255 1168 2387 1224 nec
2422 1151 2631 1224 valde
2667 1151 3087 1242 longinquo.
3126 1147 3236 1223 Ni-

581 1263 968 1337 hilominus
1016 1264 1377 1356 proposito
1429 1262 1701 1335 dubio:
1778 1286 1818 1328 ι
1858 1261 1966 1333 An
2020 1268 2092 1335 et
2144 1260 2496 1352 quomodo
2548 1263 2847 1335 oratoris
2914 1261 3239 1354 precibus

585 1401 625 1446 ι
670 1377 764 1449 sit
814 1376 1280 1449 annuendum
1334 1377 1408 1447 in
1462 1369 1681 1447 casu?
1714 1399 1754 1442 »
1810 1377 1885 1446 S.
1925 1372 2001 1447 C.
2041 1375 2453 1465 respondit:
2515 1397 2552 1440 (ι
2584 1371 2741 1446 Non
2791 1392 2948 1447 esse
2981 1375 3235 1463 locum,

584 1513 624 1558 »
664 1496 735 1563 et
785 1488 878 1561 ad
929 1495 1293 1576 mentem3
1352 1492 1424 1559 et
1475 1506 1680 1560 mens
1717 1492 1855 1575 est,
1912 1491 1993 1557 ut
2043 1492 2359 1559 recurrat
2395 1487 2485 1558 ad
2523 1485 2817 1560 SSmum
2853 1487 2927 1558 in
2964 1485 3241 1558 casibus

584 1627 623 1670 »
661 1599 1241 1696 particularibus
1276 1624 1315 1667 »
1371 1597 1750 1672 Praeterea
1803 1617 1844 1668 a
1897 1595 2229 1688 parochis
2263 1597 2666 1689 exemplum
2701 1597 2867 1670 licet
2908 1599 3239 1690 arripere,

580 1709 706 1805 'qui
760 1713 1048 1786 domum
1102 1712 1178 1783 in
1232 1710 1509 1784 ambitu
1558 1709 1950 1804 parochiali
2002 1707 2271 1782 habere
2322 1710 2611 1780 omnino
2662 1715 3028 1799 tenentur,
3069 1709 3243 1799 quin

582 1826 851 1918 prosit,
909 1824 1097 1916 quod
1153 1841 1238 1896 ex
1288 1822 1707 1895 brevissima
1762 1820 2106 1894 distantia
2175 1823 2244 1893 in
2314 1822 2549 1894 aliena
2602 1821 2937 1912 parochia
2997 1821 3247 1893 domus

584 1935 709 2007 illa
761 1936 900 2009 sita
953 1936 1094 2008 sit:
1166 1935 1386 2008 veluti
1438 1953 1568 2006 suo
1620 1933 1771 2006 loco
1824 1931 2501 2006 demonstrabimus.
2562 1933 2941 2024 Speciatim
2995 1932 3248 2005 confir-

583 2054 822 2122 matur
871 2047 1196 2138 exemplo
1247 2046 1617 2120 cuiusdam
1669 2045 1961 2136 parochi
1997 2043 2436 2119 cornetanae
2472 2045 2805 2134 civitatis,
2845 2045 2957 2116 cui
2997 2044 3248 2116 domus

581 2168 882 2254 paterna
936 2168 1088 2233 erat
1139 2161 1386 2249 paucis
1439 2158 1773 2250 passibus
1825 2178 1865 2229 a
1918 2174 2091 2229 suae
2142 2157 2512 2249 paroeciae
2565 2156 2868 2229 termino
2921 2156 3244 2228 distans:

582 2279 929 2363 attamen,
984 2279 1066 2345 ut
1116 2280 1355 2364 posset
1423 2272 1498 2343 in
1558 2279 1859 2362 paterna
1912 2270 2120 2341 domo
2173 2268 2546 2358 habitare,
2601 2269 2896 2360 speciali
2946 2269 3160 2341 venia
3210 2287 3252 2338 a

582 2383 654 2456 S.
696 2383 771 2458 C.
828 2386 1140 2458 donatus
1189 2390 1324 2472 est,
1383 2400 1569 2473 quae
1621 2377 1864 2474 plures
1915 2400 2044 2472 per
2094 2399 2322 2452 annos
2373 2385 2752 2473 prorogata
2804 2379 2965 2468 tuit,
3022 2379 3253 2452 donec

581 2496 832 2568 ultimo
885 2494 960 2566 in
1010 2495 1333 2586 rescripti
1388 2493 1613 2566 torma
1659 2493 1986 2567 additum
2022 2498 2129 2565 est
2181 2491 2278 2564 ad
2328 2511 2602 2564 annum
2636 2496 2916 2565 tantum
2951 2492 3109 2564 sine
3141 2509 3254 2582 spe

579 2607 940 2682 ulterioris
984 2606 1536 2700 proroqationiS.

735 2720 852 2790 11.
910 2720 983 2791 Si
1034 2738 1223 2791 unus
1290 2715 1687 2811 Episcopus
1759 2717 2088 2808 pluribus
2139 2715 2586 2791 dioecesibus
2652 2735 2798 2788 una
2851 2715 3257 2788 coniunctis

584 2830 1034 2925 praesideat,
1102 2830 1351 2921 quaeri
1420 2836 1696 2922 potest,
1764 2830 1839 2901 in
1902 2835 2058 2901 utra
2114 2846 2359 2900 earum
2428 2829 2741 2901 residere
2802 2826 3095 2900 debeat.
3172 2823 3257 2898 In

579 2943 829 3035 primis
879 2943 1217 3015 standum
1270 2948 1378 3013 est
1431 2941 1544 3029 iis,
1602 2959 1790 3032 quae
1828 2941 1901 3011 in
1936 2939 2337 3012 bullaribus
2373 2936 2631 3012 Literis
2667 2960 2709 3010 a
2747 2937 3034 3011 Summo
3072 2936 3262 3012 Pon-

582 3053 771 3128 tifice
824 3052 1261 3145 praescripta
1314 3052 1627 3141 tuerint,
1691 3052 1913 3124 veluti
1947 3046 2102 3143 'per
2153 3069 2228 3122 se
2281 3056 2533 3142 patet3
2608 3053 2667 3124 si
2737 3050 2917 3124 nihil
2986 3051 3262 3124 ibidem

583 3183 1002 3257 expressum
1054 3164 1292 3253 luerit,
1348 3172 1419 3238 et
1472 3164 1660 3236 adsit
1715 3163 2156 3236 consuetudo
2208 3164 2519 3254 legitime
2571 3164 3039 3254 praescripta,
3094 3163 3269 3235 soli·

583 3281 736 3349 tum
789 3277 1056 3348 servari
1109 3276 1377 3364 debet;
1449 3294 1534 3348 ea
1584 3275 1939 3366 siquidem
1992 3276 2223 3369 legem
2277 3274 2492 3364 facit,
2549 3293 2681 3347 ceu
2733 3293 2938 3347 nemo
2991 3276 3260 3348 nescit.

582 3384 1060 3461 Nihilominus
1113 3390 1187 3460 in
1238 3389 1375 3460 hoc
1426 3407 1596 3460 casu
1648 3387 2114 3460 laudabiliter
2164 3406 2239 3461 se
2296 3406 2537 3479 gerere
2606 3386 3036 3480 Episcopum
3099 3407 3269 3462 cum

584 3495 795 3571 Petra
848 3499 939 3572 ad
997 3501 1291 3575 Constit.
1344 3499 1420 3572 V.
1466 3500 1708 3572 Innoc.
1746 3500 1870 3572 IV.
1912 3519 1986 3570 n.
2028 3499 2143 3569 14.
2186 3518 2271 3571 ac
2310 3500 2424 3571 15.
2468 3505 2638 3571 tom.
2677 3502 2748 3571 3.
2791 3501 3104 3574 advertit
3158 3502 3271 3594 fo-

587 3600 764 3683 lium
816 3611 892 3681 in
946 3628 1107 3682 mox
1158 3610 1534 3703 alleganda
1583 3611 1836 3684 Viterb.
1879 3617 1946 3684 et
1991 3613 2293 3683 Tuscan.
2332 3608 2406 3705 ἓ.
2445 3613 2789 3695 Sustinet,
2828 3612 3018 3702 quod
3057 3619 3271 3686 extat

585 3721 678 3794 ad
713 3722 902 3794 diem
943 3722 1057 3792 14.
1093 3721 1289 3813 Sept.
1328 3724 1575 3811 1782„
1617 3724 1677 3795 si
1716 3722 2108 3812 aliquando
2147 3723 2220 3793 in
2258 3722 2603 3796 alterutra
2640 3743 2727 3795 ex
2762 3725 2909 3795 suis
2938 3724 3274 3797 ecclesiis

584 3834 807 3905 unitis
859 3832 1299 3926 pontificalia
1351 3841 1649 3925 peragat
1702 3833 1891 3905 idem
1948 3833 2287 3906 Antistes.

738 3944 853 4014 12.
909 3940 1208 4026 Quando
1260 3952 1499 4017 autem
1536 3946 1978 4018 consuetudo
2015 3945 2213 4017 nulla
2251 3945 2464 4036 plane
2500 3946 2712 4035 adsit,
2752 3965 3001 4020 curare
3037 3947 3277 4020 debet

583 4051 1015 4150 EpiscopuS,
1071 4061 1154 4127 ut
1204 4056 1294 4128 ad
1349 4058 1755 4146 civitatem,
1814 4057 1936 4129 ubi
1989 4058 2457 4131 habitualiter
2505 4058 2749 4130 sedem
2805 4077 2948 4130 non
2999 4058 3271 4148 babet,

583 4168 837 4241 saltem
891 4169 963 4239 in
1015 4168 1564 4241 solemnioribus
1599 4169 1855 4241 diebus
1904 4188 2064 4242 sese
2101 4167 2471 4257 conferat3
2528 4170 2805 4241 namin
2844 4168 3282 4242 Gerundina

582 4286 650 4353 et
704 4279 1065 4353 Cariaten.
1123 4282 1484 4372 proposito
1540 4282 1663 4353 IV.
1704 4282 1967 4354 dubio:
2041 4303 2078 4348 α
2123 4280 2223 4352 An
2294 4289 2366 4353 ot
2436 4281 2790 4371 quomodo
2857 4277 3282 4373 Episcopus

588 4415 624 4460 »
668 4398 998 4464 teneatur
1032 4391 1342 4465 residere
1381 4394 1455 4464 in
1493 4393 1886 4466 cathedrali
1917 4388 2377 4467 Gerundina?
2409 4417 2446 4461 ›
2489 4393 2605 4465 die
2642 4393 2712 4463 2.
2747 4387 2998 4464 Octob.
3032 4391 3277 4463 1706.

583 4502 990 4593 rescripsit:
1051 4526 1090 4572 ‹
1128 4501 1495 4598 Negative,
1538 4512 1608 4577 et
1646 4506 2171 4597 iniungendum
2206 4505 2482 4577 censuit
2518 4500 2897 4596 Episcopo,
2937 4508 3018 4574 ut
3054 4508 3288 4576 curet

586 4637 625 4686 ›
664 4614 974 4727 resume
1024 4617 1245 4691 etiam
1294 4619 1370 4690 in
1424 4619 1723 4692 ecclesia
1761 4616 2176 4691 Gerundina
2212 4616 2468 4691 saltem
2503 4615 2761 4690 diebus
2811 4615 3292 4690 solemniori-
