3497 5235
911 229 1031 305 cap.
1059 232 1103 289 1.
1144 233 1216 289 De
1257 232 1409 291 statu
1447 233 1707 293 Ecclesia
1747 234 2026 292 materiali.
2066 237 2119 306 ξ.
2146 235 2270 291 4-7.
2856 237 2927 299 71

268 372 461 438 natae
496 367 730 438 teneri
771 367 998 440 edixit
1023 364 1097 440 S.
1122 367 1196 441 C.
1223 367 1432 440 Conc.
1469 369 1543 439 in
1569 369 1881 443 Arimin.
1910 367 2094 443 Med.
2120 376 2375 442 annot.
2413 373 2484 443 7.
2513 366 2676 441 Iulii
2711 372 2926 444 1855.

271 476 346 548 ad
375 476 441 549 4.
474 484 542 549 et
565 480 641 549 2.
700 476 1088 569 Propositis
1140 499 1452 571 namque
1504 480 1744 552 dubiis
1801 504 1839 548 ‹
1883 483 1950 553 1.
1991 482 2091 554 An
2133 483 2484 573 parochus
2520 480 2927 571 Bianchini,

270 612 301 658 ›
332 585 566 682 (cuius
619 591 1037 682 praebenda
1089 598 1367 666 scutata
1411 593 1572 663 118.
1617 589 2026 686 reddebat),
2085 598 2416 665 teneatur
2468 595 2560 665 ad
2635 594 2932 666 solutio-

270 725 302 769 »
334 719 493 772 nem
549 704 827 776 mediae
877 711 1193 778 annatae
1228 706 1302 775 in
1338 699 1558 776 casu?
1594 707 1667 776 2.
1702 703 1809 775 An
1848 704 2198 777 beneficia
2238 704 2700 795 parochialia,
2742 723 2927 794 quae

270 817 728 905 ›attingunt,
786 817 910 888 sed
963 834 1107 888 non
1159 816 1516 887 excedunt
1566 835 1889 888 annuum
1941 818 2248 889 reditum
2286 823 2724 889 scutatorum
2763 835 2929 888 cen-

267 951 298 994 »
329 934 476 998 tum
505 928 658 998 sint
685 926 1121 998 declaranda
1141 933 1481 1017 exempta
1512 928 1603 999 ab
1634 946 1850 1000 onere
1878 927 2148 1000 mediae
2174 935 2493 1001 annatae
2529 930 2601 998 in
2641 922 2842 999 casu?
2884 953 2922 997 »

268 1034 403 1109 Emi
439 1037 697 1111 Patres
732 1042 1278 1129 rescripserunt:
1340 1061 1378 1105 ‹
1424 1039 1524 1110 Ad
1567 1041 1633 1109 1.
1676 1047 1748 1112 et
1783 1041 1854 1110 Ξ.
1901 1038 2361 1111 Affirmative.
2394 1064 2431 1106 »
2490 1035 2927 1112 Monendum

266 1158 377 1235 est,
408 1152 605 1223 circa
643 1152 953 1243 primum
985 1150 1313 1238 dubium,
1355 1150 1728 1246 lectionem
1767 1149 2064 1223 Constit.
2101 1148 2369 1222 Bened.
2398 1146 2605 1220 XllI.
2645 1152 2717 1222 in
2746 1152 2919 1224 edit.

267 1258 606 1333 Hainardi
662 1263 834 1334 anni
876 1265 1088 1336 1736.
1148 1263 1221 1333 in
1273 1282 1385 1350 eo,
1444 1262 1635 1351 quod
1706 1265 2017 1353 pertinet
2089 1264 2181 1333 ad
2251 1263 2445 1335 hunc
2515 1265 2924 1353 articulum,

270 1375 674 1445 mendosam
712 1393 896 1463 esse:
954 1376 1153 1449 addit
1189 1376 1381 1447 enim
1431 1372 1504 1468 ξ.
1556 1375 1839 1446 Provisi
1889 1385 2058 1447 ante
2111 1375 2407 1448 verbum
2444 1375 2931 1452 excedentibus

266 1486 682 1575 particulam
734 1505 909 1568 non,
964 1505 1149 1577 quae
1203 1488 1510 1561 insiticia
1575 1493 1708 1560 est.
1784 1484 2039 1576 Itaque
2107 1487 2443 1558 standum
2515 1493 2626 1558 est
2694 1489 2934 1578 potius

267 1597 538 1668 lectioni
595 1598 673 1667 in
726 1599 1039 1670 editione
1091 1596 1421 1671 Barnabo
1475 1598 1744 1671 Romae
1804 1601 1993 1671 1725
2047 1599 2398 1685 traditae,
2458 1617 2646 1688 quae
2712 1600 2933 1689 parti-

271 1709 484 1779 culam
544 1729 688 1781 non
743 1712 1107 1782 exclusam
1159 1711 1400 1798 refert,
1458 1719 1529 1784 et
1580 1713 1966 1786 concordat
2002 1712 2322 1801 apprime
2359 1728 2516 1781 cum
2558 1730 2670 1799 ea,
2715 1729 2931 1800 quam

269 1821 593 1893 dabimus
633 1822 705 1892 in
745 1823 1102 1894 volumine
1154 1820 1290 1894 111.
1349 1824 1483 1895 sub
1539 1844 1737 1895 num.
1775 1826 1845 1895 5.
1904 1820 2117 1894 Porro
2170 1820 2662 1907 Blanchinius,
2723 1841 2933 1914 paro-

267 1932 426 2005 chus
483 1934 956 2006 Ariminensis
1008 1936 1438 2024 dioeceseos,
1498 1935 1863 2009 nitebatur
1913 1935 2200 2007 lectioni
2252 1935 2587 2006 editionis
2624 1931 2934 2004 Mainar-

267 2045 547 2134 dianae,
615 2065 836 2136 quam
886 2053 1128 2119 tamen
1183 2047 1595 2118 mendosam
1648 2047 2092 2118 demonstrat
2153 2046 2396 2118 folium
2451 2046 2712 2116 allatae
2764 2063 2935 2117 cau-

267 2176 400 2244 sae,
459 2160 604 2230 imo
658 2159 1087 2229 contrariam
1138 2158 1746 2231 declarationibus
1796 2158 2064 2248 pluries
2116 2163 2267 2229 tum
2306 2158 2732 2247 antiquituS,
2779 2163 2928 2228 tum

269 2277 583 2342 recenter
636 2291 678 2340 a
733 2268 805 2340 S.
848 2267 922 2340 C.
965 2267 1175 2342 Conc.
1219 2272 1598 2341 emanatis.

398 2380 521 2451 44.
566 2377 658 2452 In
691 2378 989 2454 Constit.
1034 2383 1209 2453 Pius
1260 2391 1327 2456 et
1377 2382 1774 2454 misericors
1829 2382 2105 2452 mediae
2140 2386 2453 2451 annatae
2488 2381 2645 2471 lege
2683 2386 2937 2451 tenen-

265 2498 370 2564 tur
422 2494 689 2584 provisi
743 2494 832 2564 de
885 2492 1416 2583 parochialibus
1473 2512 1612 2564 una
1666 2512 1826 2566 cum
1882 2493 2170 2565 incertis
2233 2511 2559 2564 annuum
2621 2493 2931 2564 reditum

266 2612 700 2679 scutatorum
753 2614 1039 2679 centum
1100 2613 1428 2679 monetae
1482 2604 1851 2678 Romanae
1909 2605 2453 2679 excedentibus.
2513 2602 2685 2678 Cum
2740 2606 2929 2678 enim

271 2719 666 2806 quaesitum
705 2716 955 2790 fuisset
991 2718 1062 2788 in
1107 2719 1342 2790 Tibur.
1378 2718 1562 2791 Med.
1606 2737 1782 2789 ann.
1826 2718 1896 2787 4.
1939 2714 2104 2787 Maii
2146 2718 2358 2788 1754:
2399 2739 2434 2783 ‹
2471 2715 2604 2803 An,
2636 2724 2710 2789 et
2746 2734 2932 2807 quae

270 2851 307 2889 ι
343 2848 583 2915 onera,
625 2834 698 2900 et
734 2848 919 2918 quae
956 2848 1312 2920 expensae
1340 2829 1808 2902 deducendae
1844 2835 2014 2901 sunt
2047 2847 2133 2900 ex
2170 2829 2523 2901 reditibus
2550 2829 2937 2902 beneficio-

275 2964 310 3007 »
345 2961 495 3012 rum
552 2950 699 3015 tam
753 2949 1188 3020 curatorum.
1248 2961 1463 3033 quam
1516 2962 1660 3014 non
1715 2950 2119 3015 curatorum
2160 2944 2232 3013 in
2268 2940 2489 3014 casu?
2522 2968 2559 3011 »
2617 2938 2707 3013 Et
2746 2938 2819 3013 S.
2854 2939 2925 3013 C.

272 3052 378 3124 die
413 3055 602 3127 dicta
657 3055 1043 3146 rescripsit:
1106 3078 1141 3120 ‹
1184 3054 1603 3126 deducenda
1640 3072 1795 3126 esse
1848 3072 2066 3125 onera
2121 3072 2310 3124 mere
2365 3054 2502 3123 fixa
2555 3060 2631 3125 et
2683 3055 2929 3142 realia,

276 3186 310 3230 ›
347 3184 484 3236 non
536 3183 704 3236 vero
749 3166 1150 3256 personalia
1205 3167 1278 3236 in
1329 3165 1700 3238 beneficiis
1737 3165 2028 3251 curatis,
2070 3165 2159 3236 ad
2197 3164 2554 3250 effectum,
2598 3170 2675 3235 ut
2711 3164 2937 3235 subii-

276 3298 311 3340 »
347 3277 621 3348 ciantur
659 3283 894 3365 taxae,
934 3284 1007 3347 et
1041 3277 1348 3367 amplius
1372 3302 1440 3347 ι».
1474 3272 1566 3348 Ει
1598 3276 1787 3348 hanc
1822 3276 2323 3347 resolutionem
2366 3276 2437 3347 in
2473 3276 2687 3347 simili
2715 3294 2934 3348 causa

273 3383 574 3458 dandam
627 3407 786 3461 esse
840 3388 1200 3481 rescripsit
1239 3389 1311 3459 in
1351 3389 1658 3461 Reatina
1691 3387 1874 3461 Med.
1918 3406 2095 3457 ann.
2144 3387 2259 3457 10.
2304 3382 2470 3458 Maii
2516 3388 2731 3459 1794.

411 3501 522 3571 45.
564 3499 1023 3594 capellaniae
1079 3501 1365 3572 laicales
1420 3500 1821 3573 adnutum
1876 3499 2321 3588 amovibiles,
2378 3502 2657 3572 etiamsi
2695 3518 2934 3573 sacer-

275 3609 536 3682 dotales
583 3614 759 3699 sint,
819 3613 1094 3683 mediae
1145 3618 1458 3685 annatae
1514 3612 1987 3702 pensitandae
2057 3630 2519 3701 nequaquam
2587 3612 2928 3685 subsunt.

278 3717 439 3794 Orta
488 3724 678 3794 enim
732 3723 1134 3795 huiusmodi
1189 3724 1695 3811 controversia,
1754 3741 1847 3793 an
1899 3722 2034 3793 sub
2072 3722 2537 3813 dispositione
2575 3723 2936 3796 Constitu-

278 3836 480 3907 tionis
532 3838 704 3909 Pius
740 3844 808 3910 et
841 3838 1236 3909 misericors
1275 3837 2000 3928 comprehenderetur
2033 3836 2434 3928 capellania
2471 3836 2933 3907 sacerdotalis

280 3948 665 4020 amovibilis
716 3948 854 4020 sub
908 3946 990 4019 D.
1039 3948 1320 4021 Antonii
1381 3950 1582 4021 titulo
1635 3950 1708 4020 in
1765 3945 2096 4020 Firmana
2149 3944 2483 4035 dioecesi,
2541 3948 2709 4019 licet
2769 3965 2934 4020 sen-

279 4060 558 4129 tentiam
614 4062 1020 4151 negativam
1078 4068 1445 4132 tuerentur
1494 4062 1823 4133 canonici
1880 4061 2462 4151 metropolitanae
2534 4059 2733 4131 urbis
2785 4059 2937 4133 Fir-

285 4171 401 4255 mi,
438 4170 831 4263 disceptato
865 4170 1111 4243 dubio:
1173 4192 1210 4237 ‹
1259 4170 1360 4241 An
1413 4170 1816 4243 debeantur
1850 4172 2191 4244 ecclesiae
2230 4171 2621 4243 cathedrali
2661 4170 2934 4245 fructus

286 4279 539 4354 dimidii
591 4285 764 4354 anni
822 4285 891 4355 in
945 4302 1115 4356 casu
1156 4278 1244 4352 »ἓ
1299 4283 1416 4356 die
1459 4284 1575 4356 19.
1619 4282 1816 4376 Sept.
1866 4284 2081 4355 1767.
2140 4282 2213 4354 S.
2255 4280 2327 4353 C.
2369 4279 2583 4356 Conc.
2640 4302 2937 4378 respon-

288 4391 412 4463 dit:
464 4417 499 4459 «
537 4392 880 4487 Negative
920 4419 990 4466 ›.

425 4504 533 4577 46.
584 4506 1121 4578 Administratio
1169 4507 1529 4579 redituum
1585 4526 1672 4581 ex
1724 4507 2004 4579 mediae
2057 4514 2369 4581 annatae
2441 4510 2756 4584 collectis
2807 4509 2935 4581 ob-

293 4616 736 4705 venientium,
792 4618 992 4689 iuxta
1045 4620 1564 4711 praescriptum
1616 4617 2159 4691 Constitutionis
2195 4617 2728 4709 Benedictinae,
2767 4618 2938 4712 Epi-
