3497 5235
607 281 724 346 164
1357 281 1729 342 ῐιιήηοίὶοιιίι
1770 282 1824 340 8.
1853 282 2039 357 congr.
2065 282 2213 342 Οοιιο.
2255 283 2528 359 expositio.

599 416 1122 509 procurationis
1172 415 1550 507 pecuniam
1622 423 1694 488 εῖ
1760 416 2096 489 victualia
2151 417 2511 510 recipere,
2565 434 2658 488 ne
2724 421 2877 486 tum
2932 412 3270 505 quidem,

600 546 761 601 cum
819 546 1062 601 mensa
1118 529 1543 620 episcopalis
1595 530 2002 621 pauperiori
2056 548 2275 601 censu
2314 529 2618 602 laborat.
2660 524 2839 600 Nam
2878 525 3277 619 Episcopus

598 638 1140 731 Aquinatensis,
1198 657 1357 711 cum
1412 657 1500 711 ex
1552 638 1958 713 dioeceseos
2012 659 2203 713 more
2256 641 2581 731 quolibet
2621 657 2858 712 mense
2896 635 3277 711 Novembri

600 774 643 828 a
697 756 884 828 clero
934 760 1216 829 scutata
1269 756 1728 846 septuaginta
1780 757 2130 848 reciperet
2180 756 2705 849 procurationis
2737 754 3035 842 iutuitu,
3077 757 3151 825 et
3184 750 3276 824 ob

599 885 893 939 mensae
946 866 1372 938 tenuitatem
1428 873 1796 958 praeterea
1848 868 2278 940 visitationis
2314 886 2669 959 expensas
2704 867 2989 958 exigere
3026 864 3275 951 vellet,

599 980 968 1054 oraculum
1020 999 1081 1051 s.
1126 998 1220 1050 m.
1263 974 1578 1070 Gregorii
1618 976 1822 1051 XIII.
1865 987 2355 1072 percontatus,
2412 998 2834 1071 responsum
2887 976 3148 1050 Literis
3201 976 3277 1047 in

599 1088 827 1162 forma
878 1086 1120 1162 Brevis
1171 1089 1473 1182 accepit,
1531 1090 1725 1180 quod
1776 1093 1928 1163 suis
1978 1090 2214 1164 verbis
2264 1091 2618 1165 referebat
2669 1089 3068 1182 Episcopus
3120 1087 3279 1179 ipse

600 1202 798 1294 apud
848 1199 1069 1291 Crisp.
1125 1199 1326 1274 visit.
1370 1202 1575 1276 Past.
1637 1200 1711 1274 P.
1755 1199 1816 1274 1.
1871 1201 1947 1296 ξ.
1994 1206 2109 1277 16.
2172 1226 2247 1277 n.
2289 1207 2361 1278 6.
2420 1203 2560 1300 (uti
2613 1205 2853 1277 vIdere
2888 1202 3109 1276 estin
3144 1219 3280 1272 an-

597 1314 803 1402 tiquo
851 1319 1045 1385 tomo
1096 1313 1414 1404 signato:
1456 1315 1544 1388 A.
1588 1314 1819 1387 Relat.
1866 1316 2048 1388 Stat.
2094 1316 2287 1388 Eccl.
2330 1318 2515 1388 circa
2554 1334 2827 1388 annum
2868 1313 3083 1385 1592.
3126 1313 3281 1384 exi-

593 1432 833 1498 stente
890 1425 967 1495 in
1023 1421 1302 1496 Archiv.
1361 1420 1620 1519 Cong.)
1694 1449 1731 1491 ι
1776 1443 2034 1518 nempe
2089 1427 2309 1516 mihi,
2366 1428 2691 1518 meisque
2740 1422 3281 1498 successoribus

596 1559 636 1605 ν
678 1536 914 1624 Ιῑεθτε,
972 1536 1030 1607 si
1085 1536 1458 1622 vellemuS,
1514 1537 1798 1609 solitam
1853 1556 2205 1610 summam
2261 1540 2608 1631 accipere,
2649 1544 2723 1610 et
2768 1538 3029 1609 nostris
3078 1553 3281 1606 sum·

594 1674 634 1720 ι
674 1648 919 1741 ptihus
955 1648 1335 1720 dioecesim
1392 1649 1710 1738 visitare,
1751 1655 1878 1721 aut
1917 1651 2240 1743 accipere
2292 1651 2696 1724 necessaria
2733 1649 2828 1722 ad
2864 1649 3156 1735 victum,
3203 1654 3278 1720 et

597 1784 637 1830 ν
674 1761 1054 1854 pecuniam
1111 1778 1255 1831 non
1311 1760 1658 1853 accipere.
1697 1785 1736 1829 »

744 1873 865 1944 45.
923 1869 1221 1945 Etiamsi
1275 1873 1352 1942 in
1404 1873 1646 1962 aliqua
1700 1874 2008 1947 dioecesi
2058 1875 2332 1948 taxatio
2386 1875 2736 1966 pecuniae
2788 1869 3277 1944 determinata

595 1983 879 2072 fuisset,
936 1983 1321 2055 accedente
1374 1983 1543 2055 cleri
1596 2003 1980 2072 consensu,
2036 1993 2255 2076 atque
2306 1986 2522 2059 etiam
2560 2004 2695 2057 usu
2733 1989 3042 2075 recepta,
3087 1980 3282 2052 nihi-

597 2095 912 2169 lominus
960 2093 1034 2166 S.
1076 2091 1151 2165 C.
1193 2092 1268 2166 C.
1311 2096 1384 2166 in
1424 2096 1811 2186 Hyeracen.
1853 2094 2021 2169 Dec.
2062 2098 2275 2170 1835.
2317 2093 2480 2189 (lib.
2513 2097 2584 2167 4.
2629 2095 2899 2168 decret.
2940 2112 3110 2185 pag.
3147 2093 3271 2165 19.

596 2208 823 2299 Crisp.
883 2208 1015 2280 loc.
1048 2208 1170 2279 cit.
1215 2225 1289 2277 n.
1323 2204 1434 2303 8.)
1487 2207 1895 2280 huiusmodi
1930 2210 2369 2281 taxationem
2407 2215 2637 2279 ratam
2676 2226 2820 2278 non
2858 2205 3143 2293 babuit,
3187 2222 3277 2274 ac

599 2322 878 2395 censuit
930 2338 1238 2410 semper,
1299 2342 1336 2383 α
1376 2337 1532 2392 esse
1568 2321 1640 2392 in
1678 2321 1966 2414 optione
2001 2339 2275 2409 eorum,
2315 2321 2441 2410 qui
2481 2320 2889 2406 visitantur,
2930 2316 3280 2389 victualia

602 2456 642 2500 «ι
682 2432 1229 2504 subministrare
1283 2430 1433 2504 loco
1488 2434 1840 2522 pecuniae
1894 2439 2209 2504 taxatae.
2247 2456 2286 2500 »

745 2545 863 2617 46.
912 2543 1010 2616 Ad
1048 2544 1479 2616 visitationis
1504 2562 1861 2637 expensas
1897 2552 2235 2620 tenentur
2270 2544 2561 2638 parochi
2600 2551 2674 2619 et
2707 2544 2963 2632 cleruS,
2999 2543 3281 2635 quippe

593 2655 671 2729 S.
712 2655 788 2729 C.
840 2657 911 2728 in
949 2658 1215 2748 Aquen.
1259 2657 1380 2729 26.
1424 2653 1602 2729 Nov.
1648 2659 1864 2730 1638.
1906 2659 2236 2730 censuit:
2298 2681 2335 2723 ι
2379 2657 2711 2729 victualia
2749 2658 2820 2728 in
2860 2657 3282 2729 visitatione

594 2795 636 2838 ι»
675 2769 916 2843 deberi
971 2767 1323 2864 Episcopo
1376 2791 1416 2841 a
1471 2769 1802 2861 parochis
1853 2776 1925 2841 et
1978 2789 2018 2840 a
2073 2770 2282 2841 clero.
2329 2793 2368 2837 »
2441 2768 2646 2850 Quod
2704 2768 2995 2858 quidem
3069 2767 3281 2839 iuxta

590 2884 1118 2976 proportionem
1172 2882 1717 2973 intelligendum
1772 2888 1931 2970 est3
1998 2900 2312 2971 namque
2368 2881 2442 2951 in
2494 2880 2869 2971 Euqubina
2910 2878 3041 2950 ·15.
3087 2876 3282 2950 Mar-

589 2997 673 3067 tii
709 2997 921 3068 1656.
964 2993 1125 3083 (lib.
1166 2996 1280 3067 19.
1320 2994 1587 3066 decret.
1623 2996 1796 3066 333.
1829 3013 1911 3068 ac
1948 2994 2160 3089 334.)
2196 2993 2518 3066 censuit:
2580 3016 2619 3057 ‹
2649 2990 3001 3063 Parochos
3036 2990 3278 3063 teneri

596 3132 639 3177 ν
679 3109 769 3180 ad
805 3107 1403 3181 contributionem
1442 3106 1856 3178 victualium
1895 3102 2245 3197 Episcopo
2282 3104 2599 3176 visitanti
2637 3121 2766 3192 pro
2802 3108 2956 3173 rata
2993 3108 3282 3193 tempo-

598 3242 638 3288 »
678 3219 801 3307 ris,
858 3237 1001 3308 quo
1055 3218 1369 3308 ipsorum
1416 3216 1793 3308 parochiae
1846 3218 2254 3304 visitantur,
2296 3235 2437 3288 non
2475 3222 2716 3288 autem
2755 3233 2879 3306 pro
2917 3221 3276 3308 tempore,

595 3356 638 3401 ν
678 3349 821 3421 quo
863 3327 1259 3422 Episcopus
1311 3334 1635 3401 versatur
1686 3330 1873 3400 circa
1926 3329 2400 3400 visitationem
2441 3328 2755 3399 locorum
2791 3345 3160 3399 sacrorum
3200 3329 3282 3401 in

594 3465 634 3511 ν
674 3442 921 3514 eodem
978 3440 1127 3515 loco
1181 3441 1669 3512 existentium.
1705 3463 1743 3508 »
1803 3434 2142 3534 (Crispin.
2202 3440 2337 3512 loc.
2379 3440 2501 3511 cit.
2562 3457 2639 3510 n.
2680 3435 2820 3535 9.).

742 3553 860 3624 47.
921 3548 1077 3624 Una
1128 3569 1286 3623 cum
1336 3551 1643 3643 parocho
1682 3552 1775 3623 ad
1812 3551 2412 3624 contributionem
2450 3556 2788 3622 tenentur
2827 3567 3284 3642 possessores

587 3666 1100 3741 beneficiorum
1154 3663 1582 3756 simplicium
1621 3671 1694 3736 et
1728 3665 2319 3756 capellaniarum,
2362 3682 2548 3754 quae
2587 3663 2661 3734 in
2698 3663 2986 3736 titulum
3023 3664 3285 3737 conte-

584 3786 870 3852 runtur.
912 3771 1097 3847 Nam
1132 3775 1204 3846 in
1242 3776 1596 3847 Narnien.
1645 3776 1763 3846 12.
1798 3776 1995 3866 Sept.
2027 3775 2241 3846 1554.
2274 3772 2434 3869 (lib.
2475 3775 2590 3846 19.
2634 3773 2900 3847 decret.
2942 3793 3015 3864 p.
3051 3772 3280 3872 399.)

587 3890 683 3963 ad
719 3889 1062 3961 dubium:
1117 3912 1154 3954 ι
1193 3888 1293 3959 An
1329 3886 1678 3959 beneficia
1716 3888 2068 3979 simplicia
2110 3892 2491 3960 teneantur
2527 3903 2685 3958 cum
2724 3886 3056 3976 parochis
3095 3906 3283 3959 con·

591 4024 632 4072 ι
669 4000 984 4074 tribuere
1041 4000 1521 4092 procurationi
1576 3997 1930 4090 Episcopo
1982 3999 2300 4071 visitanti
2355 3993 2860 4071 dioecesimb
2920 3995 2994 4069 S.
3033 3996 3113 4069 C.
3159 4017 3285 4071 re-

587 4112 926 4205 spondit:
989 4133 1026 4178 ‹
1066 4109 1346 4183 Teneri.
1381 4137 1417 4179 ν
1473 4109 1564 4185 Εῖ
1618 4111 1692 4183 in
1730 4112 2076 4184 Boianen.
2119 4112 2239 4182 24.
2282 4105 2627 4182 Novemh.
2667 4109 2880 4182 1654.
2923 4105 3089 4203 (lib.
3139 4111 3273 4182 19.

588 4223 859 4298 decret.
894 4241 1056 4315 pag.
1080 4220 1288 4317 427.)
1323 4222 1572 4295 eadem
1620 4220 1695 4293 S.
1727 4221 1802 4295 C.
1844 4221 2164 4294 censuit:
2209 4243 2246 4288 ‹
2273 4221 2682 4293 obtinentes
2717 4220 3102 4308 beneficia,
3132 4239 3284 4293 seu

589 4358 630 4406 ι
672 4336 1109 4426 capellanias
1159 4336 1234 4407 in
1286 4335 1575 4407 titulum
1633 4333 1860 4405 teneri
1913 4352 2040 4424 pro
2094 4339 2249 4404 rata
2303 4332 2755 4404 contribuere
2809 4350 2937 4423 pro
2991 4331 3295 4403 victua-

589 4469 630 4517 »
672 4446 888 4519 libus.
935 4445 1130 4531 Quae
1167 4447 1457 4538 quidem
1496 4446 1782 4520 tametsi
1820 4445 1912 4517 ab
1952 4442 2148 4517 Emis
2181 4443 2686 4519 cardinalibus
2723 4444 3280 4533 possideantur,

588 4583 629 4631 ι
669 4559 761 4631 ah
813 4560 951 4632 hac
999 4560 1526 4632 contributione
1582 4578 1724 4631 non
1778 4559 2213 4630 eximuntur.
2250 4580 2289 4624 »
2338 4556 2625 4629 Nullius
2675 4572 2801 4626 seu
2838 4555 3280 4627 Neritonen.

589 4672 712 4745 13.
744 4672 1111 4763 Septemb.
1154 4671 1370 4744 1631.
1411 4668 1576 4765 (lib.
1615 4669 1734 4741 14.
1775 4670 2046 4743 decret.
2088 4687 2256 4760 pag.
2289 4664 2527 4764 498.).
2566 4665 2797 4769 Crisp.]
2832 4666 2885 4737 l.
2916 4685 2984 4739 c.
3027 4683 3106 4737 n.
3137 4665 3275 4737 11.
