3497 5235
1034 260 1154 337 0⁸1».
1179 264 1273 322 111.
1314 265 1387 324 Do
1427 264 1561 324 cloto
1603 267 1874 326 mouisti.
1917 270 1972 343 ἓ.
1999 268 2049 326 Β.
2758 263 2876 328 383

260 394 610 467 animarum
664 415 908 469 curam
986 398 1340 473 habentes
1415 402 1509 475 ad
1584 403 2015 476 residentiae
2072 405 2300 497 legem
2352 404 2875 478 observandam

257 504 605 596 adigerent:
668 530 707 573 ‹
745 506 1015 582 Eadem
1069 509 1361 605 (nempe
1414 531 1600 603 quae
1653 513 1741 586 de
1793 512 2164 607 Episcopis
2200 537 2241 588 a
2278 513 2562 601 Synodo
2600 522 2872 587 statuta

257 639 286 683 ›
328 616 620 714 fuerant)
675 623 962 693 omnino
1014 624 1229 696 etiam
1291 625 1530 714 quoad
1602 625 1932 717 culpam,
1989 628 2442 699 amissionem
2512 614 2875 699 fructuum

256 752 284 794 ›
328 736 386 802 et
428 750 699 824 poenas
752 733 840 806 de
891 736 1157 807 curatis
1208 736 1663 810 inferioribus
1730 745 1801 811 et
1879 739 2038 810 aliis
2089 737 2692 828 quibuscumque,
2751 738 2875 828 qui

251 863 281 908 ›
325 839 733 917 beneficium
788 844 1082 936 aliquod
1133 848 1719 939 ecclesiasticum,
1780 867 2022 922 curam
2095 850 2492 921 animarum
2562 847 2869 937 habens,

252 974 282 1016 ν
324 952 662 1046 obtinent,
718 965 1170 1032 sacrosancta
1221 956 1550 1052 Synodus
1602 959 1920 1033 declarat
1971 960 2056 1034 et'
2092 961 2443 1048 decernit3
2490 961 2590 1033 ita
2627 966 2868 1032 tamen

248 1084 278 1129 ›
321 1071 410 1154 ut,
469 1068 1069 1160 quandocumque
1122 1089 1267 1161 eos,
1325 1090 1541 1144 causa
1591 1074 1792 1164 prius
1841 1090 1972 1165 per
2004 1069 2435 1165 Episcopum
2483 1071 2764 1161 cognita
2802 1077 2873 1144 et

248 1198 278 1240 ›
318 1177 636 1269 probata,
692 1179 944 1255 abesse
995 1184 1399 1275 contigerit,
1457 1184 1801 1257 vicarium
1854 1184 2188 1257 idoneum
2246 1183 2531 1276 abipso
2566 1180 2873 1255 Ordina-

245 1309 275 1354 ι
318 1290 403 1361 rio
459 1292 1005 1384 approbandum
1044 1313 1203 1367 cum
1242 1295 1483 1368 debita
1521 1296 1869 1369 mercedis
1904 1295 2386 1387 assignatione
2423 1294 2865 1384 relinquant.

241 1421 270 1465 ›
315 1397 729 1476 Discedendi
780 1412 1019 1478 autem
1071 1406 1432 1480 licentiam
1472 1409 1546 1478 in
1581 1408 1864 1499 scriptis
1903 1408 2268 1500 gratisque
2305 1405 2865 1492 concedendam,

240 1535 270 1577 ν
313 1514 490 1587 ultra
541 1516 881 1589 bimestre
935 1525 1241 1612 tempus,
1297 1519 1436 1591 nisi
1489 1538 1576 1591 ex
1633 1521 1828 1611 gravi
1880 1538 2097 1591 causa
2148 1536 2292 1589 non
2361 1516 2762 1589 obtineant.
2825 1540 2864 1583 ι

285 1670 300 1683 -
352 1628 520 1700 212.
581 1626 952 1702 Praeterea
1005 1636 1084 1702 ut
1135 1630 1428 1721 parochi
1482 1634 1709 1722 magis
1745 1649 1831 1703 ac
1866 1630 2092 1722 magis
2144 1629 2592 1721 intelligant,
2652 1645 2867 1718 quam

237 1741 621 1827 gravissime
672 1741 764 1813 ad
815 1740 1002 1814 hanc
1054 1742 1281 1834 legem
1331 1743 1756 1815 servandam
1834 1742 2276 1834 obligentur,
2333 1740 2703 1813 attendere
2755 1739 2873 1810 iti-

230 1847 365 1921 dem
415 1852 689 1925 debent
739 1870 848 1942 ea,
889 1871 1075 1944 quae
1128 1853 1378 1926 eadem
1431 1854 1569 1926 hac
1619 1872 1835 1946 super
1884 1872 1959 1926 re
2010 1871 2310 1926 sanxere
2364 1849 2632 1923 Summi
2685 1849 2871 1923 Pon-

229 1959 453 2051 tifices,
513 1966 928 2055 praesertim
981 1963 1149 2038 Pius
1201 1962 1323 2035 IV.
1383 1963 1680 2038 Constit.
1740 1967 1843 2039 De
1893 1965 2120 2037 salute
2171 1965 2582 2036 animarum
2634 1963 2704 2034 4.
2749 1959 2875 2034 86-

223 2072 551 2160 ptembris
608 2076 855 2165 1560„
913 2084 985 2149 et
1036 2075 1333 2150 Constit.
1377 2079 1460 2150 In
1538 2097 1864 2170 suprema
1932 2078 2026 2148 25
2076 2072 2253 2147 Nov.
2316 2075 2531 2146 1564.
2589 2091 2871 2147 necnon

221 2177 284 2253 S.
337 2182 504 2257 Pius
555 2183 642 2256 V.
699 2185 995 2261 Constit.
1059 2189 1421 2282 Cupientes
1479 2189 1596 2258 11.
1636 2186 1803 2260 Iulii
1860 2188 2073 2260 1568.

349 2299 519 2370 213.
580 2295 777 2372 Circa
825 2307 1137 2373 rectores
1190 2301 1617 2391 animarum,
1670 2301 1793 2390 qui
1830 2299 2077 2391 procul
2114 2319 2155 2370 a
2192 2296 2529 2390 parochia
2567 2297 2641 2367 in
2678 2288 2869 2367 alma

219 2403 390 2481 Urbe
442 2429 716 2481 moram
774 2411 1093 2501 trahunt,
1150 2412 1511 2503 peculiare
1563 2411 1875 2484 edictum
1946 2410 2170 2483 edidit
2237 2407 2611 2481 Innocent.
2655 2403 2863 2478 XIII.

220 2537 326 2590 au.
372 2522 623 2611 1723„
658 2523 851 2613 quod
886 2524 1250 2596 innovavit
1285 2520 1557 2596 Bened.
1591 2519 1795 2594 XIII.
1834 2523 2277 2612 inseruitque
2314 2521 2505 2593 omni
2543 2538 2629 2593 ex
2665 2526 2870 2612 parte

214 2631 282 2703 in
331 2632 542 2708 Conc.
586 2631 910 2707 Romano
964 2638 1137 2708 anni
1194 2638 1407 2709 1725.
1458 2637 1593 2709 Tit.
1638 2635 1757 2710 47.
1800 2635 1884 2709 de
1920 2636 2089 2708 cler.
2146 2653 2287 2708 non
2333 2635 2546 2707 resid.
2589 2654 2745 2725 cap.
2789 2633 2864 2706 7.

211 2739 629 2819 consulatur
680 2744 948 2819 Bened.
991 2745 1185 2819 XIV.
1244 2749 1421 2821 Inst.
1466 2748 1632 2820 eccl.
1681 2746 1802 2821 17.
1843 2767 2041 2820 num.
2082 2748 2157 2819 5.

344 2854 578 2951 Super
630 2858 1097 2950 obligatione,
1148 2879 1290 2951 qua
1344 2860 1733 2952 adiguntur
1801 2862 2199 2932 animarum
2270 2863 2654 2946 curatoreS,
2696 2857 2872 2929 resi-

203 2967 420 3041 dendi
473 2972 549 3041 in
604 2969 939 3060 parochia
995 2990 1078 3043 ac
1130 2972 1203 3043 in
1256 2971 1464 3044 domo
1514 2970 1907 3061 parochiali
1957 2969 2373 3057 habitandi,
2431 2967 2872 3040 consultissi-

203 3097 391 3152 mam
444 3083 1008 3173 disputationem
1065 3082 1509 3156 elucubravit
1560 3079 2048 3173 Baptistellius
2099 3083 2175 3154 in
2214 3100 2344 3154 sua
2383 3077 2665 3172 Synodo
2701 3077 2869 3150 Ful-

202 3193 608 3283 ginatensi,
665 3211 894 3285 eaque
967 3194 1230 3286 legitur
1302 3195 1379 3266 in
1455 3196 1774 3267 eiusdem
1851 3194 2245 3286 Appendice
2295 3192 2391 3265 ad
2443 3211 2600 3284 cap.
2657 3188 2733 3286 ἓ.
2786 3191 2864 3264 2.

181 3322 363 3397 paq.
409 3304 531 3378 68.
570 3312 637 3378 et
688 3326 825 3398 seq.

342 3417 518 3489 214.
578 3415 748 3489 Post
798 3418 979 3490 haec
1028 3419 1307 3507 aliquas
1360 3414 1434 3488 S.
1477 3414 1728 3508 Congr.
1771 3416 2289 3489 declarationes
2340 3416 2861 3506 subnectimus3

187 3543 368 3597 nam
419 3527 558 3601 hac
608 3530 685 3601 in
738 3531 1038 3602 materia
1092 3529 1289 3602 haud
1340 3527 1829 3618 infrequenter
1879 3529 2238 3617 usuvenit,
2295 3533 2377 3599 ut
2428 3546 2556 3600 eae
2619 3528 2871 3599 simili-

182 3636 333 3710 bus
390 3641 677 3713 casibus
731 3642 1388 3714 accommodentur.
1443 3637 1536 3712 Et
1586 3639 1812 3731 primo
1866 3640 2154 3729 quidem
2210 3639 2395 3711 circa
2445 3640 2787 3714 vicarium
2826 3658 2867 3710 a

179 3753 510 3840 parocho
565 3753 1140 3843 relinquendum,
1184 3754 1461 3843 quoties
1514 3769 1676 3823 eum
1729 3751 1820 3823 ob
1860 3750 2247 3842 legitimam
2286 3769 2574 3822 causam
2614 3749 2867 3822 abesse

178 3864 597 3956 contingat,
641 3864 1155 3937 advertendum
1207 3871 1344 3952 est,
1400 3864 1741 3935 vicarium
1796 3862 2123 3935 eumdem
2177 3861 2667 3956 deputandum
2722 3880 2867 3933 non

175 3991 358 4045 esse
411 3975 503 4047 ab
555 3973 937 4067 EpiscopO,
978 3975 1103 4047 sed
1160 3975 1250 4047 ab
1306 3977 1608 4066 ipsomet
1660 3975 1995 4066 parocho,
2052 3975 2337 4068 praevio
2387 3981 2629 4046 tamen
2700 3970 2872 4067 Epi-

173 4087 394 4176 scopi
447 4088 779 4158 examine
815 4094 889 4159 et
923 4086 1461 4178 approbatione,
1521 4086 1742 4158 veluti
1780 4087 2092 4161 decrevit
2126 4085 2320 4160 Sacr.
2353 4083 2610 4178 Congr.
2653 4085 2863 4159 Conc.

167 4195 255 4266 in
320 4198 719 4270 Zamoren.
760 4199 882 4270 29.
928 4196 1125 4291 Sept.
1190 4198 1439 4286 1691„
1481 4204 1551 4269 et
1601 4199 1721 4269 23.
1765 4195 1931 4269 Iulii
1973 4199 2187 4269 1622.
2230 4204 2299 4269 et
2352 4197 2580 4270 fusius
2634 4199 2870 4272 decla-

157 4309 386 4381 tavit
435 4307 686 4384 Innoc.
733 4308 936 4383 XIII.
980 4310 1278 4384 Constit.
1321 4312 1699 4404 Apostolici
1735 4313 2144 4384 ministerii.
2176 4308 2251 4405 ἓ.
2288 4311 2600 4400 Quoties;
2653 4309 2872 4409 (quae

157 4426 348 4492 tota
400 4422 677 4515 legetur
727 4425 1086 4497 volumine
1139 4420 1274 4494 ΙΙΙ.
1333 4423 1468 4495 sub
1519 4441 1718 4494 num.
1763 4418 1950 4518 31.).
2005 4420 2202 4494 Haec
2253 4441 2460 4515 porro
2512 4421 2868 4497 Constitu-

149 4530 274 4604 tio
347 4531 512 4607 licet
561 4536 968 4628 specialiter
1020 4535 1111 4607 ab
1163 4535 1412 4607 eodem
1464 4531 1805 4607 Pontifice
1856 4552 1982 4626 pro
2028 4534 2496 4607 restauranda
2535 4536 2868 4608 ecclesia-

144 4645 376 4716 stica
426 4648 806 4742 disciplina
859 4650 936 4723 in
988 4649 1225 4742 regnis
1285 4644 1796 4739 Hispaniarum
1848 4648 2182 4740 evulgata
2234 4645 2494 4739 fuerit,
2551 4653 2870 4722 attamen
