3497 5235
612 301 730 364 324
1358 304 1729 362 lustr-notionis
1771 302 1824 361 8.
1853 304 2037 378 Gongr.
2066 303 2214 363 Ocno.
2254 305 2526 380 expositio.

610 440 964 512 communi
1021 439 1509 530 participant,
1577 439 1800 511 divini
1854 438 2067 511 officii
2121 457 2421 529 pensum
2476 440 2585 511 vel
2639 458 2727 513 ex
2778 446 2976 529 toto,
3036 442 3144 514 vel
3190 462 3272 515 ex

606 559 813 641 parte
867 549 1232 622 absolvere
1286 557 1624 622 tenentur
1657 603 1677 638 ,
1754 569 2059 639 quarum
2114 571 2419 643 magnus
2469 569 2811 625 numerus
2876 554 2953 625 in
3018 552 3275 627 ditione

605 662 1077 758 Neapolitana
1117 663 1563 753 potissimum
1604 663 2085 754 reperiuntur,
2126 670 2197 735 et
2232 663 2509 756 vulgari
2547 666 2838 737 nomine
2870 667 3276 756 Receptitiae

606 782 1143 867 nuncupantur.
1201 773 1527 848 Iamvero
1581 777 1641 848 si
1692 776 2102 848 huiusmodi
2163 777 2569 850 sacerdotes
2632 777 2724 848 ab
2784 778 3085 850 ecclesia
3133 777 3278 851 iue-

606 891 753 962 rint
787 888 1151 974 absenteS,
1192 894 1430 978 potest
1466 885 1867 980 Episcopus
1920 893 2163 959 contra
2202 888 2395 979 ipsos
2431 889 3001 961 animadvertere
3038 891 3277 982 poenis

609 1009 759 1074 tam
794 1022 832 1072 a
872 1002 1024 1072 iure
1078 1001 1448 1089 canonico,
1507 1017 1728 1089 quam
1763 1020 1804 1070 a
1841 997 2052 1071 Conc.
2096 994 2287 1069 Trid.
2332 1000 2684 1092 irrogatis.
2742 997 2917 1071 Cum
2965 1001 3151 1072 enim
3203 1002 3274 1074 in

607 1113 968 1187 Asculano
996 1112 1609 1201 Participantium
1650 1113 1765 1183 18.
1809 1107 1987 1181 Nov.
2021 1112 2235 1183 1662.
2277 1105 2440 1208 (lib.
2472 1110 2596 1184 23.
2636 1111 2891 1184 decret.
2925 1131 3003 1203 p.
3036 1106 3275 1208 347),

605 1223 733 1295 ubi
787 1224 874 1295 de
928 1223 1052 1294 tali
1104 1223 1402 1294 ecclesia
1455 1241 1571 1294 res
1625 1231 1808 1311 erat,
1866 1230 2357 1311 quaereretur:
2421 1245 2460 1288 ιι
2492 1222 2601 1295 An
2635 1221 2713 1293 in
2748 1223 2957 1295 dictis
2999 1224 3278 1316 partici-

606 1359 647 1401 ν
685 1334 1031 1425 pentibus
1079 1333 1399 1406 habeant
1468 1334 1701 1405 locum
1757 1351 2029 1424 poenae
2096 1352 2241 1405 non
2304 1335 2772 1407 residentium
2843 1342 2988 1408 tam
3043 1355 3086 1406 a
3137 1337 3277 1408 iure

608 1470 649 1513 ›
688 1447 1056 1532 canonico,
1097 1464 1315 1535 quam
1351 1465 1392 1515 a
1429 1443 1502 1516 S.
1543 1445 1851 1519 Concilio
1888 1438 2251 1520 inflictae?
2277 1471 2315 1512 »
2372 1445 2445 1518 S.
2487 1443 2562 1517 C.
2603 1447 3011 1536 respondit:
3074 1469 3113 1512 ‹
3143 1445 3278 1518 Ha-

610 1582 647 1625 »
687 1556 855 1629 bere
908 1558 1165 1630 locum.
1203 1581 1239 1624 »
1295 1553 1449 1628 Imo
1485 1558 1544 1628 si
1581 1557 1993 1629 huiusmodi
2048 1558 2563 1648 participantes
2597 1576 2743 1629 non
2779 1558 3173 1646 resideant,
3211 1567 3274 1633 et

607 1669 953 1740 admoniti
992 1669 1065 1739 in
1109 1688 1240 1740 sua
1292 1668 1764 1741 nibilominus
1818 1669 2145 1742 absentia
2196 1676 2681 1761 perseverent,
2739 1670 3274 1761 participatione

603 1780 864 1872 privari
919 1787 1248 1871 possunt,
1290 1782 1467 1870 quin
1513 1781 1787 1852 interea
1840 1798 2133 1853 necesse
2185 1782 2278 1852 sit
2327 1782 2592 1853 servari
2647 1781 2910 1872 gradus
2955 1801 2998 1852 a
3040 1779 3274 1855 Conci-

601 1892 702 1964 lio
754 1890 1168 1966 Tridentino
1223 1912 1348 1984 pro
1399 1892 1744 1985 Capitulis
1800 1895 2285 1984 praescriptis,
2343 1894 2565 1965 veluti
2619 1893 2848 1986 colligi
2909 1901 3153 1987 potest
3198 1915 3272 1970 ex

604 2022 819 2077 causa
863 2005 1150 2077 Nullius
1197 2007 1451 2077 Terrae
1487 1991 1759 2076 Fasani
1798 2006 1952 2076 Res,
2013 2007 2084 2077 3.
2125 2001 2284 2077 Ian.
2332 2006 2579 2092 1762„
2636 2005 2759 2077 ubi
2817 2004 2889 2077 S.
2931 2004 3007 2078 C.
3049 2008 3274 2080 decla-

603 2117 816 2205 ravit,
874 2115 1257 2205 quemdam
1311 2116 1949 2207 poenitentiarium
2000 2117 2232 2189 teneri
2285 2117 2376 2189 ad
2429 2117 2895 2189 residentiam
2947 2136 3273 2210 persona-

603 2227 747 2299 lem
799 2229 873 2299 in
927 2228 1224 2300 ecclesia
1278 2229 1684 2319 receptitia‚
1745 2236 1850 2317 et,
1910 2236 2188 2301 attenta
2258 2228 2450 2300 illius
2503 2230 2994 2316 contumacia,
3051 2230 3267 2303 locum

602 2356 759 2411 esse
811 2340 1230 2410 admissioni
1282 2340 1443 2409 novi
1500 2339 1903 2430 presbyteri
1942 2340 2014 2410 in
2051 2341 2203 2411 eius
2252 2339 2901 2430 participationem.
2958 2337 3267 2413 Iamvero

607 2468 694 2520 ex
733 2450 926 2521 Folio
979 2451 1298 2522 eiusdem
1353 2469 1611 2523 causae
1668 2451 2046 2523 manifesto
2100 2452 2395 2538 eruitur,
2444 2451 2957 2523 monitionibus
2993 2452 3261 2542 quidem

606 2561 839 2634 locum
891 2560 1111 2635 fuisse
1162 2562 1462 2651 factum,
1524 2563 1817 2635 minime
1871 2581 2035 2635 vero
2090 2563 2455 2637 fructuum
2506 2563 3004 2637 subtractioni.

756 2780 934 2856 «ΙΙ.
998 2785 1101 2857 An
1170 2788 1356 2860 ultra
1436 2783 1911 2876 Matutinum,
1977 2783 2264 2859 Laudes
2332 2793 2750 2876 ceterasque
2822 2788 3002 2859 alias
3070 2788 3255 2859 boras

608 2920 645 2961 ι»
684 2898 1092 2986 canonicas,
1134 2898 1456 2987 quolibet
1510 2900 1626 2970 die
1680 2898 2044 2970 celebrent
2098 2896 2380 2971 Missam
2436 2899 3012 2971 conventualem.
3045 2925 3082 2970 ›

754 3031 790 3074 ‹
831 3004 967 3079 ΙΙΙ.
1032 3008 1132 3081 An
1189 3009 1514 3100 quolibet
1569 3010 1681 3081 die
1735 3029 1897 3081 eam
1950 3011 2316 3103 applicent
2366 3028 2492 3101 pro
2543 3009 3205 3082 benefactoribus»

756 3235 916 3305 109.
976 3231 1063 3305 In
1113 3234 1230 3307 his
1298 3235 1582 3307 duabus
1651 3234 2121 3325 paragraphis
2190 3229 2577 3306 Instructio
2646 3240 2890 3305 nostra
2961 3232 3262 3324 singulas

603 3343 816 3416 officii
871 3346 1089 3417 divini
1145 3346 1358 3417 boras
1414 3346 1838 3418 nominatim
1893 3352 2291 3434 enumerat,
2349 3353 2428 3418 ut
2483 3345 2841 3433 ostendat,
2900 3346 3100 3417 nullo
3147 3362 3266 3415 un-

604 3475 824 3547 quam
876 3458 989 3529 die
1044 3458 1253 3529 licere
1307 3456 1654 3548 Capitulis
1728 3458 2041 3548 aliquem
2094 3457 2392 3529 huiusce
2451 3458 2686 3529 oneris
2738 3462 3015 3547 partem
3069 3457 3267 3528 relin-

602 3587 850 3659 quere.
905 3566 1253 3650 Quoniam
1291 3587 1455 3642 vero
1512 3571 1583 3640 in
1640 3569 2106 3660 expediendis
2149 3568 2559 3640 Antistitum
2612 3567 3108 3654 relationibus,
3156 3584 3267 3658 po-

603 3681 956 3751 tissimum
1012 3682 1068 3752 si
1126 3686 1378 3772 agatur
1430 3681 1519 3752 de
1573 3680 2024 3753 dioecesibus
2077 3687 2279 3752 extra
2332 3677 2616 3751 ltaliam
2648 3730 2668 3767 ,
2726 3678 3092 3750 multoties
3142 3678 3259 3762 fit,

598 3797 681 3861 ut
736 3810 951 3883 super
1003 3794 1421 3881 quotidiana
1477 3793 1695 3864 totius
1748 3792 1961 3864 officii
2015 3792 2472 3876 recitatione,
2532 3810 2614 3861 ac
2665 3790 2755 3862 de
2806 3788 3020 3861 Missa
3074 3806 3265 3880 prae-

601 3903 841 3975 sertim
896 3904 1347 3975 conventuali
1402 3904 1675 3993 aliquid
1732 3903 2348 3981 animadversione
2401 3903 2695 3993 dignum
2750 3903 3261 3993 comperiatur,

598 4013 769 4085 hinc
805 4022 1416 4105 peropportunum
1472 4014 1778 4088 arbitror
1833 4016 2046 4106 paulo
2101 4014 2325 4086 fusius
2362 4021 2434 4085 et
2468 4014 2869 4085 accuratius
2915 4026 3268 4085 sacrorum

518 4221 524 4227 Ι
600 4144 956 4198 canonum
1011 4127 1644 4218 praescriptionem
1679 4179 1699 4215 ,
1767 4127 2244 4198 universalem
2298 4125 2930 4213 consuetudinem,
2991 4133 3060 4197 et
3111 4141 3270 4194 con-

600 4242 909 4308 stantem
982 4257 1346 4310 sacrorum
1416 4256 1776 4309 canonum
1850 4238 2303 4332 disciplinam
2370 4257 2584 4329 super
2651 4237 2785 4309 boc
2856 4238 3266 4329 argumento

602 4348 954 4437 explicare
1017 4367 1099 4420 ac
1169 4348 1394 4421 solide
1462 4347 1811 4420 stabilire.
1894 4345 2152 4439 Itaque
2222 4352 2603 4440 separatim
2672 4350 2760 4421 de
2831 4345 3045 4421 Missa
3107 4362 3267 4417 con-

599 4460 916 4531 ventuali
967 4462 1281 4534 secundo
1337 4462 1634 4535 articulo
1688 4462 2020 4550 locuturi,
2079 4465 2304 4553 primo
2357 4462 2509 4534 loco
2563 4480 2857 4553 agemus
2902 4462 2991 4534 de
3026 4455 3261 4531 Officio

605 4567 878 4642 divino.
