3497 5235
635 272 756 335 332
1380 275 1748 336 humationi:
1788 275 1842 333 8.
1872 275 2053 348 θυεμ.
2084 273 2232 332 Ocno.
2275 271 2551 347 expositio.

640 440 680 481 »
720 413 905 485 ultro
957 414 1070 484 vel
1122 412 1213 484 ab
1265 412 1400 485 hoc
1449 410 1662 485 Sacro
1697 408 1965 483 Ordine
1999 410 2307 483 excitata
2345 409 2821 494 immutarent,
2866 408 3218 476 auctorante

643 548 681 591 »
720 520 1097 616 Episcopo,
1154 523 1246 595 ad
1297 541 1619 596 normam
1671 541 2030 594 sacrorum
2076 538 2458 607 canonum,
2498 520 2610 590 sin
2647 518 2894 603 minuS,
2930 511 3224 605 Apostoli-

641 659 680 703 »
723 654 877 707 cam
930 637 1467 727 impetraverint
1517 636 1825 722 veniam,
1900 653 2042 725 qua
2095 630 2580 724 peculiaribus
2629 628 3106 721 prospiceretur
3145 625 3228 696 lo-

641 771 682 813 ,
723 765 961 819 corum
1016 753 1089 820 et
1139 753 1534 837 temporum
1588 745 2162 819 difficultatibus.
2207 768 2245 811 »
2303 739 2504 813 Idem
2555 738 2767 812 Sacra
2831 737 3225 829 congregatio

638 860 1054 950 perscripsit
1104 859 1219 932 die
1274 861 1343 932 6.
1385 860 1709 932 eiusdem
1764 858 2030 929 mensis
2081 862 2155 928 et
2204 853 2375 925 anni
2427 849 2779 943 Episcopo
2830 846 3225 920 Ambianensi

639 977 714 1043 et
762 967 1112 1065 Episcopo
1168 971 1645 1058 Atrebatensi‚
1702 987 1983 1041 necnon
2034 974 2103 1040 et
2158 967 2339 1038 alias
2390 965 2549 1036 aliis
2601 960 2983 1053 EpiscopiS.

794 1084 957 1155 120.
1023 1080 1124 1156 Ad
1176 1083 1370 1155 hunc
1446 1082 1824 1155 articulum
1892 1080 1983 1152 de
2049 1078 2461 1170 integritate
2531 1073 2742 1147 officii
2802 1071 3010 1145 divini
3067 1085 3234 1159 prae-

637 1193 877 1265 standi
956 1194 1202 1267 referri
1281 1193 1496 1267 debet
1571 1193 1911 1285 obligatio
1986 1191 2488 1263 canonicorum
2567 1184 2911 1259 recitandi
2981 1179 3239 1254 officium

638 1323 943 1397 parvum
992 1304 1075 1378 B.
1134 1305 1226 1377 M.
1285 1304 1370 1378 V.
1447 1313 1518 1379 et
1591 1306 2135 1391 defunctorum,
2190 1302 2504 1395 psalmos
2575 1294 3137 1390 poenitentialeS,
3182 1297 3235 1361 et

640 1415 1018 1507 graduales
1071 1416 1354 1506 diebuS,
1412 1419 1537 1509 qui
1588 1436 1630 1488 a
1685 1416 1969 1489 rubrica
2008 1413 2323 1508 generali
2361 1411 2972 1510 praescribuntur.
3008 1402 3141 1487 Qua
3182 1403 3239 1472 in

637 1544 714 1599 re
765 1527 933 1601 licet
983 1526 1056 1601 S.
1114 1526 1282 1602 Pius
1334 1527 1418 1601 V.
1462 1531 1805 1619 antiquae
1841 1526 2263 1617 disciplinae
2300 1525 2600 1617 rigorem
2639 1540 2784 1593 non
2821 1536 3060 1614 parum
3104 1523 3244 1588 tem-

636 1640 1042 1728 peraverit,
1099 1646 1170 1713 et
1221 1641 1704 1733 indulgentias
1757 1636 2228 1712 recitantibus
2294 1634 2846 1728 dispensaverit,
2902 1636 3095 1723 prout
3151 1624 3250 1697 ad·

637 1757 840 1823 notat
889 1749 1116 1845 Fagn.
1174 1754 1266 1826 ad
1323 1755 1492 1846 Cap.
1552 1750 1928 1842 Presbyter
1978 1751 2061 1823 de
2111 1750 2313 1824 Miss.
2372 1747 2497 1820 cel.
2540 1766 2617 1818 n.
2658 1743 2784 1818 32.
2839 1750 2904 1816 et
2953 1734 3247 1832 seq-,Be-

636 1862 806 1934 ned.
849 1860 1041 1934 XIV.
1085 1867 1262 1937 Inst.
1319 1866 1486 1937 eccl.
1531 1863 1698 1936 407.
1758 1884 1833 1935 n.
1888 1862 1964 1935 8.
2004 1869 2072 1935 et
2106 1881 2286 1955 seq„
2337 1860 2410 1931 id
2462 1866 2706 1931 tamen
2760 1859 2957 1928 iuxta
3004 1850 3249 1924 Pianam

637 1971 1230 2049 Constitutionem
1282 1995 1407 2067 pro
1460 1994 1708 2047 norma
1762 1975 2118 2047 sancitum
2171 1979 2305 2060 est,
2363 1976 2468 2058 ut,
2530 1970 2655 2042 ubi
2711 1963 3136 2041 consuetudo
3176 1960 3256 2030 vi-
3362 2063 3371 2073 ,

639 2095 799 2180 geat
850 2088 1101 2159 eadem
1153 2087 1383 2160 officia
1436 2106 1521 2160 ac
1569 2088 1886 2179 psalmos
1933 2086 2311 2173 recitandi,
2369 2090 2697 2158 accurate
2753 2071 3255 2166 servetur;.ubi

636 2217 802 2271 vero
854 2199 1293 2271 consuetudo
1343 2200 1548 2272 aliter
1599 2199 1806 2287 ferat,
1847 2200 2097 2271 eadem
2149 2198 2470 2272 recitatio
2523 2203 2768 2289 posset
2821 2197 2976 2266 sine
3025 2185 3258 2284 piaculo

636 2311 892 2382 omitti.
928 2306 1348 2382 Huiusmodi
1404 2312 1747 2385 articulus
1797 2311 2116 2384 formiter
2150 2311 2515 2383 discussus
2552 2309 2687 2381 [uit
2740 2309 2819 2381 in
2866 2304 3113 2379 Montis
3144 2296 3256 2372 Atti

638 2422 760 2492 28.
820 2420 1186 2512 Septemb.
1249 2424 1497 2512 1754„
1538 2424 1612 2495 in
1666 2441 1808 2513 quo
1859 2419 2257 2515 Episcopus
2292 2421 2671 2494 canonicos
2725 2415 3148 2492 cathedralis
3190 2406 3261 2479 ad

639 2550 797 2605 eam
849 2535 1335 2608 recitationem
1370 2554 1620 2629 cogere
1657 2555 1733 2610 se
1767 2555 1975 2631 posse
2010 2537 2341 2630 putabat,
2382 2538 2548 2610 licet
2582 2535 2683 2608 ibi
2740 2552 2980 2627 neque
3029 2549 3111 2604 ex
3138 2528 3263 2617 lege

636 2644 1109 2734 fundationis,
1150 2665 1386 2739 neque
1437 2668 1525 2722 ex
1578 2656 1876 2738 statute,
1918 2668 2152 2740 neque
2199 2668 2286 2722 ex
2335 2650 2866 2722 consuetudine
2902 2636 3263 2718 huiusmodi

636 2756 978 2850 obligatio
1031 2758 1339 2832 adesset.
1398 2757 1654 2850 Itaque
1707 2763 2066 2856 proposito
2118 2760 2364 2834 dubio:
2426 2784 2465 2827 ιι
2506 2759 2611 2834 An
2679 2758 3020 2833 canonici
3083 2750 3269 2826 eccle-

638 2894 677 2936 »
715 2872 864 2943 siae
915 2871 1348 2944 cathedralis
1399 2868 1659 2944 Montis
1741 2873 1877 2945 Alti
1946 2874 2133 2946 ultra
2210 2874 2423 2945 boras
2477 2873 2869 2945 canonicas
2924 2869 3265 2942 teneantur

638 3007 678 3051 2>
716 3002 1005 3074 quoque
1040 2985 1115 3055 in
1168 2983 1381 3057 choro
1433 2985 1728 3057 recitare
1764 2985 2075 3058 officium
2112 2985 2637 3073 defunctorum,
2676 2982 2760 3054 B.
2809 2982 2913 3056 M.
2974 2979 3089 3068 V.,
3118 2973 3274 3069 psal·

636 3120 674 3162 ν
716 3115 867 3169 mos
917 3095 1495 3188 poenitentiales,
1552 3103 1625 3169 et
1678 3098 2056 3188 graduales
2108 3097 2366 3170 diebus
2418 3098 2489 3168 in
2542 3094 2923 3168 Breviario
2978 3091 3272 3181 designa-

637 3231 676 3275 »
715 3209 834 3296 tis,
890 3209 1041 3280 sive
1091 3209 1330 3299 potius
1381 3210 1731 3281 servanda
1784 3211 1878 3282 sit
1929 3210 2370 3283 consuetudo
2425 3210 2501 3281 in
2554 3204 2781 3282 casu?
2827 3236 2870 3278 ›
2949 3206 3026 3280 S.
3073 3201 3145 3276 C.
3189 3215 3279 3271 re-

633 3318 950 3407 spondit:
1011 3341 1048 3383 ‹
1080 3315 1515 3392 Servandam
1552 3338 1708 3393 esse
1744 3324 2362 3395 consuetudinem.
2393 3348 2430 3391 »
2485 3319 2813 3415 Idipsum
2873 3322 3283 3396 declaratum

634 3420 869 3501 fuerat
919 3429 995 3500 in
1029 3430 1456 3503 Acerrarum
1508 3432 1628 3503 23.
1672 3432 1854 3523 Aug.
1901 3432 2117 3506 1727.
2150 3434 2245 3507 ad
2296 3435 2460 3507 dub.
2497 3431 2653 3518 12..
2684 3454 2981 3508 necnon
3034 3435 3107 3504 in
3154 3426 3284 3519 plu·

634 3537 837 3611 ribus
894 3542 1447 3614 resolutionibus
1498 3563 1539 3613 a
1593 3542 1665 3614 S.
1724 3541 1798 3616 C.
1857 3541 2006 3617 Rit.
2065 3546 2444 3637 evulgatis

788 3652 954 3723 121.
1008 3649 1209 3733 Quod
1260 3655 1318 3726 si
1371 3657 1812 3728 consuetudo
1866 3657 2071 3731 aliter
2122 3658 2527 3747 invaluerit,
2584 3655 2655 3731 S.
2715 3657 2791 3731 C.
2857 3678 3011 3732 non
3065 3659 3161 3730 ita
3204 3650 3288 3723 fa⁶

635 3765 769 3839 cile
821 3766 1346 3838 canonicos·ab
1383 3767 1522 3839 hac
1553 3767 1992 3861 obligatione
2019 3770 2199 3842 solet
2234 3771 2568 3843 eximere.
2610 3768 2791 3843 Nam
2854 3789 3028 3843 cum
3083 3773 3157 3839 in
3207 3762 3294 3837 Si·

632 3879 861 3970 quina
913 3881 1111 3952 Serv.
1168 3878 1358 3950 chor.
1421 3881 1536 3949 17.
1576 3876 1788 3953 Febr.
1828 3882 2039 3953 1838.
2083 3887 2444 3974 peteretur
2497 3883 2570 3953 in
2622 3882 2797 3955 dub.
2845 3884 2964 3954 2.:
3030 3876 3195 3951 «An
3239 3875 3296 3944 et

637 4014 676 4057 ›
718 3988 1072 4078 quomodo
1123 3989 1645 4081 indulgendum
1678 3994 1773 4065 sit
1798 3989 2100 4083 Capituli
2129 3994 2461 4084 precibus
2498 3994 2735 4085 quoad
2787 3994 3122 4086 psalmos
3157 4002 3296 4079 poe·

637 4127 675 4169 ιι
717 4101 1127 4173 nitentiales
1164 4105 1233 4173 et
1266 4102 1670 4193 graduales,
1702 4109 1776 4175 et
1811 4104 2119 4177 officium
2149 4104 2647 4178 defunctorum
2685 4107 2759 4177 in
2789 4100 3035 4177 casu?
3068 4132 3105 4172 »
3144 4098 3213 4173 S.
3234 4093 3296 4169 C.

637 4215 1035 4306 rescripsit:
1098 4238 1135 4280 αι
1168 4211 1535 4307 Negative‚
1593 4223 1667 4289 et
1715 4218 2141 4290 servandam
2194 4235 2351 4290 esse
2403 4218 3048 4293 consuetudinem.
3098 4240 3137 4282 ν

789 4328 954 4400 122.
1009 4325 1194 4409 Quid
1245 4335 1515 4417 tamen,
1557 4329 1615 4400 si
1669 4329 2098 4401 cathedralis
2150 4337 2275 4402 aut
2327 4329 2701 4421 collegiata
2752 4347 3029 4402 recens
3086 4327 3302 4398 erecta

636 4440 878 4527 fuerit,
920 4457 1157 4531 neque
1190 4439 1336 4511 ulla
1376 4441 1817 4513 consuetudo
1845 4442 2069 4531 possit
2102 4440 2192 4513 ad
2228 4440 2362 4513 hoc
2395 4436 2784 4532 praeferri?
2839 4437 3075 4513 Hanc
3110 4449 3312 4529 quae-

635 4550 938 4619 stionem
990 4551 1276 4623 resolvit
1326 4549 1400 4623 S.
1439 4549 1529 4623 R.
1590 4549 1663 4622 C.
1722 4553 1793 4623 in
1850 4549 2182 4624 Firmana
2235 4551 2349 4625 die
2407 4551 2522 4623 14.
2567 4549 2725 4625 Ian.
2777 4552 3017 4623 1755.
3082 4573 3123 4615 (ι
3154 4547 3317 4635 Sup-

638 4681 677 4725 ν
718 4657 1152 4746 plicantibus
1203 4658 1611 4750 Praeposito
1663 4669 1735 4733 et
1770 4664 2129 4735 canonicis
2182 4664 2484 4754 insignis
2534 4663 2982 4755 collegiatae
3038 4661 3121 4735 S.
3178 4656 3321 4733 Ste-
