3497 5235
544 296 584 362 6
1354 301 1426 360 De
1463 300 1764 362 visitatione
1806 302 2071 362 Sacrorum
2108 302 2369 364 Liuiam

547 458 585 504 α
629 436 807 509 Ante
859 454 1084 508 annos
1137 436 1476 529 plurimos
1529 457 1686 511 cum
1721 438 1796 512 in
1833 439 2095 513 chartis
2146 434 2641 515 ecclesiasticis
2691 439 3009 513 iuvarem
3044 435 3179 512 Da-

546 572 584 616 »
627 567 930 637 masum,
970 545 1333 622 Romanae
1371 549 1565 622 urbis
1599 547 2055 642 Episcopum,
2086 558 2157 624 et
2191 549 2498 626 Orientis
2534 560 2747 643 atque
2783 549 3180 627 Occidentis

547 683 584 728 v
624 660 981 750 synodicis
1033 660 1672 733 consultationibus
1723 662 2247 753 responderem.
2284 688 2322 732 ›

694 773 807 846 10.
866 770 1237 864 Permagni
1292 774 1624 845 momenti
1677 775 1999 863 sequitur
2033 777 2390 867 egregium
2428 776 2863 849 sardicensis
2897 775 3182 849 Concilii

546 888 1064 975 testimonium,
1130 886 1318 977 quod
1387 886 1644 977 allegat
1712 888 1927 959 etiam
1988 884 2415 959 Benedictus
2466 883 2655 958 xlv.
2712 889 2785 959 in
2839 887 3182 978 principio

544 1016 717 1069 suae
768 997 1301 1071 constitutionis
1342 998 1536 1082 Quod
1578 1005 1828 1071 sancta
1879 999 2018 1070 diei
2069 1001 2190 1071 23.
2229 996 2520 1071 Novem.
2568 999 2778 1071 1740.
2834 1006 2904 1072 et
2955 1000 3054 1071 ita
3106 1016 3184 1071 se

544 1110 807 1182 habet:
868 1135 905 1177 ‹
943 1108 1093 1183 Hoc
1127 1112 1315 1183 enim
1352 1112 1722 1202 optimum,
1764 1115 1835 1184 et
1871 1110 2073 1184 valde
2113 1112 2820 1200 congruentissimum
2857 1128 3012 1182 esse
3047 1104 3187 1204 (vi-

548 1247 586 1291 ›
626 1223 890 1317 detur),
931 1224 991 1294 si
1027 1224 1116 1294 ad
1154 1230 1392 1313 caput,
1449 1222 1524 1294 id
1574 1229 1679 1293 est
1732 1220 1825 1293 ad
1875 1211 2060 1294 Petri
2098 1222 2410 1313 Apostoli
2463 1221 2713 1294 Sedem
2760 1221 2849 1294 de
2885 1219 3184 1311 singulis

549 1359 587 1402 »
627 1334 1031 1425 quibusque
1083 1333 1461 1428 provinciis
1513 1333 1777 1404 domini
1815 1331 2123 1406 referant
2174 1333 2601 1406 sacerdotes.
2639 1361 2676 1401 »
2737 1333 2908 1407 Con.
2952 1333 3179 1424 Epist.

552 1446 722 1535 Syn.
778 1445 874 1517 ad
924 1446 1182 1516 Iulium
1234 1446 1292 1515 I.
1351 1443 1538 1535 apud
1589 1444 2007 1516 Labbaeum.
2070 1445 2217 1537 Cfr.
2266 1447 2470 1520 Cone.
2511 1453 2675 1519 tom.
2714 1445 2787 1517 2.
2839 1445 2968 1517 col.
3012 1443 3177 1518 690.

546 1555 714 1627 edit.
780 1556 1007 1628 Venet.
1065 1553 1467 1627 Consonant
1515 1553 1803 1628 Concilii
1871 1553 2210 1647 Ephesini
2280 1556 2523 1631 Patres
2572 1559 2646 1629 in
2698 1560 3038 1631 relatione
3092 1557 3183 1629 ad

546 1664 1017 1739 Coelestinum
1095 1662 1531 1738 Pontificem.
1614 1663 1808 1764 (Act.
1885 1668 2189 1741 eiusdem
2259 1671 2465 1743 Cone.
2537 1675 2703 1744 tom.
2760 1668 2832 1743 3.
2888 1668 3186 1742 Labbaei

546 1779 678 1851 col.
726 1768 940 1851 1187.
996 1777 1223 1849 Venet.
1263 1771 1502 1873 edit).

705 1890 821 1959 11.
879 1885 1336 1960 Innocentiiss
1389 1885 1448 1958 Ι.
1506 1890 1804 1978 epistola
1854 1890 1976 1961 29.
2033 1886 2255 1987 (alias
2307 1886 2474 1988 24.)
2525 1891 2961 1983 respondens
3019 1887 3187 1982 Epi·

548 2003 781 2092 scopis
808 1998 1093 2073 Concilii
1123 1998 1724 2091 Carthaginiensis
1754 2010 1997 2075 contra
2027 2000 2286 2095 Pelagii
2307 1994 2662 2075 'baeresim
2698 1997 2962 2099 (Epist.
2984 2004 3179 2074 Rom.

554 2115 768 2185 Pont.
802 2133 969 2205 paq.
1003 2112 1172 2185 888.
1216 2133 1287 2183 η.
1325 2109 1438 2208 1.)
1476 2114 1572 2186 ita
1609 2113 1854 2186 scribit
1886 2133 1904 2184 ε
1967 2135 2003 2178 ‹
2047 2113 2392 2205 Antiquae
2428 2115 2826 2188 traditionis
2861 2112 3185 2204 exempla

560 2252 595 2294 »
636 2233 1041 2313 servantes,
1098 2230 1167 2296 et
1219 2224 1735 2297 ecclesiasticae
1789 2243 2131 2298 memores
2182 2226 2640 2318 disciplinae,
2696 2233 2972 2298 vestrae
3023 2222 3186 2295 reli·

466 2410 475 2418 ,
554 2365 591 2405 »
635 2339 858 2427 gionis
926 2340 1234 2429 vigorem
1306 2355 1448 2409 non
1512 2338 1744 2410 minus
1810 2356 2000 2411 nunc
2060 2340 2134 2409 in
2187 2338 2646 2427 consulendo,
2704 2354 2917 2427 quam
2972 2340 3185 2408 antea

552 2475 589 2516 »
630 2468 785 2521 cum
849 2451 1424 2541 pronuntiaretiS,
1481 2468 1643 2522 vera
1697 2450 1966 2521 ratione
2021 2450 2380 2539 firmastiS,
2436 2451 2558 2540 qui
2593 2448 2685 2520 ad
2721 2456 3039 2521 nostrum
3075 2462 3188 2517 re-

559 2584 595 2631 »
639 2560 1003 2633 ferendum
1057 2561 1504 2653 approbastis
1554 2579 1709 2634 esse
1763 2560 2127 2649 iudicium,
2168 2562 2495 2652 scienteS,
2536 2560 2710 2652 quid
2745 2557 3183 2651 Apostolicae

553 2695 590 2738 ι»
632 2672 884 2743 Sedi...
928 2673 1361 2765 Apostolum,
1403 2672 1777 2762 debeatur,
1819 2695 1858 2745 a
1896 2691 2036 2762 quo
2073 2674 2221 2765 ipse
2257 2676 2730 2765 episcopatuS,
2770 2678 2841 2742 et
2874 2676 3023 2743 tota
3060 2688 3187 2741 au-

554 2808 591 2849 »
634 2785 916 2855 ctoritas
955 2785 1256 2855 nominis
1291 2784 1500 2855 huius
1535 2787 1905 2857 emersit.»
1963 2785 2050 2858 Et
2105 2787 2313 2877 epist.
2347 2786 2466 2857 30.
2509 2784 2602 2856 ad
2635 2780 2844 2855 Conc.
2885 2778 3176 2853 Milevit.

554 2918 591 2961 ι»
622 2914 793 2986 paq.
819 2895 987 2967 895.
1025 2916 1096 2967 η.
1128 2894 1194 2967 1.
1226 2901 1292 2967 et
1316 2896 1427 2967 2..·
1470 2920 1506 2962 ι
1536 2892 1733 2969 Inter
1769 2906 2040 2971 ceteras
2074 2896 2439 2969 Romanae
2466 2892 2823 2968 Ecclesiae
2852 2912 3082 2981 curas,
3115 2898 3184 2965 et

555 3031 592 3072 »
635 3006 1071 3099 Apostolicae
1101 3008 1300 3079 Sedis
1336 3010 1861 3100 occupationeS,
1894 3010 2156 3101 quibus
2181 3010 2615 3082 diversorum
2647 3007 2967 3080 consulta
2994 3005 3186 3078 fideli

557 3142 592 3184 ν
634 3137 715 3188 ac
767 3120 1033 3190 medica
1070 3120 1579 3211 disceptatione
1634 3127 2109 3194 tractamus...
2151 3121 2526 3214 diligenter
2561 3126 2630 3192 et
2666 3136 2972 3211 congrue
3006 3118 3192 3209 Apo-

555 3253 591 3295 »
632 3229 859 3300 stolici
912 3232 1277 3302 consulitis
1328 3232 1612 3305 honoris
1665 3251 2016 3305 arcana...
2073 3253 2286 3325 super
2333 3234 2563 3305 anxiis
2598 3234 2837 3321 rebuS,
2878 3248 3062 3322 quae
3096 3227 3189 3301 sit

554 3340 935 3411 »tenenda
1005 3343 1404 3414 sententia:
1479 3346 1818 3434 antiquae
1886 3346 2152 3418 scilicet
2221 3344 2507 3436 regulae
2578 3344 2870 3416 formam
2929 3341 3183 3429 secuti,

557 3474 593 3518 ν
635 3469 848 3540 quam
906 3459 1049 3524 toto
1099 3472 1378 3545 semper
1428 3454 1519 3525 ab
1572 3456 1739 3528 orbe
1795 3475 2069 3529 mecum
2122 3458 2345 3528 nostis
2398 3474 2552 3528 esse
2602 3462 2978 3529 servatam.
3015 3480 3054 3522 ι

706 3564 818 3633 102.
886 3564 1189 3636 Adeatur
1239 3568 1452 3637 etiam
1505 3565 1589 3638 D.
1632 3567 2094 3659 AugustinuS,
2144 3568 2439 3659 epistola
2482 3569 2643 3639 186.
2685 3568 2777 3640 ad
2814 3565 3187 3638 Paulinum

557 3667 779 3768 (alias
824 3674 985 3746 106.
1045 3696 1118 3746 n.
1160 3676 1232 3747 2.
1277 3677 1444 3749 505.
1485 3684 1651 3750 tom.
1683 3679 1756 3751 2.
1804 3681 1930 3770 Op.
1970 3678 2138 3751 edit:
2180 3681 2517 3771 Antuerp.
2557 3680 2734 3751 armi
2774 3670 3029 3772 1770),
3065 3675 3191 3748 ubi

551 3791 620 3855 et
672 3786 822 3875 ipse
880 3793 1178 3858 testatur
1241 3789 1617 3861 relationes
1661 3791 1747 3862 de
1801 3789 2125 3863 Conciliis
2177 3789 2740 3883 Carthaginiensi
2793 3807 2875 3861 ac
2927 3786 3194 3860 Milevi-

552 3901 720 3966 tano
775 3894 854 3966 D.
899 3891 1312 3970 Innocentio
1370 3899 1617 3972 missas
1652 3899 1897 3990 fuisse,
1940 3903 2291 3993 simulque
2334 3902 2572 3990 refert,
2615 3921 2770 3975 sese
2808 3900 3191 3972 familiares

550 4004 775 4077 eidem
815 4010 1093 4080 dedisse
1134 4010 1395 4096 literaS,
1431 4010 1549 4082 ubi
1590 4012 1859 4084 diutius
1895 4014 2263 4103 aliquanto
2298 4015 2384 4087 de
2422 4012 2682 4105 Pelagii
2718 4013 2991 4084 haeresi
3029 4029 3194 4103 age-

549 4115 701 4188 bat.
762 4142 798 4184 ‹
835 4120 934 4191 Ad
973 4123 1207 4192 omnia
1245 4122 1450 4193 nobis
1486 4124 1605 4196 ille
1659 4119 2185 4221 (Innocentius)
2237 4126 2595 4216 rescripsit
2647 4143 2726 4197 eo
2776 4124 3007 4213 mod0,
3049 4140 3190 4213 quo

555 4250 591 4294 >
634 4248 758 4318 pir
809 4239 1004 4318 erat,
1063 4240 1278 4323 atque
1330 4235 1702 4323 oportebat
1760 4237 2194 4327 Apostolicae
2247 4239 2446 4309 Sedis
2498 4235 2928 4308 Antistitem.
2976 4260 3014 4303 »
3087 4233 3193 4305 Ad

552 4343 880 4413 maiorem
921 4346 1460 4438 intelligentiam
1500 4366 1769 4434 eorum,
1810 4366 1994 4437 quae
2030 4348 2121 4419 ab
2157 4344 2569 4421 Innocentio
2606 4348 3006 4431 edicuntur,
3047 4363 3192 4416 non

552 4462 658 4526 est
711 4456 993 4527 silentio
1047 4459 1685 4548 praetereundum,
1751 4457 1987 4531 Patres
2039 4460 2337 4530 duorum
2402 4457 2678 4528 illorum
2731 4454 3192 4529 Conciliorum

551 4564 625 4637 in
678 4568 923 4653 literis,
981 4568 1244 4658 quibus
1300 4568 1621 4642 Pontifex
1676 4571 2167 4662 responderat,
2224 4568 2729 4662 deplorabilem
2782 4569 3191 4659 exposuisse

548 4685 814 4752 statum
868 4680 1321 4753 ecclesiarum
1373 4679 1822 4760 Palaestinae
1873 4688 1944 4753 et
1994 4680 2292 4768 Africae,
2349 4697 2527 4769 quas
2577 4676 2939 4771 Pelagiani
2974 4678 3198 4773 pluri-
