3497 5235
561 202 639 266 34
1374 197 1447 257 Do
1486 197 1789 258 visitatione
1830 196 2099 257 Sacrorum
2135 196 2398 255 Liminum.

562 359 698 434 pus
749 339 933 411 intra
983 353 1153 409 suae
1206 334 1579 428 potestatis
1613 332 1874 405 limites
1905 331 2275 423 speciatim
2326 328 2774 403 decernenda
2824 328 3209 420 putaverit,

566 452 699 526 nisi
753 450 1048 523 fortasse
1099 465 1311 537 super
1364 446 1604 534 aliquo
1657 444 2069 537 particulari
2121 442 2403 515 decreto
2456 460 2539 514 ea
2575 442 3040 529 consultetur,
3100 438 3214 511 vel

564 583 786 658 penes
865 580 1020 633 earn
1097 560 1561 634 reclametur:
1631 559 1983 649 integrum
2034 557 2220 628 enim
2276 556 2613 646 relinquit
2678 552 3075 645 Episcopis,
3135 560 3217 625 ut

565 694 767 749 suam
819 672 1315 746 auctoritatem
1364 672 1565 743 iuxta
1617 671 1995 745 facultates
2045 693 2085 743 a
2141 673 2291 744 iure
2342 668 2682 742 canonico
2735 664 2874 747 sibi
2910 663 3218 736 tributas

565 788 773 878 plene
823 784 1188 873 libereque
1243 782 1527 854 valeant
1577 799 1930 856 exercere.
1971 782 2244 868 Quibus
2295 782 2383 855 de
2419 779 2634 852 rebus
2683 776 2918 849 doceri
2964 793 3042 848 se
3092 793 3221 848 ve-

563 899 672 988 lit,
728 898 966 988 palam
1020 894 1189 966 facit
1225 889 1605 967 Instructio
1642 892 2136 968 Benedictina.

714 1010 830 1081 77.
890 1005 1213 1081 Secundo
1265 1006 1496 1078 caveri
1565 1004 1805 1094 debet,
1881 1025 1970 1080 ne
2023 1025 2383 1081 sacrorum
2459 1000 2818 1075 Liminum
2887 995 3218 1070 visitatio

566 1139 726 1194 cum
776 1118 1178 1192 visitatione
1228 1116 1629 1189 dioeceseos
1680 1117 2185 1205 confundatur,
2243 1124 2365 1189 aut
2416 1117 2669 1188 saltem
2719 1118 3011 1206 putetur
3061 1111 3218 1203 pari

565 1251 781 1325 passu
831 1248 992 1304 cum
1056 1245 1135 1300 ea
1201 1227 1578 1317 procedere
1630 1227 1928 1319 debere3
1987 1230 2061 1301 in
2112 1229 2243 1305 hoc
2295 1230 2482 1300 enirn
2536 1243 2766 1300 errore
2816 1224 3223 1314 complures

566 1344 824 1418 versari
877 1340 1212 1430 frequens
1247 1340 1683 1431 experientia
1722 1340 2255 1413 demonstravit.
2300 1337 2617 1411 [amvero
2655 1336 2844 1429 quod
2872 1332 3211 1426 Episcopi

567 1461 725 1545 post
776 1458 1135 1545 peractam
1185 1467 1461 1520 sacram
1513 1449 1915 1524 dioeceseos
1966 1452 2439 1525 visitationem
2491 1466 2601 1537 ea,
2658 1466 2843 1538 quae
2896 1445 2986 1518 ab
3040 1446 3221 1538 ipsis

568 1563 639 1637 S.
681 1560 1218 1655 congregationi
1272 1561 1530 1651 exponi
1585 1562 1926 1651 debeant,
1983 1562 2261 1636 facilius
2313 1581 2394 1635 ac
2471 1559 2783 1654 penitius
2832 1574 3217 1650 agnoscere

566 1677 866 1770 possint,
924 1673 1225 1763 quisque
1278 1689 1403 1764 per
1452 1691 1527 1744 se
1565 1673 1791 1762 videt3
1849 1673 2027 1745 illud
2065 1676 2278 1747 etiam
2314 1674 2605 1765 largiter
2639 1669 2928 1744 concedi
2965 1668 3212 1756 debet,

567 1789 741 1880 ipsis
791 1783 1160 1876 Episcopis
1211 1800 1371 1855 cum
1422 1787 1836 1873 praesertim
1887 1787 2147 1858 novelli
2201 1786 2292 1857 ad
2344 1805 2548 1859 suam
2599 1785 2966 1857 ecclesiam
3017 1800 3224 1856 acce-

568 1902 779 1986 dunt,
836 1896 1234 1969 necessario
1285 1913 1465 1986 opus
1514 1913 1693 1984 esse,
1752 1903 1832 1970 ut
1883 1897 2257 1970 dioecesim
2310 1897 2764 1989 perlustrent,
2820 1902 2892 1968 et
2934 1893 3218 1986 singula

567 2011 830 2105 oppida
868 2008 958 2080 ad
995 2026 1108 2080 res
1157 2008 1339 2081 scitu
1374 2010 1808 2082 necessarias
1842 2010 2311 2082 cumulandas
2345 2028 2580 2081 coram
2615 2008 2971 2096 invisant3
3012 2006 3220 2077 aliter

569 2125 758 2195 enim
809 2121 898 2195 de
949 2138 1121 2193 suae
1171 2119 1509 2192 ecclesiae
1558 2121 1954 2194 rationibus
2005 2123 2418 2196 relationem
2467 2121 2825 2194 difficilius
2876 2117 3217 2191 exhibere

571 2240 931 2330 poterunt.
998 2232 1077 2304 At
1129 2248 1293 2303 vero
1344 2232 1543 2304 iuxta
1594 2232 1798 2320 haec,
1856 2251 2040 2323 quae
2091 2234 2458 2324 bucusque
2511 2232 2914 2322 statuimuS,
2972 2230 3219 2301 visita-

567 2352 831 2421 tionem
885 2363 1100 2417 unam
1137 2342 1226 2415 ab
1265 2342 1488 2415 altera
1516 2343 2013 2433 discriminari,
2055 2362 2287 2435 neque
2324 2362 2540 2416 unam
2577 2361 2734 2417 cum
2786 2344 3007 2416 altera
3044 2362 3222 2418 con-

571 2458 778 2531 fundi
830 2454 1703 2529 debereluculentissime
1754 2452 2075 2546 sequitur
2124 2464 2274 2528 tum
2328 2475 2414 2527 ex
2449 2473 2558 2543 ec,
2599 2455 2789 2544 quod
2840 2455 3005 2527 finis
3040 2457 3217 2527 utri-

569 2588 709 2662 que
747 2569 1146 2662 propositus
1195 2565 1517 2639 diversus
1567 2573 1701 2655 est,
1739 2573 1891 2640 turn
1945 2587 2031 2641 ex
2084 2586 2199 2651 eo,
2227 2567 2415 2659 quod
2469 2568 2838 2658 utriusque
2873 2567 3219 2641 visitatio-

569 2686 681 2758 nis
731 2682 1063 2773 obligatio
1115 2699 1155 2750 a
1205 2678 1484 2751 diversa
1534 2678 1687 2770 lege
1737 2679 2084 2752 dimanat.
2144 2676 2471 2753 visitatio
2517 2681 2706 2752 enirn
2761 2680 2975 2751 totius
3023 2679 3222 2751 dioe-

568 2797 749 2868 cesis
784 2814 825 2864 a
864 2794 934 2866 S.
960 2787 1266 2863 Concilio
1294 2786 1484 2861 Trid.
1527 2785 1730 2886 (3333.
1758 2788 1881 2863 24.
1908 2811 2064 2883 cap,
2092 2790 2167 2865 3.
2202 2791 2285 2865 de
2310 2787 2644 2888 reform.)
2680 2791 3216 2882 praescribitur,

570 2914 642 2979 et
691 2923 878 2977 anno
931 2901 1275 2993 quolibet,
1325 2908 1450 2973 aut
1517 2900 1807 2975 biennio
1859 2900 2241 2975 instaurari
2294 2903 2547 2991 debet3
2609 2904 2911 2975 visitatio
2981 2923 3221 2976 sacro·

568 3037 724 3090 rum
776 3014 1130 3089 Liminum
1185 3033 1227 3084 a
1278 3011 1473 3086 Sixto
1525 3010 1608 3083 V.
1667 3019 1737 3086 et
1788 3011 2056 3086 Bened.
2099 3011 2286 3086 XIV.
2332 3015 2735 3107 peragenda
2788 3018 3225 3107 praecipitur

568 3129 715 3201 sive
749 3129 984 3214 terti0,
1015 3127 1161 3200 sive
1198 3125 1473 3215 quinto,
1512 3126 1660 3198 sive
1694 3126 1968 3199 decimo
2005 3144 2289 3217 quoque
2324 3146 2538 3215 anno,
2580 3136 2784 3219 prout
2823 3131 2896 3199 in
2934 3127 3216 3200 Sixtina

569 3238 1082 3314 Constitutione
1138 3257 1262 3329 pro
1317 3237 1560 3311 maiori
1611 3237 1721 3309 vel
1776 3238 2027 3311 minori
2081 3238 2419 3312 distantia
2472 3242 2968 3334 praestitutum
3023 3247 3159 3311 est.

718 3351 837 3422 78.
895 3346 1174 3422 Relatio
1242 3349 1753 3421 conscribenda
1808 3357 1914 3422 est
1969 3349 2302 3424 idiomate
2355 3351 2604 3424 latino.
2662 3348 2834 3423 Cum
2897 3352 3084 3423 enim
3138 3353 3213 3424 in

572 3462 793 3534 latina
829 3457 1140 3534 Ecclesia
1196 3478 1576 3549 versemur,
1619 3480 1701 3534 ea
1740 3461 1981 3562 lingua
2020 3461 2122 3533 uti
2161 3462 2529 3550 debemuS,
2582 3481 2766 3552 quae
2803 3465 3049 3534 matris
3094 3481 3225 3535 no-

570 3582 758 3647 strae
809 3579 880 3645 et
932 3575 1307 3665 magistrae
1362 3575 1644 3668 propria
1695 3573 1814 3647 sit.
1877 3571 2176 3664 Insuper
2227 3574 2514 3664 quando
2567 3574 2659 3648 ab
2720 3575 3052 3649 omnibus
3100 3594 3226 3646 oa-

570 3685 734 3758 dem
786 3683 1189 3772 adhibetur,
1246 3685 1623 3759 relationes
1673 3685 1953 3758 facilius
2002 3684 2302 3776 intelligi
2338 3689 2408 3758 et
2444 3688 2830 3759 examinari
2884 3693 3212 3778 possunt:

569 3797 828 3871 deinde
867 3798 1103 3889 aptius
1132 3792 1589 3870 Instructioni
1614 3795 2130 3870 ⁴Benedictinae
2168 3796 2621 3887 adhaeretur,
2664 3817 2849 3889 quae
2878 3798 3217 3872 idiomate

571 3909 797 3982 latino
851 3910 1236 4000 perscripta
1290 3909 1448 3982 fuit.
1489 3906 1677 3982 Hinc
1709 3910 1769 3982 si
1822 3911 1983 4001 quis
2033 3907 2320 3983 easdem
2355 3917 2597 3983 exaret
2633 3910 2875 4002 lingua
2913 3911 3227 4003 vulgari,

576 4039 762 4112 quae
814 4038 1068 4112 nempe
1122 4028 1503 4112 usurpatur
1539 4042 1579 4093 a
1617 4023 1910 4114 popu10,
1967 4040 2175 4113 quem
2233 4023 2381 4114 ipse
2432 4025 2635 4114 regit,
2678 4039 2765 4094 ex
2801 4023 2873 4094 S.
2915 4020 3218 4113 Congre-

577 4134 879 4223 gationis
932 4151 1147 4222 more,
1206 4138 1281 4205 ut
1335 4134 1627 4206 latinam
1686 4135 1998 4227 linguam
2035 4134 2374 4208 adhibeat
2411 4134 2723 4227 perbelle
2760 4134 3213 4206 admonetur.

575 4239 854 4316 Relatio
906 4244 1015 4316 vel
1068 4245 1202 4335 ipsi
1259 4242 1331 4315 S.
1389 4242 1954 4339 congregationi,
2009 4248 2117 4319 vel
2173 4245 2461 4319 Summo
2497 4243 2820 4319 Pontifici
2859 4247 3226 4337 dirigitur3

578 4355 702 4448 qui
753 4362 988 4428 tamen
1065 4357 1293 4448 ipsam
1369 4354 1442 4428 S.
1498 4355 2037 4450 Congregationi
2089 4360 2411 4446 remittit,
2468 4366 2545 4430 ut
2597 4359 2792 4431 iuxta
2870 4356 3225 4431 Sixtinam

588 4469 1200 4557 constitutionem,
1256 4470 1577 4543 eamdem
1631 4471 1719 4544 dc
1782 4490 1970 4543 more
2033 4471 2338 4565 expendi
2392 4476 2464 4542 et
2513 4487 2821 4562 congruo
2887 4485 3238 4560 responso

588 4580 837 4653 donari
889 4589 1113 4654 curet.
