3497 5235
521 310 642 384 ⁰⁸!-
669 310 742 367 11.
782 308 856 366 Do
894 306 1158 381 Ἆρίιοορο,
1197 306 1606 381 Archiopiucopo,
1645 305 1877 363 Prinato
1917 307 1974 365 ot
2011 306 2335 364 Petrinum..
2379 307 2432 381 ἓ.
2459 308 2508 363 3.
2738 305 2849 368 193

223 448 806 541 Archiepiscopum
841 437 1393 532 Neapolitanum
1447 445 1519 511 et
1560 435 1992 532 Episcopum
2028 436 2177 511 Vici
2219 438 2612 530 Aquensis:
2674 463 2713 508 ‹
2744 440 2852 514 Ad

224 589 254 631 ν
285 579 471 653 quem
511 559 790 648 spectat
827 552 1180 624 ordinatio
1217 544 1635 623 Benedicti?
1669 576 1706 618 ι»
1766 549 1838 622 S.
1873 549 1947 623 C.
1985 551 2398 642 respondit:
2445 574 2483 617 ι
2514 553 2854 644 Spectare

224 701 253 744 ›
284 670 788 746 ordinationem
842 664 936 736 ad
984 660 1418 756 Episcopum
1469 659 1622 735 Vici
1664 661 2017 751 Aquensis
2050 681 2212 736 cum
2252 664 2855 738 testimonialibus

221 813 252 855 ›
281 784 414 857 Eriii
470 776 999 869 Archiepiscopi
1048 773 1505 867 Neapolitani
1558 780 1627 846 et
1681 774 2018 865 amplius.
2062 799 2100 840 ›
2177 769 2691 868 (Neapolitana
2740 798 2859 851 seu

227 899 346 972 Vici
376 898 646 988 Aquen.
710 891 827 961 12.
869 885 1073 959 Mart.
1123 884 1404 980 1718.).
1463 883 1549 958 111
1602 886 1740 958 hac
1776 905 1984 977 porro
2020 905 2237 958 causa
2273 884 2668 980 Episcopus
2707 886 2861 963 Vici

218 1008 535 1100 Aquensis
587 1001 918 1096 pluribus
951 1000 1309 1072 rationum
1347 1000 1724 1070 momentis
1760 997 2213 1088 ostendebat,
2255 999 2447 1089 quod
2484 1006 2690 1090 pater
2724 999 2862 1074 Be-

219 1121 438 1194 nedicti
497 1132 896 1205 numquam
948 1112 1271 1183 animum
1322 1110 1710 1181 dimisisset
1752 1108 2209 1198 relinquendi
2245 1110 2683 1182 domicilium
2722 1113 2860 1185 ori-

220 1234 391 1325 ginis.
453 1227 783 1319 Idipsum
837 1224 1195 1295 firmatum
1247 1220 1408 1311 fuit,
1451 1223 1740 1312 praevio
1793 1240 2074 1294 recessu
2114 1241 2155 1292 a
2192 1222 2448 1294 decisis
2483 1225 2558 1294 in
2600 1225 2862 1317 Caput-

219 1363 429 1435 aquen.
493 1358 627 1412 seu
670 1336 1148 1428 Neapolitana
1199 1336 1270 1406 8.
1311 1332 1523 1407 Febr.
1572 1335 1820 1422 1722.,
1877 1351 2153 1405 necnon
2208 1334 2282 1404 in
2328 1334 2858 1426 Neapolitana,

219 1473 318 1528 seu
347 1453 744 1546 Anqlonen.
783 1447 1118 1522 ordinat.
1151 1448 1272 1517 29.
1310 1445 1529 1538 April.
1572 1447 1785 1519 1702.
1828 1440 2024 1538 (Lib.
2059 1446 2180 1516 52.
2212 1445 2466 1518 decret.
2509 1464 2581 1537 p.
2621 1445 2852 1546 162.).

157 1636 161 1642 ,
331 1566 445 1638 85.
509 1562 600 1634 At
649 1562 709 1633 si
760 1567 966 1651 pater
1018 1560 1094 1630 in
1146 1558 1380 1629 alieno
1431 1558 1612 1647 loc0,
1652 1558 1839 1630 idest
1875 1563 2075 1629 extra
2112 1557 2344 1628 locum
2382 1560 2676 1651 originis
2712 1579 2864 1632 mo-

217 1697 337 1750 ram
383 1675 687 1750 trahens
721 1672 947 1743 filium
989 1676 1306 1763 generat,
1350 1669 1593 1760 ibique
1630 1687 1713 1741 eo
1750 1670 1990 1741 animo
2026 1671 2524 1759 permanserit,
2564 1679 2647 1743 ut
2682 1670 2864 1743 inibi

217 1807 344 1861 vere
390 1785 838 1861 domicilium
892 1782 981 1853 de
1033 1783 1184 1854 iure
1235 1782 1696 1869 contraxerit,
1752 1789 1927 1853 tunc
1980 1799 2124 1852 non
2178 1782 2372 1872 origo
2425 1784 2676 1872 patriS,
2734 1783 2864 1855 sed

218 1900 623 1972 domicilium
677 1912 803 1986 per
855 1898 1132 1984 patrem
1183 1893 1495 1985 legitime
1545 1899 1987 1965 contractum
2026 1911 2153 1983 pro
2190 1893 2639 1966 ordinatione
2675 1895 2865 1966 eius-

217 2012 346 2085 dem
379 2012 513 2083 filii
542 2008 761 2081 debet
786 2005 1100 2094 attendi3
1136 2008 1457 2078 Romana
1485 2024 1610 2078 seu
1644 2007 1944 2079 Sutrino
1975 2007 2229 2079 Ordin.
2261 2007 2377 2078 17.
2403 2003 2611 2080 Mart.
2644 2008 2858 2081 1708.

217 2118 376 2214 (Lib.
408 2123 536 2195 58.
575 2121 832 2192 decret.
853 2136 1031 2209 pag.
1056 2114 1244 2211 98.).
1279 2117 1556 2189 Pisana
1591 2135 1720 2189 seu
1762 2118 2055 2191 Clusina
2092 2117 2271 2190 Dub.
2315 2118 2551 2191 ordin.
2594 2121 2715 2191 25.
2751 2116 2867 2192 Ia-

221 2236 423 2306 nuarii
488 2232 704 2304 1732.

337 2346 458 2416 86.
521 2339 830 2414 Tertiam
881 2339 1347 2412 subiectionis
1400 2358 1567 2431 erga
1619 2335 2053 2431 Episcopum
2103 2341 2453 2413 rationem
2492 2344 2864 2417 constituit

214 2457 520 2530 stabilem
576 2460 996 2544 certumque
1049 2454 1122 2524 in
1175 2454 1329 2525 eius
1382 2452 1689 2525 dioecesi
1737 2452 2202 2542 domicilium,
2246 2454 2342 2526 ita
2381 2460 2649 2545 tamen,
2689 2464 2769 2529 ut
2807 2456 2868 2527 si

214 2569 638 2642 ordinandus
689 2585 728 2639 e
782 2566 934 2638 loco
985 2566 1277 2658 originis
1331 2583 1415 2637 ea
1468 2571 1703 2638 aetate
1758 2564 2190 2655 discesserit,
2250 2584 2391 2656 qua
2446 2568 2689 2658 aliquo
2741 2586 2869 2660 po-

211 2684 405 2755 tuerit
458 2679 971 2772 impedimento
1006 2678 1292 2767 irretiri,
1333 2678 1446 2750 vel
1481 2678 1620 2749 alio
1657 2678 1811 2752 loco
1850 2695 1977 2768 per
2011 2677 2344 2751 accidens
2378 2699 2511 2769 per
2545 2680 2866 2753 notabile

211 2798 472 2885 tempus
530 2795 1008 2863 commoratus
1058 2787 1299 2875 fuerit,
1355 2795 1530 2860 tunc
1580 2788 2095 2861 testimoniales
2156 2787 2490 2883 Episcopi
2542 2794 2862 2883 originiS,

212 2906 307 2976 vel
353 2903 695 2977 domicilii
749 2901 1212 2973 accidentalis
1264 2899 1494 2973 eidem
1549 2902 1996 2974 necessariae
2032 2908 2246 2990 sunt;
2305 2904 2540 2992 prouti
2577 2904 2651 2973 in
2688 2901 2867 2975 Con-

211 3019 563 3089 stitutione
625 3015 1103 3107 Speculatores
1175 3013 1503 3085 edicitur.
1578 3009 2032 3085 Honorantes
2101 3009 2185 3109 (l.
2238 3032 2301 3083 c.
2360 3032 2519 3105 cap.
2562 3016 2636 3085 9.
2679 3014 2870 3086 Nota

215 3127 453 3200 decimo
503 3146 677 3219 pag.
728 3124 931 3220 103.)
984 3144 1067 3196 ea
1122 3125 1196 3195 in
1249 3125 1609 3198 sententia
1647 3131 1781 3211 est,
1840 3131 1918 3196 ut
1972 3131 2170 3197 aetas
2223 3124 2316 3196 ad
2352 3125 2866 3215 impedimenta

213 3239 688 3312 contrahenda
741 3257 968 3329 capax
1021 3255 1104 3307 ea
1157 3238 1277 3326 sit,
1337 3255 1523 3325 quae
1575 3235 2002 3325 infantiam,
2060 3256 2186 3309 seu
2238 3235 2690 3328 septennium
2748 3255 2871 3308 ex-

211 3354 533 3439 cesserit3
594 3351 762 3422 talis
813 3351 1002 3421 enim
1057 3356 1257 3421 aetas
1308 3349 1452 3421 doli
1505 3367 1733 3439 capax
1787 3366 1944 3419 esse
1982 3349 2123 3421 iam
2161 3355 2421 3439 potest,
2467 3355 2536 3420 et
2573 3350 2867 3438 insuper

211 3465 593 3535 communis
646 3461 969 3535 doctrina
1019 3462 1266 3550 tradit,
1324 3462 1479 3533 eius
1531 3460 1791 3531 aetatis
1827 3458 2399 3532 adolescentulos
2436 3478 2779 3531 censuras
2828 3480 2868 3531 a

207 3572 375 3662 iure,
434 3575 541 3646 vel
597 3574 887 3645 homine
939 3579 1247 3644 statutas
1300 3574 1660 3644 incurrere
1715 3590 1951 3662 posse.

345 3687 463 3757 87.
519 3682 868 3767 Quoniam
936 3703 1104 3756 vero
1156 3681 1625 3756 Innocentius
1676 3680 1845 3754 XII.
1905 3684 1997 3756 ad
2049 3684 2561 3773 acquirendum
2610 3684 2870 3757 stabile

210 3796 630 3869 domicilium
687 3798 930 3887 aliquo
983 3798 1057 3868 in
1110 3797 1260 3867 loco
1313 3796 1671 3883 statuerit,
1727 3802 1807 3868 ut
1859 3813 1986 3889 per
2036 3796 2464 3869 decennium
2509 3797 2876 3868 inhabita-

211 3910 409 3996 verit,
462 3911 572 3981 vel
627 3909 968 3979 maiorem
1018 3906 1367 3979 bonorum
1422 3914 1700 3999 partem
1755 3927 1915 3979 cum
1954 3908 2163 3982 domo
2213 3908 2480 3981 ibidem
2519 3909 2864 4000 posuerit,

209 4037 286 4090 ac
337 4021 632 4092 notabili
689 4025 1006 4111 tempore
1077 4026 1553 4091 commoratus
1605 4019 1862 4108 fuerit,
1919 4021 2088 4093 hinc
2155 4020 2346 4092 idem
2418 4016 2871 4092 Honorantes

210 4125 373 4224 (loc.
416 4134 529 4203 cit.
577 4132 766 4205 Nota
810 4133 1046 4224 primo
1095 4151 1262 4224 pag.
1303 4132 1425 4202 96.
1470 4136 1540 4203 et
1575 4127 1738 4227 97.)
1792 4150 1917 4222 pro
1974 4139 2278 4222 utroque
2331 4150 2500 4203 casu
2537 4132 2726 4202 banc
2761 4150 2876 4203 re-

216 4243 443 4332 gulam
494 4245 758 4317 tradit:
821 4265 858 4309 «
897 4240 1103 4315 Patet
1155 4261 1410 4316 sensus
1461 4243 1991 4334 praedictorum
2028 4241 2569 4317 constitutionis
2620 4242 2875 4315 verbo-

209 4377 247 4422 )
285 4352 958 4446 11]111;ἶ11·15ρο1111;111·
1026 4372 1368 4444 namque,
1440 4354 1660 4444 quod,
1728 4356 2020 4442 quando
2073 4356 2235 4443 quis
2287 4355 2726 4429 domicilium
2794 4355 2871 4428 in

211 4488 249 4530 ›
287 4464 518 4537 aliena
574 4465 886 4538 dioecesi
939 4466 1371 4538 constituere
1424 4471 1658 4557 parat,
1714 4472 1818 4537 ut‘
1851 4465 1941 4536 ad
1992 4462 2297 4536 Ordines
2334 4473 2712 4538 censeatur
2749 4467 2880 4539 do-

209 4598 249 4642 »
286 4575 621 4650 micilium
677 4578 1163 4665 contraxisse,
1218 4576 1332 4647 vel
1393 4576 1609 4648 debet
1679 4577 1755 4647 in
1828 4577 1984 4667 ipso
2048 4577 2198 4649 loco
2267 4595 2395 4670 per
2446 4578 2876 4651 decennium

210 4709 253 4753 >
294 4691 734 4780 commorari,
788 4688 1095 4780 hocque,
1161 4689 1309 4760 sive
1372 4689 1463 4760 sit
1513 4707 1820 4782 persona
1872 4706 2147 4782 pauper
2177 4713 2215 4759 »
2271 4685 2493 4788 (quae
2545 4692 2881 4764 videlicet

419 4835 597 4891 Lumbi,
635 4833 776 4882 Vixit.
805 4833 945 4880 sacr.
975 4832 1112 4888 Lim„
1144 4831 1263 4879 edit.
1293 4830 1388 4878 111.
1425 4831 1525 4878 Vol.
1554 4834 1596 4878 Ι.
2614 4837 2665 4880 13
