3497 5235
562 279 680 340 464
1317 280 1686 339 Inntruotionin
1727 280 1781 337 8.
1811 278 1993 353 Oongr.
2022 278 2168 338 Gonu.
2208 280 2480 356 expositio.

562 415 730 493 Quae
776 411 1113 479 necessitas
1160 412 1311 478 olim
1358 432 1533 490 rara,
1594 431 1766 477 nunc
1812 411 2040 478 alicubi
2091 411 2492 499 frequentior
2537 422 2661 479 est.
2705 449 2750 460 -
2796 414 2948 478 379.
3004 412 3234 478 Huius-

559 516 736 584 modi
786 516 1120 581 necessitas
1151 513 1347 581 debet
1381 534 1516 581 esse
1550 513 1914 603 gravissima
1949 525 2016 581 et
2049 513 2210 592 talis,
2262 525 2335 580 ut
2376 514 2544 581 nulla
2578 515 2767 602 plane
2800 515 3046 581 ratione
3079 515 3239 582 alius

559 618 856 687 sacerdos
915 617 1184 683 inveniri
1248 618 1466 703 possit.
1521 654 1564 666 -
1612 620 1763 684 380.
1825 620 2093 702 Insuper
2156 616 2459 683 accedere
2522 616 2718 682 debet
2778 617 3032 683 licentia
3084 619 3239 706 Epi-

558 721 775 806 scopi,
812 732 876 786 et
908 719 1059 785 baec
1105 719 1372 786 minime
1422 719 1759 806 generalis,
1810 719 1924 785 sed
1971 722 2036 786 in
2083 720 2324 786 casibus
2371 720 2879 807 particularibus.
2933 721 3235 809 Episcopi

562 834 634 890 ut
666 835 853 911 agant
890 824 1111 902 tutiuS,
1143 841 1273 889 non
1307 842 1446 887 raro
1480 822 1668 888 huius
1703 820 2151 889 concedendae
2186 821 2478 888 licentiae
2512 820 2874 888 facultatem
2900 843 2933 887 a
2967 827 3034 891 S.
3069 824 3238 893 Sede

564 926 990 1012 expostulant.
1030 963 1072 974 -
1104 929 1257 992 381.
1294 926 1576 991 Facultas
1625 924 1844 990 Missae
1893 923 2205 990 binandae
2251 923 2330 989 ad
2380 924 2515 990 dies
2564 924 2865 991 reductos
2911 943 3045 992 non
3089 946 3237 993 con-

564 1030 813 1097 ceditur
859 1051 890 1095 a
940 1036 1003 1100 S.
1060 1034 1133 1097 C.
1187 1034 1381 1097 Cone.
1435 1066 1479 1079 -
1526 1033 1678 1096 382.
1732 1030 2159 1097 Nihilominus
2221 1031 2303 1097 ob
2364 1031 2671 1115 speciales
2738 1031 3239 1099 circumstantias

563 1135 785 1202 eadem
820 1138 882 1202 S.
917 1137 1119 1221 Cong.
1161 1132 1227 1198 in
1260 1135 1672 1217 Arqentinen.
1715 1131 1833 1197 hoc
1870 1131 2155 1199 indulsit.
2190 1170 2233 1182 -
2269 1135 2422 1198 383.
2461 1135 2614 1198 384.
2656 1133 2898 1221 Regula
2947 1145 3238 1201 constans

561 1248 679 1315 est,
735 1249 803 1303 ut
848 1255 969 1323 pro
1016 1238 1194 1301 Missa
1246 1237 1466 1302 iterata
1526 1236 1929 1318 eleemosyna
1986 1235 2356 1303 nullatenus
2416 1237 2789 1322 accipiatur.
2852 1237 3118 1303 Etiamsi
3164 1239 3242 1305 ab

533 1340 772 1426 -aliquo
820 1342 930 1427 pio
978 1340 1118 1405 loco
1164 1338 1448 1423 persolvi
1499 1337 1936 1404 consueverit.
1972 1375 2016 1388 -
2049 1341 2200 1404 385.
2257 1338 2618 1424 Aliquando
2653 1339 2976 1407 indultum
3014 1354 3134 1421 est,
3169 1354 3241 1408 ut

558 1443 874 1531 parochus
922 1443 1167 1508 Missam
1218 1442 1504 1507 iteratam
1553 1461 1672 1528 pro
1721 1441 1843 1506 alio
1893 1459 2038 1506 cum
2084 1439 2410 1528 stipendio
2458 1442 2831 1529 applicaret,
2886 1443 3100 1511 habita
3148 1466 3248 1511 ra·

559 1547 733 1612 tione
782 1546 1035 1612 maioris
1082 1545 1314 1611 laboris
1361 1555 1427 1610 et
1477 1543 1866 1610 incommodi
1917 1564 1995 1610 ex
2043 1542 2266 1609 eadem
2317 1543 2656 1610 iteratione
2688 1548 3168 1630 provenientis.
3197 1586 3245 1599 -

561 1652 712 1716 386.
748 1653 837 1714 De
874 1648 1214 1736 privilegio
1248 1649 1606 1713 Lusitaniae
1640 1659 1705 1712 et
1737 1645 2097 1734 Hispaniae,
2135 1656 2204 1711 ut
2236 1645 2598 1712 sacerdotes
2629 1648 2692 1712 in
2726 1647 2833 1713 die
2870 1652 3242 1717 commem.

559 1751 744 1816 Omn.
797 1750 1091 1816 Defunct.
1146 1762 1275 1814 tres
1322 1748 1531 1814 Missas
1578 1749 1903 1814 celebrare
1960 1748 2223 1834 possint.
2288 1750 2638 1836 Aragoniae
2695 1749 3067 1818 sacerdotes
3122 1774 3239 1841 pro

560 1853 744 1919 tertia
795 1853 996 1930 Missa,
1034 1851 1228 1918 ceteri
1262 1870 1381 1936 pro
1412 1850 1688 1917 secunda
1722 1871 1792 1916 ac
1828 1851 2011 1917 tertia
2047 1852 2514 1934 eleemosynam
2547 1852 2838 1936 accipere
2872 1866 3233 1940 nequeunt.

558 1953 831 2023 Licitum
882 1964 1092 2021 tamen
1155 1966 1248 2019 est
1295 1954 1599 2018 maiorem
1666 1954 2135 2039 eleemosynam
2195 1964 2425 2039 sponte
2486 1954 2756 2020 oblatam
2805 1954 2871 2020 in
2922 1958 3243 2044 Aragouia

556 2076 677 2145 pro
722 2056 999 2123 secunda
1040 2078 1114 2122 ac
1166 2056 1386 2135 tertia,
1439 2056 1506 2124 in
1553 2057 1786 2122 ceteris
1835 2056 2210 2143 regionibus
2271 2076 2390 2143 pro
2438 2057 2639 2142 prima
2688 2057 2868 2123 Missa
2915 2061 3232 2147 accipere.

560 2162 789 2225 -387.
844 2159 1233 2226 Referuntur
1294 2179 1467 2224 casus
1516 2158 1790 2243 expositi
1853 2158 1916 2224 in
1976 2179 2120 2224 casu
2182 2160 2666 2235 Salmantinae,
2736 2160 2797 2226 in
2847 2181 2976 2247 qua
3031 2174 3238 2228 tamen

563 2262 738 2328 nulla
786 2261 1263 2329 consuetudinis
1311 2261 1468 2326 ratio
1515 2260 1724 2326 habita
1776 2271 1893 2339 est,
1947 2260 2269 2347 dubiaque
2317 2263 2592 2328 resoluta
2637 2275 2787 2329 sunt
2833 2262 2916 2330 ad
2967 2264 3236 2333 sormam

564 2364 831 2432 Constit.
870 2365 1273 2440 Declarasti,
1328 2375 1392 2429 et
1438 2363 1941 2431 declarationum
1987 2385 2020 2429 a
2071 2369 2138 2433 S.
2176 2368 2250 2431 C.
2306 2367 2504 2430 Conc.
2557 2363 2898 2432 editarum.

707 2553 878 2623 378.
937 2549 1164 2624 Obvia
1235 2554 1461 2627 cuivis
1511 2560 1622 2628 est
1688 2550 2050 2627 Ecclesiae
2105 2551 2526 2643 disciplina,
2586 2571 2772 2642 quae
2840 2561 3087 2644 vetat,
3144 2574 3230 2628 ne

559 2664 963 2737 sacerdotes
998 2665 1264 2755 pluries
1301 2685 1519 2756 quam
1555 2666 1776 2738 semel
1831 2665 1904 2736 in
1957 2665 2073 2736 die
2128 2663 2418 2736 Sacrum
2474 2664 2883 2753 conficiant,
2936 2673 3232 2757 excepto

558 2776 857 2848 solemni
912 2777 1026 2849 die
1077 2773 1488 2849 Nativitatis
1541 2775 1624 2847 l).
1668 2774 1756 2847 N.
1797 2772 1861 2846 I.
1901 2774 1977 2847 C.
2038 2774 2123 2847 At
2174 2794 2339 2847 vero
2394 2777 2783 2865 aliquando
2834 2780 3232 2851 necessitas

563 2888 974 2977 intervenit,
1030 2896 1112 2960 ut
1162 2888 1509 2979 parochos
1560 2888 1840 2977 binare,
1881 2888 2149 2961 scilicet
2203 2884 2492 2959 Missam
2527 2888 2775 2960 eodem
2812 2889 2929 2961 die
2969 2890 3229 2962 iterare

560 3006 909 3090 operteat.
969 2997 1052 3072 Id
1108 3003 1467 3073 enimvero
1521 3001 1822 3088 accidit,
1881 3020 2042 3072 cum
2095 3019 2283 3071 unus
2334 3000 2692 3090 parochus
2753 3000 3045 3073 duabus
3104 3021 3238 3093 pa-

558 3111 808 3183 roeciis
859 3119 1169 3202 praeest,
1226 3112 1334 3184 vel
1390 3107 1569 3184 du'os
1620 3112 1923 3203 populos
1976 3111 2185 3183 valde
2239 3111 2525 3184 dissitos
2577 3114 2801 3203 regit,
2859 3114 2973 3185 vel
3026 3133 3241 3205 paro-

557 3221 795 3294 chiani
866 3224 1106 3294 eadem
1156 3224 1329 3295 hora
1383 3225 1475 3294 ad
1527 3220 1814 3296 Missam
1886 3223 2319 3296 audiendam
2386 3243 2535 3295 una
2585 3224 2795 3296 simul
2850 3226 3242 3316 convenire

556 3341 949 3423 nequeant,
1000 3340 1071 3406 et
1109 3336 1425 3425 alioquin
1464 3336 1650 3407 alius
1683 3336 1974 3407 omnino
2010 3334 2343 3407 sacerdos
2379 3335 2680 3407 inveniri
2720 3342 3065 3425 nequeat,
3107 3338 3239 3425 qui

560 3447 953 3518 secundam
1006 3444 1292 3519 Missam
1345 3447 1849 3519 celebrandam
1904 3447 2272 3536 suscipiat,
2330 3446 2549 3518 veluti
2603 3447 2868 3519 diserte
2903 3446 3252 3519 animad-

553 3559 852 3629 vertitur
903 3578 944 3627 a
997 3554 1265 3630 Bened.
1309 3554 1499 3628 XIV.
1560 3560 1632 3630 in
1687 3556 1983 3629 Constit.
2029 3557 2461 3639 Declarasti‚
2513 3555 2588 3651 ἓ.
2629 3558 2741 3630 Εα
2781 3560 3252 3648 potissimum

553 3668 633 3739 in
684 3670 1041 3742 volumine
1083 3666 1219 3740 111.
1262 3670 1398 3742 sub
1452 3689 1651 3742 num.
1696 3673 1818 3741 38.
1862 3669 2260 3742 referenda.
2319 3667 2732 3741 Praeteritis
2783 3669 3253 3761 temporibus

553 3779 1000 3871 infrequens,
1059 3789 1140 3854 ut
1175 3782 1588 3873 plurimum,
1629 3788 1781 3854 erat
1816 3781 2225 3853 huiusmodi
2262 3782 2698 3869 necessitas3
2755 3787 2829 3853 at
2864 3783 3253 3872 praesenti

556 3900 874 3985 tempore
929 3895 1019 3966 ab
1071 3896 1269 3967 exitu
1320 3895 1736 3986 praesertim
1793 3895 2108 3984 proxime
2144 3893 2365 3983 elapsi
2420 3894 2716 3978 saeculi,
2758 3911 2903 3983 quo
2939 3902 3254 3985 propter

557 4006 1011 4079 calamitosas
1064 4025 1299 4078 rerum
1351 4024 1711 4078 sacrarum
1765 4004 2267 4077 subversiones
2335 4006 2785 4078 sacerdotum
2838 4023 3250 4094 numeruS,

554 4137 621 4191 e.
684 4138 749 4211 g.
811 4119 886 4189 in
939 4115 1194 4206 Gallia,
1253 4114 1631 4190 Germania
1684 4123 1755 4189 et
1807 4114 2155 4207 Hispania
2192 4116 2578 4208 plurimum
2627 4116 3048 4188 imminutus
3083 4123 3254 4206 est,

556 4236 629 4302 et
679 4231 1057 4320 parochiae
1110 4230 1220 4302 vel
1274 4230 1740 4321 amplioribus
1793 4229 2063 4301 finibus
2112 4228 2500 4318 dilatatae,
2576 4227 2685 4299 vel
2759 4226 3262 4318 frequentiori

558 4343 964 4414 animarum
1015 4360 1312 4414 numero
1365 4349 1644 4429 auctae,
1700 4340 1878 4412 illud
1927 4340 2344 4431 saepissime
2381 4339 2759 4431 contingit,
2798 4345 2881 4411 ut
2917 4343 3266 4414 rectores

558 4456 1011 4536 apcommuni
1062 4451 1423 4526 Ecclesiae
1460 4452 1841 4542 disciplina
1893 4451 2298 4540 deflectere,
2355 4451 2614 4540 bisque
2665 4471 2810 4523 uno
2855 4452 2968 4523 die
3001 4455 3272 4524 sacri-

558 4564 703 4635 ficii
755 4565 1305 4637 celebrationem
1357 4582 1696 4655 peragere
1733 4562 2076 4652 debeant,
2110 4562 2713 4654 quemadmodum
2750 4562 3083 4653 colligere
3133 4562 3275 4638 fas

563 4678 676 4744 est
725 4691 812 4744 ex
863 4674 1331 4748 relationibus
1387 4675 1800 4748 Antistitum
1853 4676 1943 4748 de
1994 4681 2188 4748 statu
2240 4675 2747 4766 ecclesiarum,
2804 4692 3096 4749 necnon
3167 4696 3282 4751 ex
