3497 5235
1108 287 1181 346 Do
1220 290 1520 354 visitatione
1561 295 1829 358 Sacrorum
1867 301 2129 366 nimiunn.
2856 318 2930 383 31

452 414 566 486 68.
621 410 756 498 Qui
813 415 1175 495 Antistites
1229 429 1540 517 tempore
1593 448 1634 500 a
1685 433 1957 507 Sixtina
2008 437 2163 532 lege
2205 446 2578 534 praefinito
2615 449 2932 526 debitum

311 545 653 602 sacrorum
689 526 1047 605 Liminum
1084 538 1547 627 petendorum
1585 560 1667 615 ac
1708 549 1936 619 status
1970 549 2317 626 referendi
2371 558 2675 632 officium
2729 582 2934 653 prae-

312 640 724 728 termittunt,
781 643 1105 718 incidunt
1157 649 1229 719 in
1281 668 1548 741 poenas
1585 653 1675 725 ab
1711 655 1959 729 eadem
2012 659 2164 753 lege
2217 666 2559 759 irrogatas
2608 668 2683 766 g.
2719 675 2786 745 8.
2832 676 2935 747 vi-

308 750 552 823 delicet
601 753 1090 844 suspensionis
1142 757 1290 848 ipso
1337 760 1531 851 facto
1582 764 1672 837 ab
1710 766 2030 859 ingressu
2080 775 2417 852 ecclesiae
2454 799 2537 855 ac
2587 785 2799 857 etiam
2836 787 2928 861 ah

307 863 909 935 administratione
966 872 1104 936 tam
1156 870 1659 961 spiritualium,
1715 895 1991 953 necnon
2043 902 2083 953 a
2136 884 2487 962 fructuum
2539 899 2931 988 perceptio-

305 991 410 1059 ne,
450 972 681 1045 donec
715 994 756 1045 a
792 979 1233 1050 contumacia
1286 998 1429 1054 non
1479 987 1924 1077 resipiscant.
1969 990 2053 1066 In
2097 994 2498 1074 huiusmodi
2553 1022 2713 1078 vero
2763 1025 2930 1098 poe-

305 1102 422 1155 nas
456 1102 604 1156 non
643 1084 934 1173 incurri,
975 1088 1110 1159 nisi
1148 1095 1501 1166 transacto
1550 1097 1798 1173 ultimo
1850 1102 1963 1174 die
2000 1109 2278 1181 termini
2314 1112 2406 1184 ad
2451 1115 2925 1191 visitationem

302 1194 682 1285 praefiniti,
739 1196 847 1267 vel
901 1197 1051 1288 ipse
1103 1201 1376 1290 statuit,
1433 1224 1517 1277 ac
1568 1211 1785 1284 tradit
1834 1211 2212 1305 Fagnanus
2263 1218 2436 1316 (loc.
2476 1226 2598 1298 cit.
2641 1248 2715 1299 n.
2755 1229 2916 1325 58).

298 1301 510 1385 Quam
566 1307 859 1400 insuper
908 1310 983 1380 in
1019 1327 1305 1384 causam
1341 1312 1609 1391 fructus
1643 1320 2047 1401 huiusmodi
2092 1333 2363 1425 erogari
2413 1335 2748 1429 debeant,
2789 1343 2927 1415 ibi-

300 1417 450 1489 dem
527 1418 984 1510 singulariter
1046 1421 1483 1515 designatur.
1556 1428 2270 1515 Animadvertendum
2348 1453 2584 1522 tamen
2659 1461 2805 1542 est,
2858 1454 2919 1530 si

297 1527 360 1598 in
409 1527 603 1603 hanc
653 1535 926 1620 partem
977 1531 1492 1611 inconsiderate
1543 1549 1819 1633 peccari
1872 1553 2259 1645 contingat,
2299 1575 2596 1647 pronum
2633 1560 2919 1655 Episco-

294 1639 392 1730 pis
442 1657 604 1711 esse
667 1639 1183 1732 indulgentiam
1236 1648 1307 1720 S.
1348 1647 1921 1746 congregationis
1996 1664 2396 1757 implorare,
2453 1689 2637 1762 quae
2687 1677 2915 1751 eidem

295 1748 827 1842 impertiendae,
884 1753 1066 1825 iusta
1119 1774 1333 1830 causa
1368 1763 1778 1857 accedente,
1811 1789 1965 1845 sese
2000 1775 2359 1852 difficilem
2394 1783 2734 1873 praehere
2770 1808 2916 1862 non

291 1860 487 1932 solet.
547 1855 753 1942 Quod
803 1861 960 1933 ideo
1012 1864 1279 1940 dictum
1333 1872 1704 1966 voluimus,
1760 1898 1850 1954 ne
1902 1884 2295 1979 AntistiteS,
2352 1895 2474 1984 qui
2524 1883 2731 1971 bona‘
2773 1901 2915 1974 fide

291 1969 358 2040 in
407 1988 681 2062 poenas
732 1972 1179 2066 incurrerint,
1235 1981 1452 2054 nimia
1504 1990 1863 2065 anxietate
1900 2000 2368 2076 conscientiae
2417 2013 2906 2098 torqueantur.

427 2081 551 2153 69.
612 2078 965 2156 Postremo
1015 2086 1167 2160 loco
1214 2086 1597 2188 Episcopos
1650 2105 1950 2178 monitos
2018 2111 2319 2185 velimus
2383 2117 2474 2189 ad
2527 2120 2911 2213 legitimam

295 2190 378 2262 de
425 2209 631 2262 sacra
667 2193 1067 2270 visitatione
1117 2202 1395 2291 expleta
1421 2209 1908 2298 probationem
1945 2226 2461 2312 assequendam
2498 2231 2568 2303 id
2596 2235 2669 2305 in
2708 2254 2912 2327 prae·

290 2303 678 2376 sentiarum
727 2323 861 2377 usu
912 2317 1272 2400 receptum
1323 2334 1504 2407 esse,
1558 2328 1639 2394 ut
1691 2324 1904 2398 iidem
1956 2332 2062 2403 vel
2114 2352 2353 2409 eorum
2423 2355 2908 2431 procuratores

288 2429 367 2483 eo
416 2411 603 2504 ipso,
670 2414 860 2504 quod
910 2418 1088 2491 duas
1140 2418 1473 2500 Basilicas
1543 2433 1613 2503 S.
1671 2432 1857 2509 Petri
1908 2441 1980 2512 in
2034 2441 2372 2520 Vaticano
2440 2458 2509 2525 et
2578 2457 2651 2528 S.
2705 2456 2906 2532 Pauli

293 2535 489 2601 extra
542 2531 822 2602 moenia
873 2526 1205 2626 (quorum
1272 2544 1553 2617 nomine
1622 2545 2109 2641 Apostolorum
2187 2556 2460 2637 Limina
2522 2567 2655 2644 hac
2706 2573 2779 2645 in
2830 2592 2905 2648 re

285 2640 615 2737 veniunt)
664 2643 1099 2719 visitabundi
1152 2650 1442 2742 adeunt,
1500 2656 1710 2733 fidem
1764 2666 2305 2745 testimonialem
2339 2682 2488 2750 tum
2524 2699 2564 2750 a
2599 2678 2902 2773 Capituli

282 2746 595 2826 Vaticani
645 2757 1012 2846 canonico,
1068 2761 1180 2832 cui
1230 2761 1363 2836 hoc
1415 2785 1671 2842 munus
1706 2781 1815 2846 est
1864 2777 2397 2875 demandatum,
2442 2794 2589 2864 tum
2626 2795 2668 2862 a'
2708 2792 2903 2868 Vica-

277 2861 375 2933 rio
421 2860 978 2955 cassinensium,
1034 2870 1296 2960 quihus
1347 2894 1588 2953 sacrae
1637 2885 1707 2955 S.
1760 2884 1961 2960 Pauli
2012 2893 2205 2966 aedis
2265 2903 2584 2975 custodia
2638 2908 2898 2981 tradita

276 2980 401 3059 ῆι,
455 2973 547 3046 de
599 2974 923 3048 absoluta
975 2984 1376 3059 v1s1tatione
1426 2993 1797 3083 recipiant,
1845 3015 2143 3092 eamque
2193 3006 2267 3078 in
2319 3011 2545 3084 officio
2583 3017 2899 3092 Secreta-

274 3081 414 3155 riae
462 3085 537 3156 S.
582 3083 1153 3180 congregationis
1202 3091 1488 3171 Concilii
1539 3102 1923 3199 deponant,
1972 3116 2160 3187 utin
2195 3117 2510 3193 eiusdem
2549 3125 2894 3201 tabulario

271 3305 461 3395 plina
491 3307 570 3381 's.
616 3305 899 3383 Ordinis
934 3303 1303 3390 immutata
1356 3330 1489 3412 est;
1531 3344 1835 3418 namque
1871 3339 2184 3425 tempore
2219 3338 2558 3433 Fagnani,
2593 3353 2668 3419 ut
2704 3349 2889 3422 idem

274 3420 567 3492 testatur
616 3440 775 3514 cap.
830 3420 978 3514 Ego
1028 3424 1113 3498 N.
1156 3430 1237 3501 de
1272 3431 1410 3504 ίαν.
1452 3435 1594 3507 ίαν.
1635 3457 1709 3510 n.
1754 3440 1869 3515 63.
1910 3448 2082 3520 satis
2117 3457 2292 3538 erat,
2334 3456 2522 3543 quod
2558 3453 2888 3553 Episcopi

267 3527 542 3618 ipsimet
592 3531 943 3607 cardinali
995 3534 1380 3632 Praefecto,
1421 3547 1528 3617 vel
1563 3547 2065 3648 SecretariogS.
2107 3557 2679 3655 Congregationis
2728 3588 2886 3647 sese

268 3657 494 3714 coram
542 3640 885 3718 Basilicas
936 3649 1009 3719 S.
1050 3646 1234 3725 Petri
1287 3672 1370 3727 ac
1421 3653 1493 3728 S.
1523 3656 1725 3734 Pauli
1777 3665 2096 3743 visitasse
2130 3672 2496 3750 referrent.

266 4226 366 4287 72.
419 4228 713 4294 Eamdem
760 4232 1207 4317 perfectiorem
1242 4241 1522 4312 reddidit
1553 4253 1989 4324 Lambertinus
2039 4262 2204 4329 iussu
2255 4270 2405 4333 Ben.
2437 4275 2621 4355 xm„
2670 4299 2702 4344 a
2749 4300 2874 4366 quo

259 4325 581 4394 instructio
626 4342 836 4398 nostra
884 4336 1288 4407 Benedictina
1334 4350 1707 4432 appellatur.
1745 4391 1789 4404 —
1823 4362 1925 4425 73.
1970 4364 2071 4428 74.
2115 4368 2216 4432 75.
2269 4370 2436 4450 Quae
2472 4375 2618 4445 licet
2665 4385 2872 4465 primo

257 4442 373 4508 pro
402 4429 620 4496 ltaliae
666 4436 1059 4503 Praesulibus
1106 4439 1299 4520 edita,
1351 4461 1564 4532 postea
1610 4454 1685 4520 ad
1738 4461 1926 4525 totius
1973 4464 2258 4534 catholici
2318 4474 2484 4541 orbis
2551 4482 2872 4553 Antistites
