3497 5235
563 276 680 338 2111
1322 281 1688 340 lustr-notionis
1728 282 1780 339 8.
1810 282 1991 356 Oongr.
2022 284 2167 340 conc.
2208 286 2477 357 expositio.

566 432 706 503 que
761 415 832 485 in
886 423 1245 505 posterum
1287 437 1327 488 a
1363 436 1421 485 S.
1469 437 1559 487 m.
1602 412 1812 506 Greg.
1856 413 2060 487 Xlll.
2104 420 2543 507 dispensatio
2580 438 2701 510 pro
2738 415 3180 489 contrahendo

566 527 1017 597 matrimonio
1072 530 1293 619 petita
1353 529 1623 617 suisset,
1684 528 2018 600 Summus
2072 526 2396 601 Pontifex
2452 550 2604 601 eam
2658 530 3027 603 concedere
3081 546 3184 597 no-

570 655 934 726 quaquam
991 642 1235 712 voluit.

721 748 1054 832 1112.Ουί
1112 753 1571 825 confirmatus
1626 754 1775 843 ipse
1831 774 1971 824 non
2028 762 2185 840 est,
2246 756 2571 843 patrinus
2624 755 2822 825 alteri
2873 771 3015 823 esse
3062 768 3187 821 non

571 868 858 951 potest,
915 865 1217 953 ideoque
1275 884 1403 935 nec
1464 867 1728 955 pariter
1783 867 2273 955 cognationem
2335 868 2779 955 spirituatem
2837 863 3186 946 contrahit.

570 968 750 1042 Nam
788 976 857 1045 S.
886 972 956 1047 C.
985 973 1194 1046 Conc.
1236 971 1458 1069 (apud
1518 976 1790 1067 Pignat.
1833 986 1997 1049 tom.
2038 977 2104 1049 1.
2147 980 2446 1050 consult.
2485 979 2640 1069 10.)
2680 982 2749 1050 in
2788 979 3055 1068 Lycien.
3092 975 3188 1043 13.

568 1080 708 1153 Iul.
759 1086 969 1155 1654.
1023 1088 1270 1171 edim,
1331 1108 1468 1158 non
1524 1091 2017 1177 confirmatum
2070 1110 2209 1159 non
2263 1091 2671 1161 contrahere
2723 1088 3190 1182 coqnationem.

569 1199 746 1271 Vide
799 1197 1112 1269 Ferraris
1167 1200 1379 1270 verbo
1422 1200 1874 1289 Confirmatio
1929 1207 2061 1272 art.
2110 1197 2242 1271 ΙΙΙ.
2301 1204 2370 1273 10
2425 1200 2644 1292 Resp.
2689 1208 2880 1271 auct.
2919 1197 3215 1287 Quaprox

571 1319 727 1404 pter
780 1313 1106 1383 infideles
1160 1318 1230 1383 et
1285 1313 1404 1400 qui
1459 1312 1797 1383 haeretici
1857 1313 1987 1383 hoc
2040 1314 2579 1384 Sacramentum
2629 1314 2863 1383 valido
2923 1330 3055 1381 non
3104 1327 3200 1377 ac-

572 1433 943 1517 ceperunt,
985 1427 1182 1496 nullo
1241 1427 1446 1495 modo
1501 1427 1587 1497 ad
1630 1427 1892 1516 patrini
1951 1446 2208 1497 munus
2248 1428 2509 1496 assumi
2566 1432 2890 1518 possunt,
2930 1423 3203 1494 nuttam-

574 1556 713 1627 que
769 1539 1262 1628 cognationem
1316 1540 1716 1627 suscipiunt
1771 1535 2115 1626 (Ferraris
2170 1540 2385 1609 verbo
2439 1541 2842 1630 Baptismus·
2898 1544 3024 1607 art.
3064 1529 3199 1602 vlt.

576 1670 774 1722 num.
819 1650 971 1741 34).
1013 1648 1652 1735 Excornmunicati,
1699 1652 2097 1738 facinorosi,
2142 1654 2528 1739 criminosi,
2573 1650 2888 1720 moribus
2940 1647 3205 1719 infames

573 1764 762 1834 licite
819 1763 1082 1852 patrini
1136 1782 1288 1832 esse
1343 1769 1714 1851 nequount
1769 1761 2087 1854 (Rituaie
2144 1763 2344 1834 Rom.
2401 1750 2559 1835 Tit?
2593 1763 2674 1833 (13
2712 1762 3037 1840 Patria„
3073 1755 3210 1827 Fer-

575 1878 754 1945 raris
809 1876 938 1945 loc.
982 1875 1102 1946 cit.
1147 1895 1219 1945 n.
1261 1874 1448 1968 38.),
1502 1894 1632 1947 nec
1687 1877 1899 1945 otiam
1961 1878 2134 1946 muti
2188 1872 2535 1961 (Ferraris
2588 1877 2717 1946 loc.
2762 1876 2884 1945 cit.
2935 1893 3007 1942 n.
3047 1866 3206 1955 30),

577 2007 811 2077 neque
868 1993 1202 2076 parentes
1255 1984 1436 2077 (Bit.
1480 1985 1686 2058 Rom.
1730 1989 1860 2059 loc.
1904 1991 2105 2082 cit.);
2149 1989 2216 2058 hi
2273 1997 2512 2059 tamen
2569 1991 2624 2059 si
2682 1995 2884 2059 extra
2937 1981 3213 2055 necessi·

578 2106 795 2170 tatem
854 2098 1034 2167 titios
1086 2100 1513 2187 suscipiunt,
1575 2102 2073 2187 cognationem
2137 2120 2296 2169 vere
2352 2100 2784 2172 contrahunt
2843 2101 2965 2183 ita,
3023 2104 3090 2165 ut
3136 2090 3210 2161 ab

577 2230 797 2283 uxore
851 2210 1193 2299 obsequia
1252 2219 1492 2300 petere
1551 2222 1913 2301 nequeant
1967 2210 2275 2304 (Ferrar.
2319 2216 2449 2284 loc.
2494 2215 2614 2284 cit.
2660 2232 2733 2282 η.
2775 2212 2932 2304 40).

732 2322 896 2392 143.
941 2319 1207 2392 Ρ31ι·101
1253 2342 1509 2392 010003
1546 2326 1897 2394 sustinere
1940 2327 2231 2397 vetitum
2263 2332 2368 2396 est
2406 2323 2890 2414 Regularibus
2927 2341 3009 2393 ex
3045 2321 3215 2391 textu

579 2436 652 2505 in
697 2435 866 2524 Cup.
910 2435 1067 2504 Non
1107 2435 1315 2507 liceat
1355 2435 1517 2508 103.
1562 2436 1643 2507 de
1689 2437 1890 2527 Canf.
1934 2437 2098 2508 dist.
2142 2437 2213 2507 4.
2257 2443 2328 2507 31
2365 2437 2562 2506 alibi.
2613 2432 2795 2506 Hinc
2852 2436 2924 2505 in
2979 2427 3219 2502 Rituali

581 2542 904 2615 Romano
958 2544 1155 2616 Pauli
1215 2543 1294 2616 V.
1357 2549 1546 2621 iussu
1605 2550 1797 2620 edito
1851 2550 1951 2620 sic
2003 2567 2334 2638 expresse
2371 2554 2718 2621 statutum
2757 2557 2912 2620 est:
2973 2540 3224 2613 ‹Prae-

563 2683 622 2725 .»
664 2664 860 2728 terea
917 2660 1006 2729 ad
1065 2659 1194 2731 hoc
1247 2661 1459 2730 etiam
1514 2681 1776 2733 munus
1847 2661 2128 2735 admitti
2197 2680 2334 2733 non
2401 2662 2668 2733 debent
2741 2657 3063 2731 monachi
3130 2649 3221 2720 vel

584 2795 621 2836 »
662 2772 1288 2857 sanctimoniales,
1356 2790 1587 2860 neque
1651 2776 1767 2844 3111
1835 2775 2347 2863 cuiuscumque
2406 2774 2675 2845 ordinis
2737 2770 3149 2862 Regulares.
3191 2789 3220 2829 »

584 2881 868 2953 Accedit
922 2883 1307 2953 declaratio
1361 2883 1431 2953 S.
1474 2882 1546 2954 C.
1592 2884 1878 2956 Concilii
1941 2888 2006 2955 in
2063 2887 2534 2957 Mediolanen.
2596 2888 2666 2956 3.
2728 2882 2984 2957 Octob.
3033 2877 3220 2949 1671.

581 2995 675 3065 ad
727 2993 798 3065 3.
842 2996 1004 3066 dub.
1064 2990 1255 3088 (Lib.
1314 2996 1437 3066 27.
1480 2998 1731 3069 decret.
1798 3018 1960 3089 paq.
2022 2991 2229 3092 224).
2290 2993 2475 3077 Quin
2531 2998 2745 3068 etiam
2798 2997 2873 3065 in
2927 2991 3229 3088 pluribus

582 3104 1031 3176 dioecesibus
1106 3108 1415 3195 idipsum
1497 3108 1951 3180 interdictum
2008 3116 2114 3178 est
2185 3109 2683 3181 ecclesiasticis
2754 3109 2923 3176 viris
2978 3124 3014 3175 e
3067 3103 3230 3173 ciero

582 3218 931 3288 saeculari
968 3218 1057 3288 ob
1096 3225 1364 3289 statuta
1405 3240 1444 3288 a
1484 3217 1767 3308 Synodo
1806 3222 2219 3310 provinciali
2276 3222 2383 3291 vei
2422 3220 2842 3291 dioecesana
2883 3221 3230 3296 emanata,

584 3345 887 3415 quorum
941 3330 1181 3418 aliqua
1238 3331 1502 3421 aliegat
1554 3330 1868 3403 Ferraris
1922 3334 2052 3403 loc.
2096 3334 2219 3404 cit.
2265 3353 2337 3402 n.
2382 3331 2502 3403 43.
2546 3338 2609 3402 et
2663 3340 2976 3420 sequent.

735 3440 898 3510 144.
942 3439 1009 3512 Si
1070 3445 1231 3530 quis
1283 3461 1366 3513 ex
1421 3443 1763 3515 mandato
1812 3445 2103 3516 alterius
2160 3445 2417 3534 patrini
2461 3445 2677 3514 vicem
2735 3441 3068 3524 absolvit,
3111 3451 3238 3506 non

585 3548 720 3618 sibi
791 3551 916 3621 sed
976 3554 1347 3626 mandanti
1400 3558 1893 3646 cognationem
1951 3576 2107 3626 cum
2164 3557 2577 3625 confirmato
2631 3552 3018 3625 contrahit.
3079 3545 3239 3619 Nam

587 3661 658 3732 S.
694 3659 767 3730 C.
813 3660 1021 3733 Cone.
1067 3666 1137 3734 in
1177 3667 1461 3738 Nullius
1524 3668 1637 3738 15.
1684 3665 1888 3737 Mart.
1938 3668 2149 3737 1631.
2194 3661 2358 3759 (lib.
2394 3665 2511 3737 14.
2546 3667 2799 3737 decret.
2838 3685 3007 3756 paq.
3044 3651 3241 3752 398.)

589 3776 910 3846 censuit:
957 3799 992 3841 ε
1029 3774 1584 3866 Procuratorem,
1620 3781 1740 3868 qui
1784 3780 2068 3850 nomine
2108 3778 2401 3849 alterius
2437 3779 2776 3867 suscepit,
2812 3777 2917 3846 vel
2954 3776 3045 3845 ad
3086 3771 3247 3840 Con·-

591 3909 628 3951 »
672 3885 1141 3958 firmationem
1185 3892 1440 3977 tenuit,
1485 3910 1626 3961 non
1666 3890 2084 3961 contrahere
2138 3891 2632 3980 cognationem
2688 3887 2820 3956 sihi
2878 3885 3008 3956 sed
3063 3899 3249 3954 man-

593 4020 630 4065 »
674 3998 900 4070 danti.
934 4025 970 4067 ›
1014 3997 1333 4090 Idipsurn
1373 4004 1816 4073 confirmavit
1858 4004 1928 4072 10
1976 4003 2317 4073 Theatina.
2362 4002 2473 4071 13.
2520 3998 2717 4090 Sept.
2767 4000 3016 4083 1721„
3061 3996 3247 4066 cuius

588 4111 957 4182 occasione
1013 4113 1084 4181 in
1136 4113 1307 4203 folio
1364 4114 1584 4183 relato
1639 4116 1760 4184 23.
1824 4114 2000 4203 Aug.
2061 4114 2377 4183 eiusdem
2434 4114 2601 4182 anni
2676 4110 2943 4180 multae
3002 4112 3075 4178 in
3132 4102 3248 4173 ad-

590 4239 867 4291 versum
923 4222 1288 4294 doctorum
1347 4226 1716 4315 opiniones
1780 4224 2213 4313 referuntur,
2276 4243 2460 4312 quae
2535 4232 2775 4293 tamen
2849 4212 3249 4290 auctoritati

595 4329 664 4402 S.
707 4333 1288 4426 Congregationis
1345 4336 1569 4408 fasces
1624 4336 2009 4406 subiiciant
2062 4342 2366 4424 oportet.

741 4445 903 4516 145.
949 4443 1361 4520 Invaiuerat
1416 4450 1580 4519 olim
1638 4467 1807 4518 usus
1847 4449 1916 4516 10
1956 4447 2261 4517 dioecesi
2303 4443 2653 4516 Fesuiana
2708 4440 3108 4513 Hetruscae
3158 4434 3258 4506 di-

591 4555 831 4640 tionis,
877 4564 951 4628 ut
988 4560 1060 4629 in
1108 4559 1722 4630 administratione
1764 4556 2200 4628 Sacrainenti
2241 4553 2795 4626 Cortirmationis
2835 4571 3019 4623 unus
3060 4552 3261 4621 dum-

595 4670 796 4737 taxat
849 4687 974 4758 pro
1027 4670 1359 4741 omnibus
1415 4670 1745 4740 masculis
1800 4689 1840 4738 a
1896 4668 2200 4759 parocho
2255 4667 2367 4736 vel
2421 4666 2510 4737 ab
2550 4664 2904 4756 Episcopo
2956 4663 3260 4752 deputa-
