3497 5235
525 285 644 360 ⁰⁸1·
674 287 744 343 11.
783 286 855 343 De
894 285 1158 360 Epinoopo,
1196 285 1603 359 Archiopiaoopo,
1639 285 1869 344 Primt·
1908 287 1965 344 ot
2003 284 2327 343 Patria-clu..
2369 285 2421 360 g.
2450 284 2502 341 0.
2729 281 2843 343 271

260 442 314 496 ac
347 421 631 495 remedia
668 421 925 494 iisdem
973 419 1329 493 stabiliter
1365 419 1805 493 consulatur.
1845 416 2145 501 Quando
2196 438 2361 491 vero
2396 418 2468 490 id
2522 435 2608 490 ex
2642 434 2851 509 prae-

260 542 403 626 cepto
431 530 887 605 Praesulibus
924 534 1274 624 imperare
1326 550 1469 603 non
1507 530 1743 621 datur,
1787 534 2177 607 rectissime
2215 532 2480 605 factum
2537 532 2848 618 videtur,

259 645 381 736 ipsis
421 646 629 717 tacito
686 643 1211 734 quodammodo
1265 643 1557 715 consilio
1627 644 2115 734 impellendis,
2173 651 2253 717 ut
2321 648 2575 734 sponte
2643 649 2713 715 et
2765 659 2855 713 ex

260 759 432 830 animo
479 759 908 849 suscipiant,
952 757 1145 848 quod
1178 775 1266 844 ex
1317 757 1495 849 legis
1528 762 1911 850 praecepto
1965 755 2243 830 efficere
2289 774 2433 828 non
2484 761 2847 829 tenentur.

256 866 318 941 Et
351 888 540 958 sane;
589 872 664 942 S.
704 865 781 940 C.
823 866 1033 941 Conc.
1075 868 1211 940 hac
1262 869 1338 940 in
1389 867 1837 960 paragrapho
1889 867 2066 940 illud
2106 868 2419 940 solemne
2457 866 2703 955 habet,
2748 872 2851 955 ut,

256 982 470 1070 quoties
524 978 895 1053 Antistites
963 979 1371 1051 huiusmodi
1440 981 1719 1070 piorum
1782 998 2121 1070 operum,
2180 999 2365 1071 quae
2420 980 2852 1071 peregerint,

257 1093 518 1164 notitiam
571 1091 903 1179 afferant,
967 1091 1704 1165 honorificentissimis
1757 1092 2166 1183 quibusque
2216 1092 2452 1165 verbis
2504 1090 2860 1182 quidquid

257 1205 567 1293 gesserint,
628 1177 1068 1293 amplissime
1119 1204 1453 1296 prosequi
1504 1204 1879 1278 allaboret.

354 1312 488 1386 Hoc
540 1314 756 1386 etiam
809 1317 1178 1387 tantorum
1253 1315 1561 1387 virorum
1633 1317 1856 1389 menti
1925 1316 2363 1407 propositum
2444 1315 2662 1387 fuisse
2712 1331 2862 1386 non

254 1424 571 1498 difficulter
618 1425 964 1514 dederim,
1004 1432 1085 1500 ut
1138 1426 1470 1499 videlicet
1507 1427 1708 1500 frena
1761 1429 2089 1501 laxarent
2126 1435 2342 1517 atque
2395 1426 2572 1499 adeo
2624 1426 2864 1498 remit-

255 1543 430 1609 terent
479 1537 875 1610 modestiae
913 1538 1297 1609 multorum
1334 1537 1752 1611 Antistitum
1788 1534 1893 1634 (et
1926 1540 2000 1611 bi
2044 1541 2186 1612 rari
2223 1539 2412 1613 certo
2449 1557 2595 1611 non
2630 1535 2858 1635 sunt),

256 1649 342 1737 qui
383 1649 549 1720 satis
599 1648 956 1721 habentes
1009 1669 1136 1722 sua
1189 1652 1555 1741 praeclare
1610 1657 1809 1742 gesta
1861 1650 2006 1724 Deo
2076 1655 2565 1740 innotescere,
2630 1649 2866 1722 laudis

254 1757 560 1832 humanae
613 1762 992 1851 praeconia
1045 1761 1338 1833 minime
1390 1768 1671 1834 curant.

361 1873 517 1944 260.
559 1867 924 1961 Quidquid
979 1889 1141 1943 vero
1192 1872 1286 1943 sit
1337 1871 1426 1944 de
1481 1872 1650 1961 fine,
1692 1893 1834 1964 quo
1886 1891 2228 1965 praesens
2274 1876 2599 1965 quaestio
2651 1873 2871 1966 perti-

251 1988 408 2070 neat,
442 1981 530 2053 ad
585 1987 910 2054 nostrum
963 1983 1372 2055 institutum
1426 1985 1618 2073 quod
1670 1986 1955 2073 attinet,
1997 2005 2156 2058 curn
2194 2006 2278 2060 ea
2332 1987 2708 2059 indefinita
2742 1985 2862 2073 sit,

254 2099 306 2165 et
345 2095 506 2166 nihil
541 2095 904 2188 peculiare
942 2096 1332 2184 contineat,
1373 2097 1652 2169 nullum
1691 2096 1934 2169 fusiori
1972 2100 2265 2171 cuilibet
2302 2099 2863 2190 pertractationi,

250 2205 809 2293 quemadmodum
864 2205 953 2278 de
998 2208 1251 2279 ceteris
1298 2207 1845 2297 quaestionibus
1883 2205 2148 2297 evenit,
2192 2211 2467 2282 aditum
2516 2208 2726 2280 nobis
2761 2225 2872 2279 re-

249 2315 527 2407 linquere
579 2336 709 2408 per
759 2335 836 2389 se
892 2319 1197 2409 quisque
1249 2320 1470 2394 videt.
1513 2321 1970 2393 Solummodo
2025 2341 2117 2394 ne
2183 2323 2415 2395 locum
2471 2322 2664 2394 hunc
2715 2323 2870 2393 sine

245 2426 366 2499 ullo
413 2429 696 2501 omnino
747 2427 966 2501 verbo
1018 2429 1216 2502 abire
1268 2431 1617 2518 sinamuS,
1660 2433 1987 2520 quamvis
2038 2451 2218 2524 opus
2274 2453 2416 2506 non
2467 2434 2585 2523 sit,
2628 2433 2876 2525 singu-

240 2538 413 2612 latim
460 2544 806 2615 nonnulla
861 2562 1075 2636 opera
1128 2546 1693 2638 indigitabimus,
1737 2565 1952 2637 quae,
2001 2553 2082 2620 ut
2136 2549 2550 2641 plurimum,
2608 2548 2726 2622 hic
2780 2547 2872 2621 ab

246 2650 666 2728 Antistitibus
717 2658 1113 2728 renuntiari
1166 2658 1423 2731 solent.
1465 2656 1659 2731 Talia
1712 2668 1883 2733 sunt
1934 2661 2138 2749 haec,
2179 2662 2236 2733 si
2290 2681 2404 2734 ex.
2452 2681 2553 2753 gr.
2597 2679 2872 2734 sacram

241 2765 521 2856 aliquam
556 2769 1146 2861 pretiosissimam
1184 2771 1698 2862 supellectilem
1738 2773 2134 2844 cathedrali
2176 2775 2442 2865 templo
2478 2770 2876 2863 Episcopus

244 2878 629 2971 donaverit3
686 2883 745 2954 si
798 2901 926 2973 pro
971 2881 1290 2954 fidelium
1342 2883 1843 2957 commoditate
1880 2903 2099 2956 novas
2151 2884 2552 2975 parochiaS,
2593 2890 2876 2955 servata

242 3006 573 3065 sacrorum
611 3012 967 3065 canonum
1005 2993 1255 3084 forma,
1298 2997 1642 3066 creaverit
1680 3015 1765 3068 ac
1799 2995 1963 3068 dote
2014 3015 2144 3069 suo
2199 3013 2359 3068 aere
2411 2995 2873 3084 instruxerit3

243 3101 292 3170 si
323 3103 600 3195 aliquod
635 3104 1042 3195 religiosum
1082 3106 1485 3179 institutum
1522 3108 1669 3178 sive
1709 3110 2011 3179 marium
2047 3110 2192 3179 sive
2232 3107 2635 3193 mulierum,
2675 3124 2882 3197 prae-

238 3217 455 3287 sertim
491 3217 581 3289 ad
635 3217 1100 3290 christianam
1135 3218 1656 3292 adolescentiae
1694 3238 1909 3291 sexus
1948 3219 2319 3307 utriusque
2357 3218 2879 3289 institutionem

231 3329 772 3418 provehendam,
816 3337 940 3403 aut
993 3331 1324 3404 subortas
1376 3332 1745 3403 christiani
1801 3331 2045 3421 populi
2124 3332 2588 3402 necessitates
2641 3328 2885 3400 suble-

233 3439 490 3511 vandas
543 3441 619 3511 in
671 3459 873 3513 suam
913 3443 1292 3515 dioecesim
1345 3443 1697 3515 stabiliter
1735 3443 2126 3530 invexerit3
2183 3444 2240 3514 si
2297 3444 2386 3514 ad
2426 3440 2883 3515 excitandam

229 3544 533 3622 fidelium
587 3554 930 3643 pietatem
967 3563 1037 3627 et
1076 3555 1621 3626 christianarum
1675 3555 2019 3625 virtutum
2058 3554 2321 3625 cultum
2379 3552 2884 3643 adaugendum

230 3659 381 3748 pias
428 3665 871 3754 sodalitates,
912 3667 1124 3758 vulgo
1160 3667 1817 3758 confraternitates,
1855 3666 2201 3752 erexerit3
2258 3666 2316 3735 si
2360 3666 2545 3736 clero
2582 3669 2888 3753 quotan-

227 3771 343 3842 nis
375 3777 772 3867 spiritualia
824 3779 1155 3850 exercitia
1191 3780 1269 3848 in
1304 3778 1543 3867 aliquo
1579 3776 1945 3864 coenobio,
1988 3784 2112 3849 aut
2159 3778 2299 3847 alia
2337 3776 2543 3847 domo
2580 3776 2655 3845 in
2692 3774 2888 3845 hunc

224 3881 439 3957 finem
490 3890 821 3962 instituta
873 3890 1237 3979 indixerit,
1279 3894 1503 3979 eoque
1557 3897 1723 3962 ante
1777 3890 2015 3961 omnia
2069 3888 2414 3979 parochos
2464 3906 2591 3978 per
2642 3885 2887 3957 orbem

224 4001 298 4065 et
349 3999 816 4072 confessarios
868 4020 950 4073 ac
985 4002 1386 4073 sacerdotes
1437 4002 1988 4089 coadunaverit3
2039 4003 2097 4072 si
2138 4000 2395 4092 populo
2447 4018 2685 4072 sacras
2723 4000 2890 4070 mis-

217 4106 458 4182 siones
510 4120 664 4185 tum
718 4115 795 4185 in
847 4114 1162 4202 civitate,
1203 4120 1355 4185 tum
1412 4114 1486 4184 in
1538 4114 1882 4185 dioecesis
1916 4114 2199 4205 oppidis
2251 4133 2291 4182 a
2329 4112 2548 4183 sacris
2602 4129 2892 4201 praeco-

221 4217 444 4295 nibus
492 4227 763 4315 pietate
820 4245 902 4299 ac
937 4226 1234 4298 scientia
1286 4224 1823 4315 praestantibus
1867 4225 2308 4315 suppeditari
2362 4223 2787 4314 providerit3
2829 4223 2893 4295 si

215 4327 537 4423 denique
583 4337 782 4408 aliud
836 4324 1336 4428 quodcumque
1374 4339 1651 4429 insigne
1702 4336 1969 4407 bonum
2009 4336 2349 4407 ecclesiae
2384 4353 2555 4406 suae
2596 4336 2896 4407 afferen-

217 4439 402 4515 dum
455 4450 836 4538 curaverit,
877 4456 1089 4540 prout
1139 4449 1378 4521 forsan
1432 4469 1560 4521 sua
1614 4449 1864 4520 sedula
1918 4446 2055 4518 sibi
2108 4448 2335 4538 pietas
2388 4464 2513 4539 pro
2565 4448 2898 4539 speciali-

209 4549 366 4624 bus
419 4561 652 4632 ovium
730 4579 1021 4633 suarum
1093 4561 1478 4634 commodis
1555 4579 1638 4632 ac
1689 4561 2184 4651 spiritualibus
2237 4560 2653 4653 indigentiis
2730 4579 2899 4652 sug-

208 4671 556 4755 gesserit.
