3497 5235
507 306 588 367 66
1263 307 1634 366 lustr-notioni·
1674 307 1727 365 8.
1757 306 1941 380 Oongr.
1969 306 2116 365 Gonu.
2156 305 2437 380 expetitio.

507 442 726 528 tifice,
759 441 949 531 quod
981 459 1140 511 cum
1177 441 1275 512 ita
1313 460 1389 512 se
1425 440 1693 513 habere
1723 442 2224 532 rescripsisset,
2258 442 2330 512 S.
2366 439 2440 513 C.
2476 442 2549 511 in
2578 440 2805 513 literis
2840 441 2959 513 30.
2996 437 3189 512 Mar-

506 554 585 623 t÷i
628 554 840 625 1830.
884 552 1282 644 respondit,
1341 554 1621 624 nullum
1673 553 1811 624 sibi
1863 570 2238 643 superesse
2292 550 2620 639 dubium,
2664 553 2841 641 quin
2877 553 3029 624 iure
3065 571 3188 624 sa-

509 685 708 737 crum
744 666 1053 738 chrisma
1109 666 1448 736 collatum
1502 664 1593 735 ab
1647 683 1730 736 eo
1786 663 2064 736 fuisset.

656 780 776 851 35.
837 774 922 849 In
966 780 1378 869 Apostolicis
1417 776 1675 851 Literis
1715 778 2216 851 tantummodo
2253 777 2814 869 exprimebatur,
2856 776 3188 848 subditos

513 890 873 962 Abbatum
910 887 1170 962 Montis
1204 887 1509 981 Virginis
1560 909 1760 962 sacro
1814 892 2194 963 chrismate
2221 890 2313 962 ab
2366 889 2621 961 iisdem
2656 889 2904 979 inungi
2944 905 3181 977 posse,

510 1003 793 1075 nullum
844 1008 1087 1074 tamen
1140 1002 1230 1075 de
1282 1001 1591 1073 subditis
1643 1003 1900 1074 alienis
1950 1001 2251 1074 verbum
2315 1000 2857 1088 subiiciebatur.
2898 995 3190 1071 Cetero-

512 1116 688 1206 quin
742 1133 892 1185 mos
943 1113 1033 1185 ab
1089 1115 1387 1203 antiquo
1441 1114 1767 1185 invectus
1823 1114 2077 1200 fuerat,
2136 1120 2214 1185 ut
2266 1114 2402 1203 ipsi
2457 1114 2890 1201 inungerent
2927 1128 3189 1207 pueros

512 1228 790 1298 alienae
858 1227 1248 1311 dioecesis,
1332 1226 1452 1313 qui
1510 1226 1599 1295 ad
1656 1226 2028 1297 ecclesiam
2107 1223 2548 1296 abbatialem
2600 1221 2690 1292 ob
2773 1222 3191 1312 religionem

512 1338 1026 1428 pietatemque,
1086 1355 1229 1425 qua
1285 1333 1364 1405 B.
1430 1331 1518 1405 Μ.
1577 1333 1788 1427 Virgo
1840 1335 2236 1423 colebatur,
2278 1354 2538 1426 magno
2592 1352 2886 1405 numero
2923 1333 3190 1406 adduci

510 1448 865 1521 solebant.
926 1445 1154 1539 Igitur
1206 1448 1561 1520 dubitatio
1592 1455 1745 1519 orta
1800 1454 1934 1535 est,
1992 1468 2086 1519 an
2139 1447 2273 1520 hoc
2327 1448 2478 1518 iure
2533 1448 2636 1518 uti
2673 1451 2964 1535 possent
3001 1446 3191 1518 circa

511 1577 772 1650 pueros
822 1560 1101 1630 alienae
1138 1558 1509 1647 dioecesiS‚
1553 1578 1771 1648 reque
1809 1560 2049 1631 delata
2089 1560 2180 1629 ad
2218 1559 2290 1630 S.
2317 1556 2392 1630 C.
2424 1555 2665 1650 Episc.
2701 1564 2771 1628 et
2809 1554 3024 1647 Reg.,
3067 1574 3195 1626 ac-

512 1679 901 1760 curateque
937 1671 1285 1758 discussa,
1329 1670 1419 1741 ad
1457 1670 1787 1742 dubium:
1837 1693 1875 1735 (
1909 1671 2012 1742 An
2045 1678 2116 1741 et
2145 1664 2498 1759 quomodo
2527 1667 2757 1741 Rmus
2791 1667 3027 1739 Abbas
3051 1665 3196 1739 Ge-

516 1807 554 1851 »
594 1782 859 1854 neralis
911 1790 984 1854 et
1036 1777 1456 1852 Ordinarius
1507 1780 1845 1854 abbatiae
1901 1780 2161 1854 Montis
2199 1779 2506 1874 Virginis
2559 1780 3011 1852 manuteneri
3063 1779 3196 1850 de-

515 1918 553 1962 »
594 1892 765 1963 beat
817 1894 892 1963 in
947 1894 1389 1982 possessione
1445 1892 1997 1965 administrandi
2049 1892 2592 1967 Sacramentum
2620 1892 3195 1965 confirmationis

515 2030 553 2074 >
593 2002 905 2074 subditis
941 2004 1333 2074 alienorum
1371 2001 1885 2095 Episcoporum
1913 2011 1983 2076 et
2012 1999 2591 2076 OrdinariorumZ
2617 2029 2655 2073 »
2699 2002 2821 2075 Die
2859 2004 2980 2074 30.
3005 1999 3198 2072 Mar-

512 2116 594 2189 tii
637 2115 849 2185 1855.
895 2117 966 2186 S.
1003 2113 1076 2186 C.
1122 2116 1515 2205 respondit:
1576 2139 1614 2181 ι
1648 2116 2085 2189 Affirmative
2138 2117 2226 2189 de
2280 2136 2634 2189 consensu
2680 2116 2933 2187 saltem
2973 2113 3194 2185 tacito

515 2253 553 2297 »
593 2223 1133 2297 ordinariorum
1210 2227 1890 2315 confirmandorum,
1975 2235 2253 2300 retento
2307 2229 2721 2301 authentico
2782 2232 3061 2318 regesto
3114 2227 3193 2295 in

516 2364 555 2411 >
595 2339 906 2409 archivio
986 2339 1399 2410 monasterii
1476 2340 2085 2428 confirmatorum,
2145 2359 2228 2411 ae
2280 2341 2583 2412 servatis
2658 2339 2814 2410 aliis
2892 2338 2982 2409 de
3037 2338 3196 2409 iure

516 2478 554 2522 »
592 2451 992 2539 servandis,
1053 2450 1237 2523 sacto
1292 2452 1507 2524 verbo
1544 2471 1703 2523 cum
1743 2449 1986 2523 SSroo.
2023 2479 2058 2519 »
2118 2449 2318 2524 Mens
2353 2458 2533 2539 erat,
2580 2458 2654 2523 ut
2693 2451 2893 2522 fieret
2941 2448 3198 2521 relatio

516 2564 806 2637 Summo
857 2562 1184 2636 Pontifici
1239 2564 1329 2636 ad
1384 2566 1782 2653 cautelam,
1840 2566 2160 2656 exposito
2214 2566 2632 2656 praesertim
2690 2582 2822 2636 usu
2876 2563 3190 2648 invect0,

512 2682 592 2748 ut
633 2675 874 2746 Abbas
924 2696 965 2746 a
1021 2677 1271 2748 vicinis
1338 2673 1711 2768 Episcopis
1782 2678 2128 2748 invitatus
2190 2677 2509 2748 conserat
2580 2675 3196 2748 confirmationem

515 2794 588 2863 in
643 2790 994 2860 territorio
1060 2808 1203 2859 non
1257 2808 1423 2878 sun,
1501 2795 1572 2862 et
1652 2790 1744 2860 ad
1814 2791 2169 2860 cautelam
2235 2790 2515 2860 sanatio
2568 2792 2995 2878 reportetur.
3074 2781 3201 2854 In-

514 2920 729 2992 super
781 2900 1072 2973 additae
1125 2906 1295 2971 sunt
1365 2901 1550 2972 aliae
1623 2903 1992 2974 cautiones
2058 2908 2215 2972 tum
2269 2921 2308 2970 a
2364 2898 2578 2971 Sacra
2632 2897 3194 2988 congregatione

512 3021 669 3087 tum
722 3013 813 3084 ab
869 3014 1023 3104 ipso
1077 3008 1419 3084 Pontifice
1474 3013 1546 3083 in
1602 3013 1970 3084 audientia
2041 3009 2131 3082 R.
2191 3011 2269 3083 P.
2333 3010 2413 3082 D.
2474 3011 2864 3083 Secretario
2932 3006 3196 3080 Sacrae

512 3125 1096 3217 Congregationis
1167 3125 1256 3196 de
1312 3143 1503 3196 more
1557 3142 1932 3212 concessa,
2001 3142 2182 3212 quas
2250 3123 2366 3194 hic
2433 3122 2697 3194 referre
2750 3120 3192 3211 superfluum

518 3238 870 3310 ducimus,

659 3349 779 3419 36.
840 3345 1169 3418 Ceterum
1223 3348 1348 3436 qui
1400 3345 1699 3419 fortasse
1760 3349 2002 3438 cupiat
2057 3346 2242 3419 hane
2297 3349 2666 3418 materiam
2721 3345 2810 3416 de
2850 3343 3199 3417 Praelatis

515 3458 973 3533 inferioribus
1027 3460 1242 3529 latius
1317 3478 1401 3529 ac
1479 3461 1795 3549 penitius
1870 3477 2372 3549 recognoscere
2425 3460 2572 3530 sive
2626 3459 2809 3529 circa
2873 3457 3195 3545 modum,

515 3592 660 3664 quo
738 3571 1297 3641 iurisdictionem
1388 3577 1688 3659 possunt
1767 3572 2162 3660 acquirere,
2237 3571 2383 3642 sive
2439 3571 2621 3641 circa
2694 3568 3206 3640 iurisdictionis

515 3691 743 3766 actus,
804 3684 924 3772 qui
982 3683 1234 3753 iiszlem
1294 3684 1617 3771 permissi
1675 3684 1783 3753 vel
1839 3682 2176 3771 prohibiti
2231 3688 2426 3771 sunt,
2486 3683 2699 3752 adeat
2755 3682 2892 3750 iam
2952 3680 3208 3751 lauda-

513 3801 664 3867 tum
707 3793 989 3865 Petram
1029 3795 1119 3864 ad
1158 3795 1423 3865 dictam
1461 3793 1759 3865 Constit.
1797 3789 1918 3863 IV.
1962 3790 2229 3864 Callisti
2272 3790 2405 3865 111.
2448 3800 2623 3865 sect.
2657 3795 2728 3862 2.
2774 3811 2899 3882 per
2935 3797 3199 3878 totum;

515 3906 614 3976 ibi
667 3907 863 3976 enirn
916 3904 1370 3977 doctissimus
1424 3906 1539 3975 ille
1593 3904 1990 3975 Cardinalis
2049 3905 2394 3994 singulari
2433 3906 2802 3996 diligentia
2844 3922 3031 3976 more
3069 3923 3203 3976 suo

514 4017 923 4088 huiusmodi
979 4024 1483 4107 argumentum
1538 4017 1682 4106 agit
1738 4024 1809 4087 et
1864 4015 2181 4106 perbelle
2237 4023 2561 4088 exornat.

666 4150 701 4192 ι
745 4124 866 4198 IV.
928 4125 1282 4199 Numerus
1318 4130 1729 4213 civitatum,
1767 4128 2218 4217 oppidorum,
2277 4136 2400 4199 aut
2458 4128 2792 4212 locorum,
2852 4127 2972 4216 qui
3028 4124 3206 4216 Epi-

520 4265 557 4308 »
598 4242 947 4330 scopatni,
1016 4241 1691 4330 archiepiscopatui,
1751 4246 1874 4309 aut
1932 4236 2447 4310 patriarchatui
2486 4238 2789 4311 subiecti
2839 4245 3033 4311 sunt.

667 4375 704 4418 »
748 4347 829 4419 V.
892 4353 1137 4423 Status
1189 4353 1646 4438 cathedralis,
1692 4351 2308 4441 metropolitanae,
2368 4358 2492 4422 aut
2533 4351 3030 4441 patriarchalis
3084 4369 3206 4420 ec-

523 4490 561 4527 »
603 4463 888 4550 clesiae,
949 4482 1090 4533 una
1129 4483 1286 4534 eum
1343 4483 1639 4535 numero
1676 4465 2182 4534 canonicorum
2237 4468 2308 4533 et
2347 4463 2645 4533 aliorum
2684 4465 2967 4533 servitio
3006 4462 3204 4533 chori

522 4600 559 4642 ν
602 4573 1049 4644 addictorum
1083 4596 1101 4663 ;
1143 4583 1214 4646 et
1251 4594 1345 4645 an
1381 4583 1661 4646 erectae
1715 4574 1980 4647 suerint
2018 4575 2475 4663 praebendae
2514 4576 3069 4664 poenitentiaria
3128 4578 3204 4644 et

527 4711 564 4753 ι»
603 4685 1054 4777 theologalis.
