3497 5235
629 290 749 357 362
1381 289 1750 350 motioni·
1790 288 1844 348 8.
1872 288 2054 363 Oongr.
2081 287 2229 347 Ocno.
2268 288 2539 365 expetitio.

627 425 797 492 hunc
844 424 1180 490 instituere
1227 423 1488 489 omnino
1537 421 1755 500 debet,
1804 421 1857 489 si
1904 438 2096 488 nemo
2141 420 2249 499 sit,
2301 421 2412 507 qui
2462 431 2806 507 queratur3
2856 420 3044 486 aliter
3089 420 3250 499 enim,

626 528 720 594 uti
771 524 994 603 iudex,
1047 525 1111 591 in
1158 526 1407 613 patroni
1459 522 1767 591 iudicium
1814 523 2104 610 inquirit.
2157 523 2524 610 Appellatio
2571 523 2852 591 daturin
2885 522 3256 602 devolutivo,

626 630 677 696 si
728 628 1036 696 iudicium
1082 629 1333 714 patroni
1384 637 1448 694 et
1496 626 1795 714 Episcopi
1844 626 2270 702 concordant;
2321 626 2506 692 aliter
2567 626 2755 693 datur
2810 626 3017 692 solum
3078 623 3140 691 in
3175 646 3259 692 su-

628 732 951 821 spensivo.
989 768 1032 780 -
1077 733 1224 797 189.
1275 733 1347 797 111
1394 729 1813 817 praebendis,
1867 748 2030 814 quae
2079 727 2156 794 ad
2206 730 2402 795 instar
2460 727 2918 815 parochialium
2978 727 3134 793 laico
3174 746 3262 814 pa-

630 846 820 903 trono
864 832 1218 912 subiacent,
1268 842 1741 921 praesentatum
1774 853 1806 898 a
1838 842 2106 920 patrono
2154 832 2439 898 nominat
2472 832 2850 920 Episcopus„
2886 850 3006 897 nec
3037 831 3258 898 nonnisi

629 937 938 1005 idoneum
985 947 1315 1023 repertum
1362 934 1659 1002 admittit.
1697 971 1740 984 -
1786 935 1933 1002 190.
1986 934 2102 1012 Qui
2149 933 2203 999 si
2251 933 2558 1012 reiicitur,
2610 933 2688 1001 ad
2736 952 2978 1001 novum
3027 952 3263 1000 examen

629 1038 728 1106 bis
777 1052 954 1106 terve
1000 1047 1217 1126 potest
1263 1037 1611 1126 appellare,
1664 1037 1871 1104 donec
1916 1036 2093 1124 quasi
2142 1053 2264 1121 per
2310 1055 2449 1102 rem
2488 1036 2831 1103 iudicatam
2878 1035 2959 1102 de
3007 1036 3142 1102 eius
3169 1037 3265 1103 im·

628 1142 859 1233 peritia
905 1140 1293 1207 constiterit.
1345 1145 1407 1210 S.
1450 1143 1519 1207 C.
1561 1144 1756 1207 Cone.
1811 1137 2149 1226 aliquando
2198 1158 2439 1206 novum
2481 1158 2750 1205 examen
2784 1139 2849 1206 in
2882 1138 3052 1205 Urbe
3086 1138 3269 1205 indul-

625 1246 736 1323 sit,
785 1245 980 1311 modo
1026 1243 1311 1331 negavit,
1363 1243 1563 1308 veluti
1614 1241 1849 1308 iactum
1896 1251 1991 1309 est
2037 1241 2104 1309 in
2152 1241 2507 1331 Anagnina,
2559 1241 2739 1308 cuius
2784 1240 3084 1308 adiuncta
3127 1240 3269 1307 reie-

629 1358 886 1415 runtur.
921 1382 966 1396 -
1000 1350 1149 1413 191.
1202 1346 1526 1432 Theologo
1573 1364 1701 1412 11011
1731 1345 2112 1434 suffragatur
2142 1343 2508 1411 doctoratus
2541 1344 2607 1409 in
2641 1341 2783 1410 iure
2816 1345 3142 1420 canonico,
3172 1342 3268 1409 sed

630 1450 892 1516 omnino
939 1448 1290 1536 requiritur
1337 1446 1698 1515 doctoratus
1737 1448 1804 1513 in
1839 1448 2182 1536 theologia.
2220 1448 2415 1513 Multa
2446 1446 2860 1532 peculiariter
2891 1445 2973 1513 de
3009 1445 3272 1532 theologi

629 1550 834 1618 officio
868 1552 1173 1637 explicata
1205 1551 1509 1637 leguntur
1540 1551 1604 1616 in
1634 1570 1815 1616 causa
1848 1551 2172 1628 Gasalen„
2203 1569 2367 1637 quae
2397 1548 2720 1616 referetur
2748 1549 2815 1614 in
2838 1552 2936 1614 111.
2968 1548 3274 1615 volumine

624 1652 816 1719 huius
863 1653 1075 1740 operis
1104 1652 1222 1719 sub
1253 1672 1434 1719 num.
1467 1655 1574 1719 29.
1606 1690 1649 1702 -
1685 1653 1834 1719 192.
1890 1652 1955 1722 Si
2004 1672 2083 1719 ex
2118 1653 2401 1742 legitima
2449 1650 2912 1718 consuetudine
2961 1649 3277 1717 inductum

628 1753 852 1832 fuerit,
886 1767 958 1821 ut
1006 1754 1342 1845 theologus
1374 1755 1798 1823 conscientiae
1830 1774 2005 1822 casus
2038 1755 2247 1841 legat,
2281 1773 2399 1821 seu
2430 1755 2735 1820 moralem
2770 1751 3025 1831 doceat,
3079 1753 3277 1836 utique

632 1857 709 1923 ab
742 1857 1059 1946 Episcopo
1106 1858 1182 1924 ad
1220 1858 1285 1925 id
1317 1859 1508 1925 etiam
1554 1877 1672 1945 per
1719 1860 1987 1925 mulctas
2019 1857 2186 1945 adigi
2222 1869 2456 1944 potest.
2494 1854 2660 1925 Vide
2692 1866 2913 1942 postea
2944 1877 3020 1923 n.
3062 1854 3279 1921 470.-

636 1963 787 2027 193.
838 1961 1121 2048 ldipsum
1167 1962 1430 2040 accidit,
1479 1962 1530 2026 si
1581 1981 1660 2028 ex
1708 1962 1852 2047 lege
1902 1958 2292 2027 fundationis
2341 1958 2678 2045 theologus
2734 1969 2798 2026 et
2843 1977 3025 2024 casus
3080 1959 3275 2044 legere

632 2076 697 2130 et
741 2064 1122 2150 scripturam
1170 2065 1508 2151 explanare
1556 2063 1812 2130 debeat.
1872 2063 2034 2140 Quin
2090 2063 2220 2129 imo
2280 2066 2346 2130 S.
2394 2064 2466 2128 C.
2518 2066 2716 2129 Conc.
2769 2062 2834 2127 in
2895 2060 3277 2127 Bisarchien.

633 2165 1012 2252 approbavit
1072 2165 1407 2232 decretum
1464 2165 1802 2253 Episcopi,
1853 2167 1963 2252 qui
2018 2165 2427 2251 theologum,
2494 2166 2617 2231 iam
2670 2183 2749 2230 ex
2797 2162 3174 2230 fundatione
3212 2158 3277 2225 ad

631 2268 944 2334 moralem
990 2268 1386 2348 obstrictum,
1439 2268 1513 2334 ad
1564 2273 1627 2337 S.
1666 2268 2061 2355 Scripturam
2109 2267 2364 2334 insimul
2413 2265 2826 2356 obligandum
2877 2286 3016 2333 esse
3059 2267 3123 2333 in
3164 2265 3279 2333 edi-

638 2372 903 2438 ctalibus
950 2391 1289 2439 concursus
1338 2372 1536 2438 literis
1584 2372 1895 2439 edixerat.
1934 2376 2159 2439 -194,
2216 2371 2392 2438 Circa
2443 2373 2591 2449 loci,
2645 2372 2955 2457 temporis
3005 2378 3071 2436 et
3108 2371 3276 2436 horae

634 2472 1241 2541 determinationem
1284 2476 1581 2542 standum
1630 2486 1724 2541 est
1770 2474 2077 2560 prudenti
2112 2474 2411 2562 Episcopi
2446 2474 2731 2541 arbitrio.
2769 2511 2812 2523 -
2846 2477 2996 2540 195.
3032 2475 3161 2550 Qua
3190 2470 3280 2538 die

638 2576 973 2665 theologus
1021 2577 1216 2666 legit,
1268 2577 1360 2645 uti
1408 2597 1708 2667 praesens
1755 2577 2028 2645 habetur
2077 2577 2139 2644 in
2187 2576 2410 2656 choro,
2463 2587 2525 2643 et
2565 2574 3049 2644 distributiones
3099 2575 3277 2641 lucra·

633 2689 759 2745 tur.
797 2713 842 2728 -
877 2683 1022 2746 196.
1076 2681 1276 2768 quue
1321 2682 1514 2760 valet,
1552 2681 1794 2748 etiamsi
1828 2699 2015 2747 mane
2048 2690 2293 2747 tantum
2324 2681 2427 2746 vel
2461 2700 2604 2747 sero
2637 2682 2826 2767 legat.
2866 2716 2909 2729 -
2943 2682 3093 2745 197.
3132 2681 3285 2744 Neu·

630 2781 874 2867 tiquam
921 2802 1112 2861 vero,
1177 2784 1225 2848 si
1287 2785 1667 2851 Matutinum
1714 2794 1779 2851 et
1827 2784 2071 2850 Laudes
2128 2783 2234 2850 die
2283 2780 2694 2871 praecedenti
2757 2782 3211 2868 anticipentur.
3241 2814 3278 2825 —

638 2887 785 2950 198.
842 2884 1141 2952 Canonici
1189 2884 1671 2952 distributiones
1719 2885 2022 2972 theologo
2070 2904 2303 2973 negare
2349 2897 2720 2972 nequeunt,
2774 2885 3019 2952 etiamsi
3052 2883 3286 2949 adesset

634 2987 1031 3054 consuetudo
1078 2989 1412 3065 contraria,
1469 2989 1569 3054 vel
1617 2989 1770 3055 hora
1817 2999 1989 3054 certa
2038 2987 2227 3054 lectio
2273 2987 2600 3067 habeatur,
2639 2988 2738 3054 vel
2786 3006 3026 3074 paucae
3069 2984 3285 3052 sintin

634 3109 801 3158 anno
847 3091 1191 3169 lectioneS,
1242 3091 1346 3156 vel
1393 3107 1627 3175 parvus
1670 3088 2248 3157 sit-canonicorum
2297 3108 2627 3156 numerus.
2666 3127 2710 3140 -
2758 3091 2909 3156 199.
2960 3089 3118 3167 Quin
3161 3086 3283 3151 imo

630 3191 766 3271 die,
815 3214 938 3281 qua
986 3194 1144 3281 legit
1191 3193 1553 3281 theologus,
1605 3192 2089 3261 distributiones
2136 3193 2325 3259 etiam
2372 3192 2898 3260 extraordinarias
2945 3191 3283 3267 lucriiacit,

628 3294 825 3362 modo
871 3315 1002 3362 non
1052 3296 1258 3363 obstet
1306 3294 1739 3372 consuetud0,
1793 3297 1897 3362 vel
1941 3305 2287 3375 statutum,
2339 3297 2441 3362 vel
2486 3315 2666 3362 mens
2713 3292 3218 3382 disponentium.
3250 3328 3289 3340 -

631 3398 784 3465 200.
839 3398 1371 3464 poenitentiarius
1418 3397 1612 3464 debet
1663 3416 1799 3463 esse
1847 3398 2074 3464 doctor
2119 3399 2221 3464 vel
2271 3398 2632 3465 licentiatus
2681 3398 2746 3465 in
2794 3397 3139 3482 theologia,
3198 3393 3292 3461 vel

629 3498 771 3566 iure
820 3500 1148 3579 canonico,
1215 3510 1278 3565 et
1340 3519 1536 3566 annos
1585 3505 1668 3569 40
1716 3511 1925 3567 natus.
1994 3500 2171 3567 Circa
2233 3500 2803 3586 poenitentiarium
2861 3501 3129 3567 affertur
3189 3497 3292 3563 do·

632 3601 832 3668 ctrina
880 3603 1178 3668 Ferraris.
1234 3602 1342 3670 Sui
1391 3603 1675 3670 muneris
1722 3604 1787 3670 vi
1836 3613 2216 3690 potestatem
2250 3604 2440 3670 habet
2473 3603 2898 3671 confessiones
2933 3599 3294 3688 excipiendi

632 3705 725 3771 uti
772 3704 1105 3793 parochus.
1160 3705 1439 3784 Quilibet
1486 3716 1697 3792 potest
1748 3706 1805 3771 ei
1855 3705 2173 3783 confiteri,
2225 3717 2290 3773 et
2335 3706 2694 3773 satisfacere
2727 3718 3097 3794 praecepto.
3138 3708 3292 3769 Haec

632 3819 843 3873 autem
877 3807 1151 3894 intelligi
1187 3807 1426 3875 debent
1455 3808 1537 3875 de
1569 3808 1839 3875 subditis
1872 3808 2288 3888 dioecesanis,
2326 3808 2589 3875 minime
2620 3827 2778 3884 vero
2807 3827 3016 3885 secus,
3058 3804 3295 3872 etiamsi

631 3908 794 3976 adsit
838 3911 1255 3999 privilegium
1309 3910 1522 3979 Bullae
1570 3913 1933 3992 Cruciatae,
1991 3913 2094 3978 vel
2152 3912 2408 3979 licentia
2457 3912 2741 4001 parochi.
2780 3948 2825 3961 -
2871 3915 3024 3977 201.
3076 3909 3297 3976 Poeni-

629 4014 960 4080 tentiarius
1005 4032 1135 4079 11011
1183 4025 1393 4100 potest
1436 4034 1610 4082 suam
1658 4025 2040 4103 potestatem
2085 4015 2385 4103 delegare
2432 4035 2648 4102 neque
2696 4016 2857 4082 circa
2892 4035 3063 4081 casus
3098 4031 3300 4079 reser-

628 4125 830 4195 vatoS,
882 4137 914 4181 a
960 4117 1193 4203 quibus
1239 4135 1359 4183 nec
1406 4117 1545 4204 ipse
1593 4128 1806 4203 potest
1853 4118 2185 4185 absolvere
2229 4119 2368 4185 sine
2398 4117 2656 4204 speciali
2691 4117 3126 4206 delegatione.
3163 4118 3298 4202 lpse

629 4228 890 4286 tenetur
939 4221 1218 4309 integras
1266 4219 1695 4286 confessiones
1741 4220 1991 4299 audire,
2045 4238 2175 4287 non
2209 4219 2376 4288 circa
2409 4241 2583 4288 casus
2622 4231 2977 4286 reservatos
3024 4228 3296 4284 tantum.

627 4323 832 4389 Debet
878 4322 1122 4390 adstare
1170 4323 1237 4390 in
1285 4322 1727 4390 confessionali
1780 4322 1969 4390 etiam
2016 4342 2146 4391 non
2192 4334 2451 4400 ‚vocatus
2497 4323 2725 4391 diebus
2778 4318 3303 4389 solemnioribus.

628 4427 769 4491 Non
817 4422 1010 4491 debet
1061 4437 1283 4493 tenere
1331 4426 1396 4493 in
1441 4445 1631 4493 manu
1677 4426 1961 4513 virgam,
2011 4427 2062 4492 si
2112 4448 2261 4494 usus
2307 4446 2437 4494 11011
2483 4425 2685 4494 adest.
2755 4427 2820 4495 Si
2869 4427 3098 4494 desunt
3150 4440 3307 4508 poe-

628 4526 945 4604 nitentes,
996 4547 1127 4594 non
1177 4538 1387 4615 potest
1434 4529 1574 4615 cogi
1632 4527 1710 4593 ad
1761 4527 2178 4596 assistendum
2236 4530 2301 4596 in
2349 4528 2813 4598 confessionali.
2867 4565 2909 4577 -
2955 4529 3106 4595 202.
3168 4525 3314 4590 Non

632 4634 846 4711 potest
891 4628 1033 4713 cogi
1083 4628 1160 4695 ad
1206 4630 1514 4696 maiorem
1563 4627 1999 4705 residentiam,
2051 4630 2402 4699 dummodo
2450 4651 2579 4699 11011
2626 4631 2785 4698 absit
2833 4631 2899 4696 in
2947 4626 3182 4696 diebus
3213 4642 3312 4690 so·
