3497 5235
557 292 679 365 0⁸1».
704 291 773 346 Π.
812 291 885 348 Do
922 290 1182 363 Epiacum,
1223 289 1629 362 Archiopinoopo,
1669 291 1896 347 Primtto
1938 290 1993 347 ot
2033 291 2355 349 Patria-eh.
2397 295 2451 367 ξ.
2479 294 2529 350 3.
2758 292 2875 353 217

261 437 424 501 retur
471 428 838 518 patrinus,
912 431 981 496 et
1052 442 1197 493 una
1255 424 1507 492 mulier
1575 442 1701 514 pro
1772 423 2105 493 omnibus
2169 424 2451 496 feminis
2531 427 2879 498 matrinae

256 558 510 610 munere
566 539 1006 628 [ungeretur.
1053 530 1229 605 Inde
1287 552 1450 605 vero
1509 534 1755 621 siebat,
1798 542 1875 605 ut
1933 536 2052 606 lilii
2109 537 2515 625 spirituales
2565 556 2758 623 suos,
2804 543 2882 608 ut

253 653 625 741 plurimum,
687 651 1093 739 ignorarent
1151 647 1524 737 patrinoS,
1591 648 1854 737 patrini
1910 648 2091 718 filios
2143 648 2578 737 spirituales.
2647 647 2881 731 Quare

253 763 456 853 plures
508 761 699 830 illius
753 759 1095 830 dioecesis
1151 758 1423 829 incolae
1479 756 1550 828 S.
1617 756 2248 848 Congregationem
2305 770 2742 848 exorarunt,
2802 769 2881 833 ut

254 872 324 944 de
359 870 750 942 huiusmodi
793 889 925 939 usu
966 869 1139 958 quid
1179 870 1635 941 sentiendum
1676 877 1890 955 esset,
1922 889 2045 959 pro
2084 891 2210 941 sua
2249 862 2603 962 sapientia
2642 874 2883 945 decer-

254 992 446 1055 neret.
483 982 842 1072 Proposito
881 984 1124 1071 itaque
1154 981 1401 1052 dubio:
1439 1005 1475 1045 ι
1499 980 1604 1052 An
1643 990 1710 1053 et
1750 982 2101 1070 quomodo
2131 983 2546 1074 probandus
2581 986 2673 1055 sit
2711 1006 2880 1056 usus

255 1122 282 1163 ›
317 1093 689 1165 fesulanae
744 1093 1090 1165 dioecesis
1143 1095 1211 1163 in
1266 1088 1478 1164 casu?
1535 1119 1572 1160 »
1632 1096 2024 1183 rescripsit:
2072 1118 2107 1158 «
2160 1091 2311 1164 Non
2365 1114 2517 1166 esse
2572 1096 2886 1185 proban-

255 1233 282 1274 »
314 1208 493 1296 dum,
535 1208 658 1278 sed
713 1207 1167 1277 tolerandum
1226 1206 1297 1277 in
1336 1224 1503 1275 casu
1543 1207 1993 1276 necessitatis
2033 1206 2123 1277 ab
2163 1203 2514 1297 Episcopo
2560 1207 2886 1277 iudican-

254 1344 282 1386 ›
314 1321 431 1390 dae
460 1320 547 1389 ad
581 1318 882 1388 formam
913 1316 1347 1387 pontificalis
1377 1313 1709 1386 Romani.
1739 1341 1776 1382 ›
1803 1313 2188 1407 (Fesulana
2225 1318 2337 1385 12.
2378 1314 2514 1387 Iul.
2548 1316 2793 1404 1825).

374 1431 526 1501 146.
569 1430 921 1511 Quoniam
957 1427 1167 1500 Conc.
1213 1426 1404 1500 Trid.
1452 1431 1628 1499 Sess.
1669 1427 1793 1500 23.
1831 1447 1987 1517 cap.
2021 1429 2093 1499 4.
2137 1429 2219 1500 de
2257 1429 2565 1518 Reform.
2600 1429 2880 1516 statuit,

252 1542 442 1630 prima
500 1550 791 1612 tonsura
847 1559 987 1611 non
1040 1558 1194 1611 esse
1252 1540 1665 1627 initiandos,
1724 1542 1844 1628 qui
1904 1537 2443 1611 Sacramentum
2498 1537 2887 1610 Confirma-

253 1654 432 1724 tionis
484 1672 626 1723 non
664 1670 935 1741 recepes
961 1653 1091 1737 int,
1135 1652 1352 1722 veluti
1409 1671 1533 1741 pro
1568 1652 1902 1723 coronide
1941 1651 2155 1722 huius
2193 1652 2466 1723 articuli
2524 1653 2885 1722 afferimus

252 1766 767 1838 declarationem
824 1766 895 1834 S.
938 1761 1011 1833 C.
1055 1764 1346 1834 Concilii
1404 1766 1472 1833 in
1513 1766 1930 1855 Auqustana
1983 1764 2105 1833 27.
2149 1766 2344 1853 Sept.
2386 1765 2633 1850 1601.,
2676 1769 2884 1852 prout

252 1879 429 1949 relert
462 1876 731 1949 Girald.
779 1879 892 1949 Ius
934 1881 1145 1950 Pont.
1194 1880 1277 1948 P.
1317 1878 1410 1948 ΙΙ.
1444 1884 1609 1949 sect.
1644 1877 1763 1950 91.
1813 1900 1850 1941 ε
1895 1878 1960 1947 1.
2003 1875 2407 1966 Quaeritur,
2450 1897 2537 1948 an
2581 1880 2879 1970 primam

254 2002 666 2061 »tonsuram
720 1996 789 2061 et
844 1997 1152 2078 quatuor
1203 1986 1504 2059 Ordines
1560 1990 1867 2058 minores
1923 1988 2104 2058 male
2157 1989 2265 2058 vel
2307 2007 2430 2078 per
2467 1990 2727 2059 saltum
2766 2007 2886 2058 su-

254 2128 283 2165 »
318 2104 606 2192 saepisse
659 2102 968 2187 dicatur,
1011 2101 1132 2189 qui
1189 2098 1646 2171 Sacramento
1700 2098 2273 2170 Consu-[nationis
2307 2101 2531 2170 solum
2592 2107 2746 2188 post
2801 2100 2886 2169 il-

255 2239 283 2277 »
319 2214 407 2283 los
453 2218 822 2302 susceptos
863 2211 1072 2283 luerit
1130 2207 1565 2302 perunctus?
1604 2214 1675 2281 2.
1719 2210 2121 2296 Quaeritur,
2164 2232 2255 2281 an
2292 2213 2507 2299 idem,
2552 2219 2630 2283 ut
2668 2231 2884 2301 supra

255 2325 667 2395 »ordinatus
721 2331 791 2394 et
846 2326 1168 2412 provisus
1203 2326 1290 2394 de
1343 2324 1789 2414 simplicibus
1842 2323 2209 2395 beneficiis
2247 2332 2413 2395 ante
2468 2326 2886 2394 Sacramen-

251 2460 283 2499 ν
319 2441 449 2505 tum
487 2434 1088 2520 Confirmationis,
1151 2436 1459 2525 legitime
1513 2436 1702 2505 dicta
1743 2436 2087 2506 beneficia
2146 2436 2628 2524 acquisiverit,
2672 2437 2770 2507 ita
2808 2441 2887 2506 ut

257 2572 287 2611 ι
323 2548 502 2616 nulla
574 2547 892 2636 indigeat
958 2565 1136 2615 nova
1194 2542 1638 2636 provisione?
1694 2547 1765 2617 3.
1826 2546 1928 2617 An
1989 2547 2173 2617 idem
2230 2548 2451 2638 possit
2504 2548 2595 2617 ad
2649 2565 2886 2632 sacros

250 2684 283 2722 »
319 2655 605 2729 Ordines
633 2660 1058 2742 ascendere,
1106 2659 1299 2727 nulla
1343 2660 1561 2748 petita
1610 2658 2059 2730 absolutione
2096 2659 2201 2729 vel
2242 2656 2818 2750 dispensatione?
2845 2684 2882 2726 »

244 2769 311 2839 S.
346 2769 411 2840 C.
451 2771 863 2859 respondit:
908 2792 943 2834 ε
993 2770 1088 2839 Ao
1126 2772 1477 2861 primum:
1536 2767 1708 2840 Esse
1769 2770 1948 2841 male
2004 2777 2447 2859 promotum3
2491 2771 2581 2840 ad
2635 2788 2889 2840 secun-

245 2905 279 2944 »
319 2883 516 2952 dum:
561 2879 794 2952 Minus
832 2882 1144 2971 legitime
1182 2882 1669 2971 acquisivisse,
1713 2889 1929 2971 atque
1968 2901 2173 2972 egere
2213 2902 2393 2952 nova
2436 2883 2880 2971 provisionet,

243 3017 276 3056 ι
317 2994 398 3063 ad
447 2997 782 3065 tertium:
841 2990 994 3064 Non
1051 3011 1283 3083 posse,
1331 2993 1461 3063 nisi
1514 2995 1804 3084 praevia
1859 2991 2063 3064 Sedis
2118 2993 2557 3082 Apostolicae
2597 2992 2888 3081 dispen-

245 3127 277 3167 ›
315 3107 581 3176 satione
634 3101 773 3198 (1).
819 3131 855 3170 ›

384 3217 541 3286 147.
600 3213 755 3287 Non
813 3216 1228 3307 prohibetur
1283 3222 1520 3288 tamen
1595 3217 1757 3305 quis
1824 3221 1971 3286 tam
2044 3217 2268 3305 prima
2321 3223 2614 3287 tonsura
2670 3234 2887 3305 quam

231 3323 611 3398 Ordinibus
667 3329 960 3416 initiari,
1017 3331 1073 3398 si
1132 3330 1204 3398 in
1263 3328 1591 3398 manibus
1645 3325 2002 3398 Ordinarii
2059 3329 2537 3398 iuramentum
2588 3327 2890 3418 praesti-

226 3440 417 3522 terit,
456 3458 530 3510 se
585 3442 983 3526 reminisci,
1043 3441 1380 3511 collatum
1433 3439 1567 3509 sibi
1623 3438 1840 3508 fuisse
1894 3439 2432 3509 Sacramentum
2503 3437 2889 3508 Confirma-

225 3549 460 3636 tionis,
505 3558 579 3622 ut
634 3551 885 3622 eadem
941 3550 1012 3622 S.
1075 3550 1145 3621 C.
1205 3553 1590 3622 declaravit
1645 3552 1713 3620 in
1773 3551 2253 3620 Interamnen.
2317 3552 2386 3621 6.
2445 3547 2611 3620 Maii
2668 3549 2880 3619 1617.

222 3657 526 3753 (Girald.
570 3663 701 3733 loc.
746 3663 933 3755 cit.).

371 3770 530 3844 Post
584 3776 852 3845 editam
907 3771 1496 3845 Innocentianam
1553 3780 1838 3859 taxam,
1889 3773 1946 3844 si
2000 3773 2395 3864 Episcopus
2448 3773 2539 3843 ad
2596 3772 2886 3862 aliquod

208 3901 393 3953 suae
448 3884 790 3956 dioecesis
825 3886 1166 3974 oppidum
1220 3904 1375 3955 sese
1429 3884 1746 3957 conserat
1800 3905 2079 3958 sacrum
2121 3886 2424 3957 chrisma
2464 3884 2881 3971 collaturuS‚

203 3998 815 4084 procurationem,
891 4004 1014 4066 aut
1085 3997 1297 4066 aliam
1353 4015 1881 4086 quamcumque
1946 3997 2502 4088 praestationem
2572 3997 2886 4085 recipere

339 4347 439 4424 (1)
483 4353 610 4404 Cum
650 4368 783 4416 ergo
823 4354 906 4402 ita
945 4352 1320 4403 declaraverit
1373 4354 1428 4406 S.
1470 4354 1530 4405 C.
1574 4353 1847 4414 concilii,
1892 4351 1981 4401 cui
2024 4352 2129 4401 soli
2170 4366 2202 4400 a
2242 4351 2484 4402 Summis
2520 4351 2891 4403 Pontificibus

189 4435 469 4487 sal-ultas
507 4437 917 4501 interpretandi
957 4436 1263 4488 Concilium
1316 4439 1537 4487 tributa
1576 4441 1696 4499 est,
1750 4434 2065 4497 corrigendi
2114 4437 2334 4485 omnino
2386 4437 2516 4485 sunt
2565 4437 2892 4489 canonistae

188 4521 617 4588 quamplurimi
668 4527 724 4572 et
778 4522 1022 4584 theologi
1074 4524 1383 4572 sentientes
1430 4522 1726 4572 initiatum
1780 4522 1957 4584 prima.
2006 4527 2268 4582 tonsura,
2326 4535 2434 4570 non
2472 4525 2689 4585 recepto
2738 4525 2891 4586 prius

187 4610 574 4661 sacramento
609 4608 1084 4670 confirmationis,
1133 4623 1348 4670 peecare
1387 4608 1625 4672 quidem,
1670 4606 1761 4656 sed
1806 4622 1911 4656 non
1952 4606 2292 4660 mortaliter,
2337 4606 2547 4657 nisiex
2573 4612 2893 4672 contemptu

181 4694 341 4747 illud
385 4693 652 4758 omittat,
695 4694 912 4744 nullam
951 4697 1139 4743 tamen
1177 4694 1462 4743 incurrere
1502 4707 1791 4742 censuram
1828 4689 2110 4760 (Gir-aldi
2151 4690 2193 4740 l.
2222 4683 2317 4759 c.).
