3497 5235
1084 287 1206 390 Osp.
1232 290 1328 347 m.
1366 290 1439 347 Do
1480 289 1614 348 clero
1654 289 1926 349 monlsri.
1968 293 2020 367 ξ.
2049 291 2099 348 7.
2809 289 2918 354 40¹

250 441 416 497 vere
466 423 887 516 parochum,
944 424 1069 514 qui
1121 423 1570 495 matrimonio
1622 423 1979 512 adfuerat,
2038 424 2167 496 sed
2216 423 2574 496 hominem
2629 423 2922 513 laicum,

249 539 373 629 qui
428 537 721 629 parochi
773 555 1152 628 personam
1207 538 1693 610 simulaverat.
1751 535 2180 627 Ceteroquin
2233 539 2309 609 in
2342 537 2524 609 libro
2562 538 2929 609 matrimo-

250 651 533 722 niorum
587 648 1140 739 descriptionem
1176 648 1584 720 huiusmodi
1620 648 2054 720 matrimonii
2092 648 2325 723 facere
2363 649 2717 741 parochus
2749 648 2929 721 omi-

250 767 472 834 serat.
530 758 754 835 Causa
809 759 902 831 ad
943 761 1218 832 curiam
1252 756 1930 849 archiepiscopalem
1968 759 2237 848 delata,
2278 760 2369 832 de
2405 760 2736 833 nullitate
2775 779 2927 832 ma-

246 873 569 947 trimonii
622 878 950 945 constare
1003 872 1216 943 iudex
1254 871 1774 961 pronuntiavit.
1820 870 2313 962 Appellatione
2349 871 2440 943 ad
2480 869 2551 943 S.
2588 868 2663 944 C.
2704 870 2917 944 Conc.

248 986 652 1073 interiecta,
710 981 867 1055 Emi
917 981 1166 1055 Patres
1217 984 1443 1073 primo
1495 1002 1579 1054 ac
1631 983 1947 1054 secundo
1999 1001 2215 1055 causa
2271 984 2660 1074 proposita,
2700 989 2925 1056 testes

250 1097 641 1189 productos
693 1095 1107 1187 diligentius
1157 1094 1396 1167 excuti
1432 1093 1820 1166 iusserunt:
1865 1111 2005 1183 quo
2043 1100 2327 1183 peracto
2375 1095 2730 1184 examine,
2774 1114 2920 1167 non

249 1209 427 1280 satis
478 1212 807 1281 constare
855 1205 947 1277 de
983 1205 1433 1277 matrimonio
1468 1205 1906 1294 iudicarunt3
1946 1211 2046 1295 at,
2090 1211 2347 1294 quarto
2384 1223 2599 1277 causa
2644 1207 2721 1277 in
2757 1224 2926 1277 con-

247 1320 710 1392 sultationem
763 1325 1041 1406 vocata,
1098 1316 1580 1390 definiverunt
1633 1315 1988 1407 absolute,
2045 1336 2192 1388 non
2244 1324 2572 1391 constare
2624 1317 2715 1389 de
2768 1337 2921 1389 ma-

241 1430 563 1503 trimonii
617 1429 946 1502 nullitate
998 1447 1086 1501 ex
1139 1448 1248 1515 eo,
1306 1429 1500 1518 quod
1551 1434 1977 1520 argumenta
2031 1470 2073 1498 a
2125 1424 2385 1520 Ioseph
2437 1447 2565 1520 pro
2626 1427 2922 1500 simula-

242 1542 440 1614 tione
491 1540 864 1633 probanda
920 1539 994 1611 in
1050 1541 1364 1612 medium
1431 1539 1708 1630 prolata
1778 1558 1922 1611 non
1976 1541 2150 1612 satis
2201 1539 2469 1615 habere
2541 1542 2925 1615 soliditatis

242 1651 575 1725 arbitrati
629 1657 823 1741 sunt,
862 1659 943 1723 ut
996 1651 1234 1724 videre
1286 1659 1393 1724 est
1452 1671 1540 1723 ex
1591 1649 1850 1724 eadem
1903 1669 2118 1724 causa
2183 1652 2300 1726 die
2353 1656 2424 1726 5.
2468 1649 2657 1726 Iunii
2700 1654 2918 1726 1847.

249 1765 482 1856 Atque
520 1761 810 1856 (posito,
852 1763 1045 1853 quod
1082 1764 1228 1852 ille,
1269 1764 1393 1853 qui
1431 1763 1882 1835 matrimonio
1920 1764 2325 1855 adstiterat,
2367 1765 2720 1856 parochus
2757 1784 2920 1838 vere

243 1877 529 1965 fuisset,
587 1877 821 1967 prouti
875 1893 1125 1966 reapse
1177 1876 1488 1966 positum
1539 1869 1717 1969 fuit)
1793 1880 1941 1946 tam
1992 1876 2314 1948 diutinae
2368 1877 2475 1949 liti
2529 1878 2726 1950 locus
2778 1896 2926 1950 non

244 1990 531 2077 fuisset,
574 2006 758 2078 quae
813 1994 916 2061 tot
966 1987 1302 2078 expensis
1353 2005 1641 2058 causam
1696 1986 1922 2075 dedit,
1965 2005 2049 2059 ac
2104 1987 2175 2059 in
2228 1987 2611 2060 discrimen
2647 1989 2923 2061 vocavit

244 2103 494 2175 uxoris
547 2119 631 2173 ac
681 2099 809 2171 filii
863 2098 1215 2185 fortunas,
1254 2098 1313 2169 si
1365 2097 1717 2188 parochus
1770 2098 1958 2170 idem
2011 2099 2122 2170 sui
2185 2117 2451 2171 memor
2509 2099 2722 2172 officii
2776 2121 2927 2173 ma-

244 2214 662 2288 trimonium
716 2212 791 2282 in
845 2210 1025 2283 libro
1076 2209 1464 2302 parochiali
1517 2208 1923 2282 describere
1976 2227 2122 2281 non
2179 2211 2556 2283 omisisset.

395 2323 568 2397 256.
627 2319 698 2393 Si
751 2321 1144 2412 aliquando
1180 2322 1574 2411 contingat,
1617 2326 1695 2392 ut
1733 2319 2263 2392 matrimonium
2300 2323 2683 2411 occultum,
2727 2323 2921 2413 quod

245 2437 461 2509 aiunt
509 2434 1010 2514 conscientiae,
1046 2433 1555 2505 celebrandurn
1591 2433 1709 2522 sit,
1751 2433 2123 2507 cautiones
2157 2453 2407 2507 omnes
2444 2436 2925 2509 conditiones-

240 2567 391 2642 que
443 2548 711 2620 servari
761 2546 1055 2635 debent,
1099 2564 1281 2637 quas
1315 2550 1643 2620 accurate
1696 2545 1934 2617 innuit
1987 2542 2259 2617 Bened.
2299 2543 2493 2617 XIV.
2545 2549 2619 2621 in
2665 2544 2924 2622 Literis

242 2662 322 2735 in
381 2660 608 2733 forma
684 2656 928 2732 Brevis
1003 2659 1096 2731 ad
1172 2676 1419 2731 omnes
1486 2654 1878 2749 Episcopos
1953 2657 2144 2729 datis
2206 2659 2422 2751 incip.
2489 2661 2683 2734 Satis
2736 2661 2925 2734 vobis

248 2773 374 2843 17.
415 2768 593 2843 Nov.
638 2770 854 2843 1741.
894 2768 1095 2852 Quod
1130 2788 1294 2842 vero
1331 2771 1653 2843 eiusdem
1689 2771 2240 2863 descriptionem
2277 2776 2592 2866 respicit,
2633 2792 2923 2865 prorsus

240 2883 788 2956 adhaerendum
841 2888 950 2954 est
999 2882 1112 2971 iis,
1171 2898 1358 2972 quae
1431 2883 1582 2974 ipse
1651 2883 2074 2973 praescribit
2129 2885 2204 2955 in
2257 2885 2510 2956 eadem
2561 2882 2923 2957 Constitu-

240 2996 444 3070 tione
483 2995 573 3066 ad
608 2992 683 3089 ἓ.
723 2995 837 3066 10.
874 2993 975 3066 ibi
1031 3016 1068 3060 ‹
1100 2994 1458 3067 celebrato
1495 3003 1734 3067 autem
1774 2995 2256 3085 matrimonio,
2300 2996 2599 3068 indilate
2637 3014 2678 3064 a
2715 3014 2924 3086 paro-

243 3133 285 3177 »
346 3107 510 3194 cho,
567 3105 680 3178 vel
731 3105 870 3176 alio
907 3106 1298 3195 sacerdote,
1342 3123 1576 3178 coram
1615 3123 1759 3194 quo
1795 3106 2053 3178 initum
2092 3112 2225 3196 est,
2278 3107 2705 3181 exhibeatur
2755 3104 2925 3198 Epi-

242 3243 285 3289 >
341 3235 560 3306 scopo
613 3217 804 3288 illius
856 3218 1197 3307 scriptum
1251 3218 1758 3290 documentum
1814 3235 1979 3288 cum
2031 3225 2203 3291 nota
2254 3219 2387 3292 loci
2443 3239 2526 3292 ac
2577 3220 2923 3311 temporis

240 3356 282 3400 ν
339 3331 809 3418 testiumque,
853 3330 975 3417 qui
1027 3329 1488 3402 celebrationi
1539 3328 2043 3402 interfuerunt.
2105 3326 2435 3403 Vestrum
2490 3333 2623 3405 erit
2675 3337 2926 3422 postea

241 3467 282 3510 ι
341 3441 728 3531 diligenter
779 3440 1219 3531 incumbere,
1261 3441 1452 3531 quod
1506 3440 1599 3512 ad
1653 3458 2044 3532 perennem
2089 3449 2330 3534 gestae
2368 3444 2470 3516 rei
2506 3439 2923 3516 memoriam

239 3577 282 3623 ›
339 3551 746 3644 praefatum
801 3551 1310 3625 documentum
1360 3552 1667 3624 fideliter
1717 3552 2243 3624 transcribatur
2296 3556 2369 3626 in
2415 3554 2596 3628 libro
2635 3573 2925 3646 prorsus

242 3689 284 3733 ν
343 3663 688 3736 distincto
740 3662 831 3734 ab
885 3663 1135 3752 altero,
1178 3664 1251 3736 in
1305 3682 1445 3754 quo
1498 3664 1950 3737 matrimonia
2025 3664 2312 3755 publice
2383 3673 2746 3739 contracta
2802 3664 2930 3736 ad-

243 3799 286 3845 >
343 3780 717 3846 notantur.
775 3771 1199 3846 Huiusmodi
1268 3774 1450 3848 liber
1514 3794 1643 3868 pro
1695 3776 2169 3848 matrimoniis
2238 3779 2529 3851 secretis
2600 3776 2929 3869 apposite

242 3913 284 3957 ν
345 3892 806 3977 compactuS,
861 3886 1150 3958 clausus
1202 3893 1274 3959 et
1325 3888 1574 3980 sigillis
1626 3888 2051 3980 obsignatus
2122 3889 2195 3959 in
2248 3896 2485 3962 vestra
2538 3886 2929 3980 episcopali

239 4023 284 4068 ιι
341 3998 778 4071 cancellaria
832 4004 1038 4070 caute
1091 3999 1223 4070 erit
1274 4001 1829 4073 custodiendus:
1887 4005 1958 4073 et
2017 4019 2099 4073 eo
2160 4007 2440 4074 tantum
2513 4020 2683 4073 casu
2754 3997 2931 4070 resi-

239 4135 284 4180 »
345 4111 557 4202 gnari
607 4116 679 4182 et
730 4111 1015 4201 aperiri,
1074 4119 1310 4183 vestra
1363 4112 1752 4185 accedente
1806 4112 2125 4199 licentia,
2167 4112 2569 4202 patiemini,
2608 4128 2749 4200 quo
2786 4109 2930 4180 alia

237 4247 282 4293 >
342 4222 419 4294 id
475 4240 700 4313 genus
756 4221 1207 4294 matrimonia
1258 4223 1565 4297 describi
1615 4229 1969 4317 oporteat,
2029 4222 2140 4294 vel
2179 4223 2252 4294 id
2288 4222 2428 4294 sibi
2467 4223 2786 4294 vindicet
2820 4222 2931 4292 iu-

237 4357 282 4403 >
342 4333 588 4404 stitiae
641 4332 1251 4406 administrandae
1314 4323 1744 4423 necessitas,
1803 4333 1916 4406 vel
1990 4335 2278 4406 demum
2348 4334 2640 4423 aliquod
2710 4333 2928 4405 docu-

235 4470 282 4516 ›
342 4449 669 4516 mentum
740 4443 831 4515 ab
899 4462 982 4516 eo
1051 4454 1441 4536 exposcant
1506 4466 1756 4520 verum
1816 4448 2160 4518 interesse
2223 4446 2604 4535 habenteS,
2663 4445 2929 4535 quibus

234 4582 283 4627 ι
343 4555 854 4648 probationum
906 4556 1197 4629 aliunde
1246 4559 1724 4649 petendarum
1781 4575 1924 4629 non
1988 4558 2306 4650 suppetit
2376 4558 2622 4651 copia:
2678 4556 2926 4628 sedulo

234 4693 285 4739 ›
342 4675 594 4742 tamen
647 4667 1329 4760 animadvertenteS,
1371 4671 1593 4762 quod,
1644 4690 1721 4746 re
1775 4670 2133 4760 absoluta,
2175 4671 2411 4766 denuo
2447 4669 2822 4744 claudatur
2855 4673 2927 4743 et

470 4821 657 4876 Lutum,
690 4819 828 4870 Vicit.
855 4819 997 4873 Sacr.
1030 4819 1168 4876 Lim..
1195 4819 1314 4867 edit.
1345 4819 1437 4867 111.
1473 4820 1572 4871 Vol.
1600 4822 1642 4870 Ι.
2656 4819 2713 4864 2⁶
