3497 5235
558 300 675 363 49ss
1312 303 1680 361 motioni·
1720 301 1776 358 Β.
1803 300 1986 374 Oongr.
2014 300 2160 358 Ocno.
2200 300 2470 375 expetitio.

559 462 595 506 >
638 438 857 510 litano
910 433 1121 509 Sacra
1176 432 1452 507 Limina
1508 436 1826 508 visitanti
1881 436 2127 507 datum
2163 471 2213 487 -
2248 435 2339 506 ad
2394 435 2724 506 tertium:
2798 432 2985 505 facta
3041 433 3221 504 rela-

558 572 597 617 »
636 550 829 622 tione
882 545 1097 620 SSmo
1135 544 1216 617 D.
1256 544 1344 618 N.
1389 544 1678 618 Urbano
1715 543 1914 617 VIII.
1956 564 2170 637 super
2207 564 2423 618 causa
2461 541 2801 617 Leodien.
2842 543 2956 615 die
2994 545 3219 634 prima

555 686 593 730 ιι
634 661 952 733 eiusdem
1006 661 1077 730 in
1132 656 1206 730 S.
1248 656 1323 730 C.
1365 656 1578 731 Conc.
1622 659 1980 749 proposita
2034 665 2103 729 et
2140 658 2479 745 resoluta,
2521 654 2877 728 Sanctitas
2912 652 3053 726 Sua
3094 673 3219 746 ap-

558 798 594 839 »
637 770 965 862 probavit
998 771 1407 861 opinionem
1445 788 1717 857 eorum,
1759 770 1884 859 qui
1922 770 2223 840 maiores
2262 786 2555 840 numero
2596 767 2884 839 fuerunt
2920 768 2991 837 in
3030 774 3218 852 voto,

557 908 594 950 ›
635 883 950 970 clericOS,
1008 884 1223 953 etiam
1280 900 1421 954 non
1473 881 1828 953 habentes
1879 881 2224 970 requisita
2275 900 2434 971 cap.
2477 880 2548 953 6.
2594 882 2774 952 Sess.
2813 877 2939 952 23.
2972 878 3056 963 de
3094 879 3222 949 Re-

559 1017 596 1061 »
631 994 884 1086 form„
922 992 1084 1065 licet
1140 994 1270 1083 ipsi
1326 1001 1692 1082 tamquam
1748 996 2368 1064 contravenientes
2418 991 2847 1063 ordinationi
2887 987 2960 1061 S.
3002 986 3217 1061 Couc.

556 1131 595 1174 υ
635 1124 780 1176 non
832 1106 1107 1196 possint
1161 1122 1286 1195 pro
1337 1123 1413 1176 se
1470 1105 1781 1196 allegare
1834 1104 2278 1195 privilegium
2333 1103 2492 1191 fori,
2536 1103 3003 1174 nihilominus
3053 1100 3226 1172 sub-

557 1241 594 1285 »
632 1234 788 1290 esse
841 1216 1316 1288 iurisdictiorii
1368 1214 1909 1307 Episcoporum,
1967 1235 2093 1288 seu
2155 1212 2736 1303 ordinariorum,
2798 1214 3225 1302 illorumque

556 1352 595 1397 »
634 1328 1049 1419 cognitioni,
1088 1328 1353 1399 nedum
1408 1329 1480 1400 in
1533 1328 1795 1415 causiS,
1836 1329 1911 1398 in
1966 1326 2231 1416 quibus
2285 1327 2495 1399 iidem
2549 1324 2880 1417 Episcopi
2933 1342 3061 1396 seu
3099 1320 3228 1394 Or-

556 1463 593 1507 »
634 1440 896 1512 dinarii
946 1445 1499 1530 praevenerunt,
1564 1457 1807 1511 verum
1896 1440 2112 1510 etiam
2167 1440 2238 1509 in
2291 1438 2555 1528 quibus
2625 1457 2770 1510 non
2839 1453 3229 1527 praevene-

557 1576 596 1618 ι
633 1558 827 1639 runt,
866 1550 996 1621 sed
1051 1551 1206 1622 illos
1256 1568 1297 1621 e
1351 1549 1682 1622 manibus
1737 1549 1992 1621 iudicis
2044 1550 2203 1622 laici
2256 1557 2620 1641 repetunt,
2662 1548 2955 1639 quando
2991 1547 3225 1618 clerici

557 1688 596 1730 ι
637 1662 874 1734 adhuc
925 1662 1158 1734 clerici
1212 1669 1708 1752 permaneant,
1751 1662 2105 1750 videlicet,
2144 1662 2203 1734 si
2258 1681 2491 1752 neque
2544 1682 2583 1732 a
2639 1664 2819 1745 iure,
2861 1675 3098 1747 neque
3135 1656 3226 1728 ab

557 1798 596 1841 ν
630 1773 953 1862 homine,
995 1791 1121 1864 per
1175 1773 1757 1861 declarationem,
1798 1775 2097 1845 servatis
2148 1775 2549 1862 servandiS,
2607 1773 2897 1860 factam,
2940 1769 3230 1862 privile·

558 1911 597 1954 ν
641 1887 773 1979 giis
822 1885 1270 1959 clericalibus
1324 1886 1696 1974 denudati,
1738 1904 1861 1959 seu
1917 1886 2172 1977 privati
2227 1887 2397 1959 sint:
2454 1884 2604 1979 (die
2654 1888 2728 1957 9.
2778 1883 2956 1956 Nov.
3003 1883 3221 1953 1630.

557 2020 598 2065 »
637 1999 759 2070 lib.
805 1996 922 2070 Η.
964 1997 1221 2070 decret.
1253 2017 1424 2090 paq.
1458 1993 1695 2092 346).
1721 2034 1771 2050 -
1805 1995 1932 2068 Die
1968 2016 2157 2084 vei-0,
2201 2000 2653 2089 prosequitur
2690 1994 2959 2068 Bened.
2996 1990 3225 2080 XIV„

559 2134 597 2177 ιι
642 2109 710 2179 1.
760 2107 1051 2200 Augusti
1113 2109 1328 2179 1634.
1370 2109 1740 2181 occasione
1784 2111 2287 2199 propositionis
2325 2108 2554 2182 factae
2588 2109 2958 2181 relationis
2991 2113 3226 2178 status

558 2246 598 2290 »
639 2219 981 2293 ecclesiae
1032 2216 1571 2310 Neapolitanae,
1638 2215 1996 2293 Sanctitas
2048 2218 2190 2293 Sua
2243 2220 2332 2292 ad
2387 2218 2886 2293 removendam
2940 2236 3229 2290 omnem

560 2357 599 2403 ›
639 2331 1132 2404 difficultatem
1187 2333 1420 2420 iussit,
1461 2332 1752 2404 omnino
1804 2331 2169 2404 observari
2213 2334 2700 2423 supradictam
2734 2332 3225 2422 opinionem.»

563 2439 886 2534 Idipsum
937 2442 1169 2515 fuerat
1205 2444 1710 2516 antecedenter
1743 2444 2156 2517 conclusum
2194 2445 2309 2517 die
2352 2446 2466 2516 18.
2499 2442 2667 2517 Dec.
2700 2444 2913 2515 1695.
2956 2436 3122 2539 (lib.
3148 2440 3222 2514 8.

556 2553 810 2626 decret.
858 2572 1028 2647 paq.
1075 2550 1320 2650 153),
1374 2555 1488 2629 die
1547 2556 1660 2628 12.
1705 2553 1895 2629 Iunii
1955 2557 2170 2629 1608.
2229 2548 2390 2652 (lib.
2432 2555 2506 2628 2.
2550 2555 2802 2628 decret.
2853 2573 3028 2648 paq.
3063 2547 3228 2646 35.)

556 2670 628 2738 ct
677 2665 794 2737 die
852 2665 966 2736 14.
1011 2661 1216 2739 Mart.
1264 2668 1475 2741 1620.
1516 2662 1681 2765 (lib.
1726 2668 1844 2742 42.
1887 2669 2140 2741 decret.
2174 2687 2346 2761 paq.
2387 2664 2581 2764 37).

704 2776 871 2848 435.
936 2801 973 2842 ‹
1012 2772 1212 2858 Quod
1268 2796 1428 2851 vero
1496 2781 1862 2871 speciatim
1936 2781 2196 2853 attinet
2262 2782 2354 2853 ad
2416 2781 2708 2852 clericos
2777 2779 3219 2869 coniugatoS,

558 2914 597 2959 »
638 2895 872 2962 exstat
905 2907 1327 2980 responsum
1364 2891 1683 2963 eiusdem
1720 2888 1794 2963 S.
1820 2888 1891 2962 C.
1920 2889 1993 2962 C.
2022 2893 2096 2962 in
2121 2892 2462 2966 Aletrina
2498 2891 2850 2963 iurisdict.
2890 2890 3006 2960 17.
3045 2885 3224 2958 Mar·

558 3026 597 3072 ›
638 3003 717 3073 tii
774 3001 1021 3090 1683„
1060 3004 1265 3075 cuius
1318 3002 1533 3075 verba
1604 3010 1814 3075 sunt:
1874 3000 1958 3075 ln
2015 3004 2419 3077 carceribus
2469 3001 2887 3074 ‘Frusinonis
2947 3001 3225 3074 detine-

557 3138 597 3181 »
641 3121 781 3202 tur,
822 3116 1112 3187 nomine
1163 3117 1402 3186 curiae
1454 3115 1875 3209 episcopalis
1931 3115 2318 3203 Alatrinae,
2379 3113 2782 3186 Dominicus
2833 3111 3218 3198 comneno,

557 3249 596 3293 ›
639 3226 934 3299 clericus
985 3228 1436 3320 coniugatus,
1477 3234 1558 3298 ut
1609 3234 2035 3318 praetensus
2083 3227 2444 3299 homicidii
2500 3246 2688 3300 reus.
2744 3226 2852 3314 At,
2895 3233 3226 3317 praeten-

555 3360 595 3405 ιν
635 3337 851 3410 dente
902 3338 1074 3410 fisco
1127 3340 1363 3410 curiae
1415 3339 1828 3427 saecularis,
1869 3347 2305 3412 carceratum
2360 3358 2513 3412 esse
2568 3340 2655 3411 ad
2725 3338 2915 3411 hanc
2987 3340 3228 3411 remit-

557 3449 932 3521 »tendum
1001 3458 1368 3540 tamquam
1422 3469 1567 3522 non
1618 3449 2005 3523 habentem
2060 3454 2402 3543 requisita
2456 3450 2529 3523 S.
2569 3449 2859 3527 Concilii
2912 3451 3006 3522 ad
3060 3451 3226 3522 effe-

557 3585 596 3628 »
639 3566 828 3632 ctum
885 3562 1240 3652 gaudendi
1294 3562 1660 3654 privilegio
1713 3561 1870 3651 fori,
1913 3566 2390 3635 controversia
2444 3564 2680 3636 delata
2719 3562 2852 3634 fuit
2896 3561 2990 3633 ad
3030 3559 3104 3632 S.
3145 3559 3217 3632 C.

557 3695 596 3738 υ
638 3668 1147 3762 Immunitatis,
1188 3693 1274 3746 ex
1329 3674 1528 3746 cuius
1581 3674 1866 3747 decreto
1903 3675 2397 3746 resolvendum
2438 3676 2853 3767 proponitur
2890 3673 3218 3746 dubium:

556 3806 596 3850 »
639 3782 774 3870 An,
815 3786 1321 3874 praeveniente
1372 3783 1753 3877 Episcopo,
1793 3787 1904 3857 vel
1945 3787 2222 3858 volente
2264 3787 2622 3860 vindicare
2659 3787 3025 3874 clericum,
3069 3805 3226 3877 pos-

557 3916 597 3960 »
637 3893 756 3981 sit,
800 3895 962 3967 licet
1014 3915 1156 3968 non
1195 3896 1460 3968 habeat
1495 3898 1868 3987 requisita,
1909 3894 1980 3968 S.
2024 3896 2271 3989 Congr.
2317 3899 2709 3989 respondit:
2754 3897 3215 3969 Affirmative.

702 4005 871 4076 436.
934 4032 971 4074 ›
1019 4006 1545 4081 Advertendum
1597 4014 1836 4080 tamen
1892 4014 2025 4094 est,
2070 4028 2156 4081 ne
2212 4010 2506 4081 clericus
2561 4016 2957 4082 reassumat
3019 4009 3222 4080 habi-

556 4141 596 4184 »
635 4122 788 4189 tum
841 4121 911 4189 et
977 4125 1342 4190 tonsuram
1412 4119 1481 4192 in
1555 4118 1923 4191 fraudem:
1984 4121 2159 4191 alias
2227 4122 2672 4212 privilegium
2738 4120 2868 4192 fori
2944 4122 3008 4192 ei
3084 4137 3221 4191 non
3289 4121 3296 4128 '

557 4253 594 4295 ›
635 4228 1093 4320 suffragatur,
1136 4239 1212 4303 ut
1266 4233 1554 4322 saepius
1606 4232 1995 4305 declaravit
2041 4234 2287 4304 eadem
2326 4230 2398 4304 S.
2439 4230 2781 4324 Congreg.
2825 4240 2898 4305 et
2934 4234 3223 4322 signan-

554 4364 593 4410 ›
649 4347 757 4412 ter
806 4341 879 4412 in
935 4341 1277 4414 Nuscana
1333 4343 1448 4415 19.
1492 4342 1863 4417 Decemhr.
1912 4343 2124 4415 1584.
2166 4344 2492 4434 sequenti
2548 4342 2833 4415 decreto
2905 4343 3130 4414 relato
3181 4360 3221 4410 a

556 4476 594 4518 ι»
634 4451 927 4524 laudato
962 4450 1349 4526 Benedicto
1387 4455 1517 4528 loc.
1558 4457 1681 4527 cit.
1723 4475 1879 4547 cap.
1921 4454 1993 4528 3.
2039 4476 2112 4526 n.
2159 4455 2266 4529 1..·
2301 4493 2350 4509 -
2385 4454 2596 4527 Sacra
2634 4453 2892 4546 Congr.
2934 4471 3225 4545 respon-

556 4586 597 4632 »
635 4562 765 4651 dit,
806 4564 1137 4640 clericum
1188 4567 1677 4658 coniugatum,
1728 4569 1851 4657 qui
1911 4575 2068 4659 post
2119 4569 2485 4640 dimissum
2547 4568 2876 4640 habitum
2932 4575 3004 4640 et
3071 4575 3225 4639 ton-

559 4697 598 4743 »
639 4691 876 4745 suram
956 4677 1352 4752 clericalem
1430 4680 1760 4770 deliquit,
1834 4682 2160 4772 quamvis
2227 4700 2355 4773 pro
2421 4700 2504 4755 eo
2572 4681 2831 4755 delicto
2901 4682 2978 4753 in
3029 4679 3222 4753 curia
