3497 5235
593 302 711 375 ⁰⁸1³·
738 302 805 359 11.
846 304 916 359 Do
959 303 1223 377 Episcopo,
1263 301 1670 376 Archiopiaoopo,
1710 300 1937 359 Primtto
1978 300 2034 357 ot
2072 299 2395 356 Patr-istola.
2438 300 2490 372 g.
2517 298 2567 355 4.
2795 297 2908 357 221

409 437 561 508 151.
603 435 903 517 Quando
956 455 1120 507 vero
1201 437 1462 525 aliquis
1515 431 1912 526 Episcopus
1982 434 2476 507 dioecesanam
2549 430 2912 523 Synodum

292 570 412 622 sese
458 550 723 621 babere
804 569 945 620 non
1000 568 1207 641 posse
1262 549 1521 621 referat
1555 599 1575 635 ‚
1633 548 1772 619 nisi
1834 550 2033 639 prius
2084 568 2124 617 a
2178 566 2306 619 suo
2376 546 2915 635 Archiepiscopo

291 663 683 753 provinciale
736 660 1124 733 Concilium
1164 661 1602 734 celebratum
1641 660 1880 747 fuerit,
1930 660 2177 731 eadem
2233 659 2303 731 S.
2347 658 2421 730 C.
2467 660 2696 749 ipsum
2750 657 2917 728 hor-

289 782 469 858 tatur,
513 781 588 846 ut
646 774 1193 864 Arcbiepiscopo
1247 773 1477 846 eidem
1530 773 1952 863 obsequiose
1988 779 2348 863 suggerat,
2391 790 2480 844 ne
2533 772 2698 843 velit
2751 788 2916 862 pro-

289 885 626 956 vincialem
681 880 1306 975 Suffraganeorum
1358 890 1792 956 conventum
1841 884 2111 956 diutius
2162 884 2479 955 differre:
2537 884 2627 954 de
2680 889 2918 953 cetero

290 997 438 1068 enim
490 1014 941 1086 summopere
979 1003 1325 1089 praestat,
1376 1002 1454 1067 ut
1508 996 1684 1069 haec
1720 997 1791 1066 in
1848 1002 2295 1068 antecessum
2336 996 2564 1066 locum
2619 992 2913 1081 babeat,

292 1126 438 1197 quae
489 1107 913 1179 dioecesano
966 1108 1347 1179 conventui
1406 1109 1591 1178 viam
1645 1108 2168 1197 quodammodo
2221 1113 2520 1179 sternat.

408 1220 564 1290 152.
608 1216 810 1300 Quod
847 1221 906 1290 si
969 1218 1042 1289 S.
1084 1216 1158 1290 C.
1200 1225 1347 1290 tam
1386 1220 1762 1291 sollicitam
1804 1220 1874 1290 in
1916 1218 2231 1309 urgenda
2270 1218 2714 1308 Synodorum
2754 1232 2922 1285 con-

294 1334 619 1404 vocatione
655 1350 811 1404 sese
848 1333 1189 1415 ostendit,
1232 1340 1794 1403 consentaneum
1830 1339 1935 1405 est
1971 1333 2202 1404 officio
2240 1333 2709 1419 institutoque
2747 1346 2914 1414 suo;

293 1464 560 1534 namque
596 1464 658 1515 s,
703 1464 799 1515 m.
843 1447 1082 1517 Sixtus
1137 1441 1218 1515 V.
1265 1446 1337 1515 in
1373 1444 1670 1518 Constit.
1715 1446 2067 1517 Immensa
2104 1446 2275 1515 anni
2317 1444 2531 1513 1588.
2572 1440 2645 1536 ἓ.
2687 1443 2759 1512 2.
2819 1442 2921 1511 sic

295 1560 636 1648 praecipit:
702 1581 736 1622 α
778 1555 868 1628 Et
905 1559 1242 1647 quoniam
1300 1560 1550 1630 eodem
1587 1556 1895 1630 Concilio
1931 1556 2345 1630 Tridentino
2382 1558 2742 1628 decretum
2781 1559 2915 1639 est,

294 1670 655 1758 »synodos
711 1670 1178 1758 provinciales
1225 1672 1431 1742 tertio
1487 1689 1774 1759 quoque
1827 1690 2047 1756 arluc,
2105 1671 2565 1741 dioecesanas
2618 1666 2919 1757 singulis

292 1805 318 1847 ›
350 1782 539 1850 annis
602 1780 946 1851 celebrari
986 1781 1276 1867 debere,
1322 1784 1391 1853 id
1446 1783 1517 1852 in
1557 1784 2032 1854 exsecutionis
2073 1801 2278 1854 usum
2316 1782 2405 1853 ab
2460 1783 2571 1867 iiS,
2614 1795 2918 1868 quorum

289 1914 316 1958 ›
349 1892 655 1970 interest,
699 1892 937 1962 induci
977 1893 1225 1963 eadem
1282 1890 1744 1983 Congregatio
1782 1890 2024 1985 (Conc.
2068 1892 2461 1967 Tridentini
2518 1889 2792 1981 Interp.
2838 1906 2922 1959 ac

291 2025 320 2067 ›
355 1999 631 2093 vindex)
671 2002 1098 2092 providebit.
1137 2001 1676 2075 Provincialium
1718 2025 1908 2092 vero,
1944 2006 2175 2076 ubivis
2214 2014 2555 2079 terrarum
2604 2005 2767 2074 illae
2807 2019 2918 2072 ce-

290 2136 316 2178 »
350 2112 729 2196 lebrentur,
770 2114 1051 2184 decreta
1111 2115 1290 2185 mitti
1344 2115 1436 2185 ad
1472 2136 1547 2187 se
1600 2118 2019 2208 praecipiet,
2069 2135 2296 2207 eaque
2332 2118 2614 2209 singula
2653 2132 2922 2205 expen-

291 2247 320 2289 ›
351 2225 458 2294 det
509 2233 581 2295 et
641 2232 1118 2315 recognoscet.
1165 2249 1201 2292 ιι

410 2338 570 2406 153.
611 2333 949 2407 Extrema
1002 2336 1182 2408 haec
1233 2335 1552 2408 Sixtinae
1604 2338 2145 2412 Constitutionis
2197 2340 2413 2412 verba
2467 2340 2739 2411 aditum
2795 2355 2920 2428 pa-

288 2447 605 2520 tefaciunt
658 2446 1081 2537 disciplinae
1134 2448 1634 2537 declarandae,
1688 2470 1901 2540 quam
1957 2453 2280 2543 sequitur
2332 2450 2402 2524 S.
2462 2449 2535 2522 C.
2593 2450 2703 2536 C.,
2760 2466 2923 2522 cum

289 2567 421 2630 acta
472 2578 554 2630 ac
606 2559 893 2632 decreta
935 2556 1406 2649 Synodorum,
1466 2564 1612 2633 sive
1675 2564 2211 2656 provincialium
2265 2565 2412 2636 sive
2465 2564 2927 2638 dioecesana-

286 2690 447 2757 rum,
478 2671 952 2762 expendenda
989 2673 1217 2744 eidem
1256 2674 1700 2746 deferuntur.
1734 2674 1823 2747 Et
1861 2679 2085 2766 primo
2114 2679 2715 2769 praemittendum
2756 2695 2928 2748 cen-

285 2800 408 2865 sen,
446 2781 831 2856 nonnullos
883 2781 1465 2876 Archiepiscopos
1519 2789 1693 2858 illud
1750 2808 2063 2873 curasse,
2107 2797 2209 2876 ut,
2251 2797 2638 2879 antequam
2695 2786 2924 2878 Syno-

286 2896 343 2964 di
393 2896 760 2966 habendae
819 2897 1086 2969 veniret
1141 2899 1319 2985 dieS,
1380 2900 1728 2986 quasdam
1802 2902 2334 2991 praestituerint
2389 2902 2579 2990 leges
2632 2899 2703 2968 in
2757 2904 2923 2971 actu

286 3010 709 3095 synodalium
764 3010 1162 3079 sessionum
1213 3014 1630 3096 servandas,
1675 3031 1856 3100 quas
1910 3011 1982 3084 S.
2023 3012 2561 3104 Congregationi
2620 3029 2744 3100 pro
2800 3028 2927 3099 ap-

287 3121 681 3210 probatione
734 3123 1312 3193 transmiserunt.
1363 3121 1443 3195 At
1497 3143 1660 3195 vero
1698 3124 1771 3195 id
1827 3144 1969 3194 non
2020 3135 2125 3197 est
2164 3123 2677 3208 necessarium3
2738 3127 2918 3192 tam-

286 3233 394 3303 etsi
449 3231 516 3304 S.
559 3230 668 3319 C.,
711 3239 790 3304 ut
843 3233 1094 3304 iisdem
1153 3233 1717 3327 Arcbiepiscopis
1769 3256 1914 3308 rem
1972 3243 2243 3327 gratam
2296 3234 2585 3321 faceret,
2654 3239 2723 3305 et
2778 3251 2931 3302 ma-

285 3342 477 3416 iorem
531 3345 848 3415 animum
891 3352 1089 3415 tanto
1143 3347 1335 3437 operi
1392 3347 1825 3437 perficiendo
1862 3348 2224 3433 adiiceret,
2267 3347 2551 3418 easdem
2617 3346 2766 3416 suis
2803 3364 2930 3415 au-

284 3456 574 3530 ctoribus
629 3474 791 3526 cum
844 3455 1257 3544 aliquibus,
1322 3458 1381 3527 si
1434 3456 1613 3530 forte
1668 3478 1847 3551 opus
1900 3466 2130 3546 erant,
2189 3455 2927 3529 animadversionibus

283 3569 620 3641 remittere
674 3585 816 3638 non
873 3567 1232 3639 abnuerit.

371 3679 530 3752 154.
575 3679 979 3769 Aliquando
1029 3681 1409 3769 contingit,
1475 3687 1554 3752 ut
1607 3682 1846 3770 aliqua
1903 3679 2122 3752 dubia
2181 3680 2750 3770 ArchiepiscopO,
2811 3676 2923 3748 vel

279 3784 610 3882 Episcopo
664 3793 1056 3863 obveniant
1111 3794 1291 3862 circa
1333 3791 1598 3881 Synodi
1651 3794 2229 3879 celebrationem,
2272 3811 2455 3882 quae
2511 3790 2583 3861 S.
2625 3789 2933 3880 Congre-

281 3905 526 3987 gationi
583 3905 943 3993 proposita
1001 3901 1152 3973 Emi
1211 3901 1455 3975 Patres
1509 3907 1856 3977 resolvere
1893 3925 2036 3976 non
2090 3914 2451 3977 recusant.
2495 3902 2608 3974 Sic
2661 3922 2773 3975 ex.
2820 3921 2924 3991 gr.

279 4015 553 4097 quidam
613 4015 1203 4104 Arcbiepiscopus
1255 4015 1779 4102 sciscitabatur,
1822 4036 2032 4105 quam
2074 4017 2416 4086 rationem
2456 4014 2657 4103 sequi
2711 4013 2931 4085 debe-

276 4131 376 4194 ret
436 4128 609 4197 circa
666 4145 786 4198 eos
820 4178 839 4212 ‚
908 4126 1030 4214 qui
1085 4127 1174 4194 ad
1231 4123 1592 4215 Synodum
1673 4128 2169 4199 dioecesanam
2222 4127 2557 4198 accedere
2618 4125 2933 4215 legitime

279 4231 830 4324 impedirentum
892 4238 1132 4324 itaquo
1171 4237 1241 4307 S.
1287 4238 1360 4307 C.
1410 4258 1649 4309 mense
1695 4241 1905 4328 April.
1956 4241 2166 4309 1863.
2212 4239 2566 4326 rescripsit
2603 4255 2688 4308 ex
2731 4256 2932 4306 man-

275 4344 442 4416 dato
492 4350 758 4420 Summi
801 4347 1186 4435 Pontificis,
1234 4358 1310 4421 ut
1368 4373 1404 4413 «κ
1445 4369 1717 4436 omnes,
1761 4351 1878 4438 qui
1918 4350 2005 4420 de
2046 4350 2193 4420 iure
2247 4350 2356 4419 vel
2412 4348 2931 4420 consuetudine

279 4477 311 4520 ›
353 4463 672 4546 synodali
733 4463 1109 4532 conventui
1179 4462 1519 4533 interesse
1578 4468 2013 4547 tenerentur,
2082 4462 2222 4532 tuis
2277 4462 2497 4532 literis
2550 4462 2935 4533 admonere

278 4588 310 4631 ›
351 4573 528 4642 satis
580 4573 878 4643 habeas.
920 4569 1113 4652 Quod
1172 4575 1226 4642 si
1271 4576 1392 4661 qui
1446 4575 1617 4659 siut,
1661 4573 1783 4660 qui
1837 4573 2165 4663 legitimis
2224 4573 2757 4663 impedimentis
2813 4574 2937 4643 de·

282 4698 317 4741 ›
357 4686 535 4754 tenti
597 4686 933 4756 accedere
972 4686 1563 4775 praepediuntur,
1606 4703 1688 4756 ac
1737 4685 2154 4774 praesertim
2194 4685 2511 4776 parochi,
2552 4688 2675 4774 qui
2714 4685 2932 4753 alium
