3497 5235
1038 259 1111 322 Do
1153 262 1456 323 visitatione
1496 260 1763 322 Sacrorum
1801 261 2064 323 Liminum.
2795 261 2874 330 27

274 396 665 480 ctesiastica,
697 401 912 471 tract.
948 398 1007 469 I.
1048 398 1130 470 de
1165 398 1500 491 Episcopo
1550 398 1831 472 titulari
1879 419 1952 491 p.
1985 398 2056 471 4.
2111 395 2186 494 ἓ.
2229 397 2297 471 1.
2339 417 2415 483 n.
2442 394 2662 495 209.)
2711 394 2866 493 (1);

274 509 446 581 aliter
478 528 641 582 vero
674 510 896 582 sentit
946 506 1326 601 Fagnanus
1376 506 1505 605 (ad
1543 510 1709 602 Cap.
1754 511 1896 604 qu
1932 511 2024 582 N.
2064 510 2147 583 dc
2181 510 2322 581 ίαν.
2363 496 2503 581 iur'.
2546 530 2618 581 n.
2644 509 2766 584 82.
2806 516 2873 584 ct

272 615 455 716 seq),
494 621 621 711 qni
655 626 1024 713 praeterea
1072 620 1465 711 subiungit,
1504 621 1580 693 in
1615 619 1807 694 hunc
1856 639 2142 694 sensum
2195 641 2234 691 a
2286 617 2357 695 S.
2400 618 2474 692 C.
2514 618 2721 694 Conc.
2765 640 2871 694 re-

269 751 579 824 sponsum
628 731 850 806 inisse
899 729 1108 804 Card.
1147 729 1523 822 Gesualdo,
1579 729 2028 806 patriarchae
2062 730 2864 824 Constantinopolitano,

268 851 326 915 et
366 842 561 916 Card.
623 844 714 916 de
769 842 1062 933 AvaIOS,
1115 841 1564 917 Patriarchae
1615 843 2052 918 Antiocheno
2118 863 2330 938 super
2394 844 2864 935 dioecesibus,

268 972 543 1044 quarum
612 954 717 1026 illi
779 956 1150 1046 purpurati
1217 950 1461 1028 Patres
1528 956 1814 1028 titulum
1880 954 2328 1027 obtinebant.
2386 951 2598 1028 Porro
2661 956 2869 1029 nobis

264 1067 648 1159 placuisset,
704 1067 765 1139 si
814 1064 1193 1158 Fagnanus
1245 1068 1607 1140 literarum
1656 1066 1898 1139 datam
1933 1066 2358 1139 indicasset:
2417 1066 2679 1157 quippe
2713 1084 2871 1139 eas·

264 1177 398 1249 dem
442 1178 603 1250 suis
650 1177 823 1249 locis
872 1178 949 1248 in
998 1176 1348 1249 tabulario
1416 1175 1489 1249 S.
1545 1175 2118 1269 congregationis
2185 1175 2550 1249 consulere
2600 1177 2871 1267 potuis·

262 1306 502 1361 semus.
559 1285 896 1381 Fagnauo
945 1289 1420 1380 adstipulatur
1469 1285 1973 1361 Thomassinus
2022 1284 2144 1385 (de
2176 1294 2309 1362 vet.
2350 1294 2416 1361 et
2464 1307 2624 1361 nov.
2668 1286 2859 1361 Eccl.

260 1397 410 1471 disc.
456 1419 542 1491 p.
572 1401 649 1473 2.
691 1401 740 1471 l.
772 1401 845 1474 3.
887 1420 1041 1492 cap.
1081 1401 1201 1474 ⁴2.
1243 1421 1319 1473 η.
1355 1395 1547 1496 13),
1591 1417 1867 1472 necnon
1917 1385 2185 1472 Bened.
2226 1396 2413 1471 XIV.
2468 1392 2640 1495 (loc.
2672 1400 2791 1472 cit.
2793 1394 2863 1495 ).

260 1506 497 1583 Munus
548 1512 970 1583 visitationis
1019 1530 1374 1584 sacrorum
1428 1509 1811 1601 Liminum,
1865 1516 1943 1583 ut
1995 1512 2498 1585 animadvertit
2542 1509 2864 1603 Fagnan.

258 1615 335 1715 (l.
370 1642 426 1694 c.
490 1642 569 1693 n.
613 1617 807 1718 61),
858 1621 1196 1713 triplicem
1248 1622 1732 1714 complectitur
1781 1629 2044 1712 actum,
2099 1640 2355 1714 nempe
2392 1624 2613 1715 primo
2650 1630 2874 1694 mate-

260 1732 482 1804 rialem
538 1729 998 1804 Basilicarum
1047 1730 1169 1805 SS.
1208 1729 1393 1808 Petri
1444 1741 1512 1806 et
1561 1731 1762 1806 Pauli
1811 1734 2310 1824 visitationem,
2364 1735 2623 1807 deinde
2673 1733 2872 1806 exhi-

256 1840 584 1915 bitionem
636 1842 1080 1916 obedientiae
1148 1862 1232 1916 ac
1289 1844 1726 1918 reverentiae
1794 1841 2080 1917 Summo
2131 1841 2454 1918 Pontifici
2505 1851 2872 1938 praestan-

256 1954 426 2044 dam,
465 1974 557 2028 ac
590 1954 897 2044 denique
940 1955 1352 2031 relationem
1388 1957 1475 2031 de
1511 1956 1722 2029 rebus
1766 1958 2226 2049 personisque
2277 1957 2495 2030 sacris
2546 1957 2872 2050 propriae

256 2066 644 2140 dioeceseos
694 2064 1056 2155 Pontifici,
1125 2068 1236 2140 vel
1296 2066 1550 2141 Sacrae
1601 2067 2136 2160 congregationi
2186 2069 2632 2142 tradendam.
2686 2065 2872 2141 Hinc

255 2173 507 2250 Bened.
551 2174 738 2248 XIV.
781 2172 954 2273 (loc.
987 2180 1105 2251 cit.
1151 2178 1270 2251 lib.
1307 2178 1421 2252 13.
1463 2199 1618 2270 cap.
1652 2178 1720 2251 6.
1763 2198 1837 2250 η.
1871 2172 1990 2275 5.)
2040 2180 2181 2252 ait:
2243 2202 2281 2245 α
2318 2176 2487 2252 Cum
2523 2179 2596 2251 in
2634 2179 2873 2251 visita-

259 2291 513 2361 »tione
565 2306 924 2361 sacrorum
969 2285 1323 2362 Liminum
1374 2298 1652 2381 praeter
1703 2289 2234 2363 venerationem
2269 2307 2433 2381 erga
2467 2295 2872 2362 sanctorum

257 2425 288 2464 ι
323 2400 812 2493 Apostolorum
862 2398 1160 2489 cinereS,
1217 2399 1499 2472 debitae
1552 2397 1873 2473 Romano
1906 2397 2227 2473 Pontifici
2272 2398 2763 2472 submissionis
2799 2404 2872 2471 et

257 2537 288 2576 ι
320 2511 769 2584 obedientiae
821 2517 1020 2583 actus
1074 2514 1546 2602 contineatur,
1599 2510 1904 2603 cumque
1941 2513 2154 2586 etiam
2189 2507 2581 2604 Episcopus
2631 2511 2876 2584 titula-

258 2648 289 2687 »
326 2623 462 2710 riS,
522 2623 690 2695 licet
738 2622 998 2694 absens
1050 2628 1118 2695 et
1167 2623 1591 2717 impedituS,
1648 2624 2028 2714 quominus
2093 2624 2186 2696 ad
2253 2642 2454 2697 suam
2506 2623 2872 2696 ecclesiam

254 2758 287 2799 »
323 2732 646 2822 accedat,
684 2732 772 2806 de
806 2732 1020 2804 huius
1059 2739 1298 2808 tamen
1335 2741 1529 2807 statu
1562 2735 1803 2825 aliqua
1839 2734 2228 2809 identidem
2263 2752 2679 2826 cognoscere
2715 2751 2877 2825 pos-

257 2869 288 2908 »
322 2845 436 2932 sit,
496 2861 686 2933 quae
740 2840 1057 2916 Pontifici
1111 2844 1480 2918 referenda
1529 2847 1699 2937 sint,
1754 2853 1826 2920 et
1870 2866 2169 2938 quorum
2205 2845 2568 2917 occasione
2604 2843 2877 2934 aliquid

255 2980 288 3018 »
322 2955 394 3024 in
446 2954 770 3027 eiusdem
824 2954 1161 3028 ecclesiae
1231 2956 1607 3030 utilitatem
1672 2957 2211 3051 proponendum
2274 2960 2634 3045 occurrat,
2707 2954 2876 3027 hinc

253 3088 286 3129 »
319 3063 820 3137 affirmandum
884 3064 1197 3156 videtur,
1250 3063 1636 3158 Episcopus
1687 3086 1971 3161 quoque
2037 3068 2360 3142 titulares
2414 3065 2504 3139 ad
2555 3065 2875 3139 Sixtinae

251 3199 284 3240 ν
317 3171 570 3247 Bullae
620 3174 1143 3250 observantiam
1195 3178 1447 3251 teneri.
1482 3205 1519 3248 »
1570 3174 1710 3276 (2).

256 3335 965 3370 -.-.-,--

378 3446 466 3523 (1)
505 3473 533 3502 a
560 3450 688 3504 Ibi:
741 3450 847 3505 Vel
893 3450 1039 3504 tales
1072 3452 1336 3519 Episcopi
1372 3451 1622 3506 resident
1659 3452 1723 3505 in
1757 3452 1983 3520 propria
2019 3451 2256 3505 dioeceai
2292 3453 2354 3506 in
2387 3450 2648 3520 partibnn
2683 3449 2878 3505 infide-

246 3533 399 3603 lium,
444 3537 536 3589 vel
573 3552 699 3588 non.
739 3537 802 3591 Si
841 3552 950 3588 non
985 3537 1249 3603 renident,
1281 3537 1373 3589 sed
1398 3542 1640 3603 manent,
1669 3541 1734 3589 ut
1765 3538 1967 3604 solent,
1996 3537 2057 3590 in
2084 3537 2275 3604 aliqua
2299 3537 2613 3590 ohriatiana
2638 3536 2878 3589 civitate

248 3622 365 3673 uine
390 3621 607 3673 actuali
636 3619 1039 3686 iurisdictione,
1073 3636 1180 3673 non
1204 3624 1469 3673 tenentur
1493 3622 1733 3675 visitare
1770 3623 2013 3675 Limina.
2044 3623 2217 3675 Ratio
2243 3625 2349 3688 eat,
2384 3622 2514 3688 qnia
2540 3621 2602 3673 in
2625 3620 2877 3686 qualibet

244 3706 605 3772 obligatione,
636 3707 823 3771 inquit
859 3705 917 3758 S.
947 3707 1202 3772 Thomas,
1242 3706 1616 3760 attendendus
1645 3711 1732 3759 est
1758 3707 2127 3772 obligationis
2163 3707 2326 3772 fini-3
2366 3721 2488 3758 cum
2525 3709 2711 3757 antem
2748 3704 2878 3757 fluia

248 3790 513 3842 eiusmodi
548 3789 914 3854 obligationis
960 3790 1239 3843 visitandi
1273 3792 1500 3844 Limina
1536 3793 1616 3844 ait
1652 3792 1722 3843 ad
1760 3793 2190 3857 recognitionem
2236 3790 2396 3845 Sedis
2430 3790 2784 3855 Apostolicae
2821 3790 2878 3840 et

248 3874 315 3925 ad
346 3872 713 3926 consultanda
748 3873 943 3939 dubia,
983 3876 1208 3939 negotia
1244 3881 1301 3928 et
1335 3876 1725 3942 difficultates,
1769 3891 1906 3943 qnae
1944 3877 2007 3928 in
2043 3875 2280 3928 dioecesi
2317 3891 2375 3928 se
2412 3873 2736 3927 obtulerunt
2756 3910 2768 3938 ,
2811 3887 2881 3926 ex

248 3960 428 4010 citata
461 3959 875 4012 constitutione
912 3959 1065 4011 Sixti
1099 3960 1168 4013 V.
1210 3961 1482 4028 nequitur,
1514 3961 1656 4027 quod
1684 3962 1825 4014 talis
1849 3961 2124 4026 obligatio
2153 3961 2453 4027 Episcopos
2478 3957 2748 4011 titulares
2772 3970 2881 4008 non

249 4044 471 4109 afficiat,
509 4047 701 4109 utpote
739 4059 846 4096 non
882 4042 1155 4097 habentes
1191 4060 1321 4097 suae
1357 4045 1624 4098 dioecesis
1660 4047 1910 4111 negotia,
1953 4060 2090 4113 quae
2128 4047 2435 4112 exponant,
2476 4057 2574 4096 neo
2611 4042 2880 4095 habentes

249 4128 461 4179 actuale
494 4129 744 4192 regimen
779 4131 837 4180 et
873 4142 1059 4180 curam
1097 4117 1430 4195 populorum,
1471 4129 1614 4183 unde
1652 4145 1837 4183 eornm
1873 4131 2180 4196 recognitio
2216 4144 2349 4192 erga
2386 4128 2706 4193 Supremam
2742 4129 2879 4180 Pon·

250 4211 451 4262 tineam
485 4211 744 4264 videatur
779 4212 851 4264 ab
888 4211 1070 4264 eodem
1099 4214 1418 4278 specialiter
1443 4216 1599 4279 exigi
1623 4215 1685 4266 in
1708 4215 1861 4268 dicta
1886 4215 2325 4269 Constitutione.
2354 4213 2417 4267 Si
2440 4229 2569 4266 vero
2596 4212 2879 4266 resideant

248 4293 308 4345 in
340 4297 594 4360 partibus
630 4296 961 4362 infidelium,
1002 4297 1343 4351 declaratum
1379 4302 1467 4352 est
1504 4315 1600 4364 per
1636 4300 1858 4354 Sacram
1885 4299 2377 4364 congregationem
2413 4297 2478 4349 de
2516 4296 2881 4364 Propaganda

250 4377 387 4430 ride
421 4397 592 4435 coram
643 4383 867 4436 Urbano
913 4383 1077 4436 VIII.
1118 4382 1205 4436 die
1252 4384 1341 4436 28.
1381 4385 1519 4437 Iulii
1559 4385 1738 4451 1626„
1783 4385 2005 4450 impleri
2054 4383 2366 4450 praefatam
2411 4383 2881 4437 constitutionem

251 4461 406 4516 sixti
434 4464 501 4520 V.
538 4482 634 4533 per
671 4466 971 4532 Episcopos
1008 4468 1070 4518 in
1106 4470 1362 4533 partibus
1400 4468 1709 4520 infidelium
1747 4468 2073 4533 residentes,
2116 4469 2166 4520 ai
2195 4467 2252 4521 id
2277 4468 2676 4535 praestiterint
2702 4467 2880 4519 medio

252 4547 482 4612 iptorum
518 4554 874 4618 procuratore
913 4553 974 4603 in
1010 4551 1182 4606 Curia
1216 4554 1515 4619 existente,
1559 4556 1623 4605 ut
1660 4554 1914 4606 testatur
1949 4568 2018 4606 ex
2054 4554 2304 4605 Navarro
2339 4551 2647 4620 Squillant.
2675 4568 2702 4599 n

394 4632 463 4711 (2)
497 4637 625 4693 vid.
667 4637 948 4691 Nicolinm
986 4636 1047 4689 in
1083 4639 1387 4692 Lucubrat.
1426 4639 1722 4706 utriunque
1761 4638 1924 4705 iuria,
1966 4653 2095 4705 pag.
2125 4637 2247 4691 753.
