3497 5235
996 297 2014 378 memnonia-mmai.
2719 286 2839 351 357

242 451 272 498 »
300 426 704 501 ecclesiarum
752 430 828 502 in
878 427 1275 524 Hispaniae
1326 436 1594 528 regnis,
1655 437 1850 528 quod
1899 435 2174 509 scilicet
2235 431 2446 504 Liber
2487 430 2844 503 caeremo-

240 564 270 608 ›
298 540 476 610 malis
523 542 1016 633 Episcoporum
1065 563 1204 618 non
1257 548 1466 621 tollat
1521 550 1909 623 laudabiles
1962 555 2028 621 et
2063 545 2640 619 immemorabiles
2678 561 2845 614 emt-

240 672 270 716 ›
297 652 673 735 aerumnas,
710 653 978 727 habeat
1027 655 1261 731 locum
1297 661 1515 732 etiam
1561 661 1637 732 in
1672 680 1892 753 regno
1925 651 2457 751 Portugalliae‘t‘
2510 654 2582 728 S.
2628 652 2717 726 R.
2759 653 2836 725 C.

242 785 274 828 γ
299 760 660 852 declaravit,
715 765 987 840 dictum
1037 769 1392 842 decretum
1444 772 1674 845 locum
1722 773 1972 845 habere
2021 790 2163 843 non
2216 770 2440 841 solum
2490 769 2567 839 in
2603 769 2839 860 reynis

240 896 268 938 ›
296 869 633 963 Hispaniae
682 883 748 949 et
803 878 1320 972 Portuqalliae,
1358 883 1478 954 sed
1527 885 1744 957 etiam
1796 884 1874 955 in
1926 884 2465 975 quibuscumque
2513 880 2679 951 aliis
2732 897 2844 951 re-

238 987 419 1076 ›qnis
463 993 523 1092 et
570 988 735 1060 locis
777 1009 908 1080 per
960 997 1183 1063 totum
1233 993 1708 1068 christianum
1759 995 2017 1068 orbem.
2080 992 2197 1065 17.
2240 993 2401 1065 Iun.
2445 988 2661 1063 1606.
2718 988 2842 1061 Et-

237 1116 267 1160 »
292 1095 488 1169 boren.
519 1123 556 1168 »
610 1097 1061 1198 (Gardellini
1098 1124 1172 1174 n.
1212 1099 1453 1200 318).

345 1209 487 1282 170.
540 1211 910 1287 Canonicis
962 1216 1066 1287 uti
1115 1216 1419 1308 singulis
1474 1218 1672 1290 nulla
1727 1216 2030 1290 debetur
2071 1213 2578 1308 praecedentia
2622 1227 2838 1303 super

234 1318 353 1390 aliis
394 1321 838 1414 presbyteris.
898 1323 985 1397 Id
1020 1328 1210 1400 enim
1263 1329 1504 1418 palam
1557 1329 1915 1420 colligitur
1949 1346 2039 1400 ex
2074 1328 2209 1400 hoc
2258 1327 2588 1399 decreto:
2650 1344 2689 1389 ς
2722 1320 2843 1393 Di-

228 1453 257 1495 »
286 1433 553 1522 gnitates
604 1443 677 1508 et
729 1436 1054 1510 canonici
1108 1439 1542 1513 cathedralis
1577 1439 2149 1532 Caputaquensis
2200 1437 2292 1511 ob
2346 1438 2529 1509 aeris
2581 1436 2842 1507 intem-

229 1545 514 1635 »periem
564 1566 712 1621 non
762 1549 1056 1641 obligati
1109 1549 1203 1623 ad
1253 1552 1716 1625 residentiam
1777 1553 1855 1623 in
1906 1552 2194 1625 civitate
2245 1548 2834 1640 supplicaverunt

225 1677 255 1721 ›
283 1655 618 1751 declarari,
659 1678 758 1732 an
794 1662 966 1752 ipsis
1001 1663 1479 1736 existentibus
1516 1665 1592 1736 in
1627 1664 1800 1737 locis
1837 1665 2208 1750 dioecesis»,
2242 1660 2593 1734 debeatur
2627 1675 2840 1749 prae-

224 1766 566 1842 ›cedentia
601 1790 819 1864 supra
865 1773 1044 1846 alios
1089 1773 1544 1866 presbyteros
1594 1776 1668 1849 in
1723 1775 2113 1850 deferendo
2165 1771 2287 1846 SS.
2330 1763 2837 1844 Sacramento?

221 1883 333 1949 »et
375 1879 440 1952 S.
479 1879 626 1956 Rit.
669 1882 924 1977 Congr.
983 1886 1394 1976 respondit:
1457 1888 1833 1961 canonicis
1885 1890 1992 1960 uti
2043 1885 2341 1979 siliquiis
2390 1883 2668 1955 nullam
2718 1881 2839 1953 de-

217 2013 245 2054 »
270 1990 393 2063 beri
446 1997 1018 2086 praecedentiam
1068 2003 1193 2070 aut
1251 2000 1859 2091 praeroqativam.
1920 1997 2039 2073 17.
2081 1997 2216 2071 Iul.
2262 1995 2477 2069 1640.
2530 1995 2838 2086 Caputa-

217 2122 245 2164 )
272 2121 449 2193 quen.
482 2130 519 2173 ι
575 2103 622 2203 (
641 2108 1040 2180 Gardellini
1091 2129 1166 2180 n.
1212 2105 1514 2205 1242).

326 2220 475 2291 171.
532 2219 837 2305 Quando
889 2229 958 2294 et
1012 2223 1367 2312 quomodo
1419 2225 1804 2296 canonicus
1856 2221 2264 2299 choralibus
2302 2217 2707 2311 insignibus
2758 2217 2836 2288 in

208 2325 784 2406 sacramentorum
838 2332 1455 2407 administratione
1509 2336 1615 2407 uti
1666 2335 1888 2426 possit
1929 2334 2036 2405 vel
2074 2331 2363 2420 debeat,
2415 2331 2651 2402 innuit
2689 2347 2836 2402 una

203 2445 258 2509 et
297 2442 500 2515 altera
551 2462 872 2536 sequens
923 2445 1354 2518 declaratio:
1417 2467 1456 2512 ς
1490 2444 1739 2519 Utrum
1792 2445 2224 2532 campione,
2292 2445 2415 2533 qui
2466 2459 2596 2533 per
2652 2439 2835 2532 Apo-

204 2553 522 2629 »stolicas
573 2553 861 2629 Literas
928 2557 1003 2628 in
1056 2556 1279 2655 forma
1349 2555 1593 2631 Brevis
1660 2556 2033 2652 expeditas
2085 2556 2324 2629 favore
2391 2556 2503 2628 sui
2557 2553 2835 2646 collegii

201 2669 750 2741 »canonicorum
820 2669 1081 2760 gaudet
1150 2688 1285 2742 usu
1346 2670 1662 2744 rochetti·
1714 2677 1789 2744 et
1849 2674 2238 2741 mozzettae
2309 2668 2526 2740 etiam
2597 2684 2834 2737 coram

196 2795 224 2837 ›
256 2770 575 2852 Pontifice
609 2832 633 2869 ‚
708 2778 849 2852 illis
898 2782 1004 2853 uti
1053 2782 1290 2853 valeat
1341 2781 1418 2853 in
1470 2783 2090 2854 sacramentorum
2154 2776 2773 2851 administratione
2803 2827 2824 2865 ,

195 2895 315 2961 »et
359 2892 662 2965 verbum
715 2891 841 2964 Dei
894 2894 1423 2982 annuntiando,
1464 2899 1560 2983 et,
1604 2901 1963 2984 quatenus
1995 2889 2363 2984 Negative,
2420 2894 2661 2959 utrum
2713 2904 2835 2958 su-

191 3020 223 3063 »
252 3004 751 3093 perpelliceum
802 3005 1118 3079 rochetto
1170 3007 1538 3097 imponere
1575 3005 1813 3077 valeat
1855 3005 2108 3077 iisdem
2161 3003 2239 3073 in
2291 2992 2833 3073 functionibus?

190 3108 314 3182 ›S.
353 3110 440 3185 R.
482 3114 561 3187 C.
626 3114 745 3188 die
799 3114 868 3189 7.
932 3115 1147 3209 April.
1205 3116 1626 3208 respondit:
1707 3116 1809 3188 Ad
1865 3118 1932 3186 1.
1992 3114 2328 3207 Neqative
2377 3112 2473 3184 ad
2515 3112 2834 3202 primam

184 3242 217 3284 ›
238 3232 535 3310 partem,
574 3227 997 3319 affirmative
1030 3228 1126 3300 ad
1160 3229 1571 3310 secundam,
1600 3228 1719 3299 sed
1753 3229 1831 3298 in
1862 3227 2160 3318 propria
2193 3231 2475 3298 tantum
2508 3223 2830 3305 ecclesia,

179 3354 210 3397 ›
242 3336 337 3405 vel
388 3338 464 3410 in
519 3338 697 3411 aliis
748 3339 1089 3420 ecclesiis,
1139 3339 1258 3411 ubi
1310 3341 1509 3412 adest
1555 3344 1723 3411 usus
1775 3337 2137 3429 deferendi
2170 3354 2466 3426 cappam
2504 3336 2609 3409 vel
2646 3352 2836 3406 moz-

174 3463 207 3506 »
237 3451 487 3519 zettam
540 3450 757 3521 iuxta
823 3449 1176 3522 decretum
1226 3451 1304 3521 in
1355 3470 1506 3522 una
1559 3449 1948 3522 Dubiorum
2007 3450 2147 3521 diei
2196 3447 2289 3521 31
2302 3502 2318 3519 .
2378 3449 2557 3522 Maii
2611 3446 2827 3520 1817.

170 3578 202 3621 ›
239 3556 332 3631 Ad
378 3562 452 3633 2.
515 3563 957 3655 Affirmative
985 3615 1015 3644 ,
1082 3563 1144 3633 si
1200 3562 1605 3652 Capitulum
1656 3562 1733 3633 in
1788 3561 1994 3634 choro
2043 3566 2292 3633 utatur
2341 3559 2834 3650 superpelliceo

172 3690 207 3732 ›
237 3674 534 3763 tempore
591 3674 888 3756 aestivo,
941 3693 1131 3747 secus
1174 3674 1512 3766 Neqative
1546 3675 1756 3746 iuxta
1789 3672 2140 3744 decretum
2181 3671 2661 3762 praedictum,
2715 3670 2836 3743 sed

165 3802 200 3842 ι
232 3789 410 3856 cotta
464 3790 762 3857 tantum
810 3792 877 3859 et
926 3786 1109 3858 stola
1157 3784 1496 3857 utendum
1546 3786 1755 3857 iuxta
1808 3783 2089 3856 Rituale
2127 3784 2522 3855 Romanum
2581 3782 2717 3853 Tit.
2755 3780 2826 3853 1.

165 3912 197 3955 ›
228 3909 420 3967 num.
445 3894 525 3967 7.
572 3895 702 3990 (7.
746 3896 973 3987 April.
1018 3894 1233 3970 4832.
1273 3898 1703 3971 Maceraten.
1746 3895 1842 3967 ad
1874 3896 1988 3976 2„
2031 3894 2428 3967 Gardellini
2464 3912 2539 3964 n.
2566 3888 2835 3990 4688.)

290 4028 328 4072 >
374 4007 446 4077 1.
519 4005 633 4077 An
683 4008 1007 4079 canonici
1076 4006 1511 4079 cathedralis
1582 4008 1654 4078 in
1725 4006 2343 4079 administratione
2412 4006 2835 4077 Sacramen-

157 4135 190 4177 ›
221 4118 459 4188 torum
518 4124 675 4189 tam
728 4117 913 4189 intra
969 4136 1186 4208 quam
1238 4125 1437 4190 extra
1492 4118 1977 4190 cathedralem
2028 4119 2399 4191 ecclesiam
2446 4123 2834 4188 teneantur

155 4246 188 4288 ›
220 4224 597 4320 deponere
648 4246 996 4320 cappam,
1054 4233 1271 4318 atque
1322 4230 1427 4301 uti
1479 4229 1993 4320 superpelliceo
2046 4235 2117 4301 et
2170 4228 2397 4316 stola,
2454 4228 2654 4300 iuxta
2707 4223 2834 4297 Ri-

149 4360 184 4401 ›
217 4341 424 4413 tuale
483 4335 959 4413 Romanum?

277 4474 319 4517 ›
360 4452 442 4522 2.
509 4450 623 4521 An
662 4456 1048 4524 teneantur
1092 4450 1262 4523 dicti
1299 4451 1620 4522 canonici
1674 4466 1976 4541 cappam
2030 4450 2387 4541 deponere
2423 4455 2569 4520 tam
2605 4450 2824 4540 intra,

141 4582 175 4625 ›
209 4576 439 4653 quam
500 4568 711 4634 extra
774 4562 1256 4635 cathedralem
1291 4614 1311 4650 ‚
1385 4562 1555 4634 dum
1623 4560 1923 4632 verbum
1976 4558 2104 4632 Dei
2170 4560 2642 4653 praedicant,
2715 4562 2830 4634 vel

137 4696 172 4740 »
210 4674 392 4749 dum
451 4672 778 4748 officium
831 4673 1223 4748 sacerdotis
1291 4671 1689 4746 assistentis
1765 4671 1841 4744 in
1909 4668 2126 4744 Missa
2184 4673 2349 4745 novi
2403 4672 2831 4747 celebrantis
