3497 5235
515 247 632 312 168
1269 248 1639 309 munctioni-
1679 250 1732 308 8.
1764 249 1946 324 Oongr.
1971 249 2118 308 onum
2157 248 2430 324 expedito.

517 381 932 454 Minerbien.
965 383 1088 454 24.
1121 381 1345 474 April.
1387 383 1599 455 1655.
1643 382 1773 454 lib.
1814 383 1930 454 19.
1963 383 2157 457 decr.
2198 402 2366 476 pag.
2402 385 2604 473 452„
2635 390 2954 457 attamen
2993 389 3191 475 post-

514 510 733 581 quam
787 494 1232 585 promulgata
1284 502 1393 568 est
1448 503 1612 567 taxa
1665 491 2215 584 Innocentiam,
2272 515 2361 569 ex
2398 515 2541 587 qua
2579 497 2929 568 contraria
2965 496 3193 586 quae-

512 603 693 678 libet
745 607 1185 677 consuetudo
1236 606 1519 681 sublata
1591 606 1769 694 tuit,
1827 625 2110 698 semper
2175 610 2247 679 in
2299 616 2662 699 posterum
2731 626 2931 681 sacer
2997 605 3192 680 Ordo

516 720 945 806 autumavit,
1000 715 1431 810 Episcopum
1484 719 1858 792 occasione
1911 720 2094 790 sacri
2144 719 2550 792 chrismatis
2592 719 3006 793 conferendi
3042 720 3197 791 exi-

520 847 681 921 gere
735 848 878 903 non
933 848 1140 921 posse
1194 831 1767 921 procurationem
1819 830 2033 901 aliam
2085 829 2178 902 ab
2232 850 2360 919 ea,
2416 849 2602 922 quae
2653 833 2729 904 in
2786 832 3194 904 visitatione

519 942 884 1033 penditur.
927 940 1001 1013 S.
1035 940 1111 1013 C.
1144 940 1218 1015 C.
1260 943 1333 1013 in
1367 943 1881 1033 Amalphitana
1938 943 2053 1015 18.
2097 938 2237 1014 Iul.
2275 943 2490 1016 1699.
2548 941 2712 1037 (lib.
2754 944 2873 1015 49.
2916 943 3189 1016 decret.

519 1072 686 1146 pag.
726 1056 895 1126 252.
940 1055 1031 1127 ad
1083 1056 1156 1126 2.
1199 1053 1443 1152 dub.)‚
1490 1063 1561 1128 et
1614 1058 1686 1127 in
1725 1056 2108 1129 Ferentino
2143 1058 2440 1129 Procur.
2500 1058 2621 1130 20.
2669 1056 2886 1148 April.
2936 1057 3192 1142 1782.,

516 1166 591 1237 in
646 1185 787 1257 qua
840 1168 1411 1257 procurationem
1464 1185 1799 1260 expresse
1868 1186 2013 1240 non
2066 1167 2329 1240 debere
2381 1168 2606 1241 edixit
2653 1188 2741 1240 ea:
2793 1188 3013 1259 causa
3062 1167 3201 1240 ad-

516 1278 1070 1351 ministrationis
1127 1281 1574 1354 Sacramenti
1648 1281 2244 1371 Confirmationis.
2314 1277 2493 1353 Vide
2551 1281 2805 1371 folium
2871 1279 3199 1353 eiusdem

520 1388 877 1461 Ferentin.
935 1391 1270 1463 ad-diem
1330 1392 1445 1464 16.
1491 1390 1720 1465 Martii
1759 1393 2080 1465 eiusdem
2118 1393 2319 1463 anni.
2362 1388 2615 1483 Itaque
2650 1399 2853 1465 curet
2902 1388 3205 1483 Episco-

517 1520 700 1592 puS,
754 1508 836 1573 ut
886 1499 1505 1576 Confirmationem
1561 1504 2015 1576 administret
2065 1505 2434 1577 occasione
2504 1523 2564 1576 S.
2624 1504 3053 1576 visitationis
3101 1501 3205 1575 ad

517 1620 831 1685 mentem
900 1614 974 1685 S.
1031 1612 1612 1705 Congregationis
1677 1616 1751 1688 in
1808 1616 2142 1691 Sabinen.
2209 1617 2324 1688 13.
2367 1611 2543 1709 Nov.
2591 1616 2804 1687 1638.
2864 1613 3026 1709 (lib.
3074 1615 3198 1686 16.

518 1722 786 1798 decret.
845 1742 1012 1815 pag.
1062 1726 1258 1814 116„
1317 1744 1599 1799 necnon
1651 1745 1869 1818 super
1919 1728 2141 1801 citata
2192 1727 2704 1817 Amalphitana
2756 1725 2847 1797 ad
2905 1727 2973 1796 1.
3015 1725 3196 1798 dub.

523 1832 820 1907 18.‘Iul.
869 1838 1082 1908 1699.
1140 1835 1319 1911 Vide
1371 1838 1614 1911 solium
1670 1840 2080 1929 praedictae
2134 1839 2492 1912 Ferentin.
2548 1837 2623 1934 g.
2663 1839 2873 1911 Hine.
2931 1837 3209 1909 Consu·

519 1948 712 2020 latur
776 1944 1214 2022 Monacellus
1267 1950 1502 2022 Form.
1545 1952 1675 2043 leq.
1733 1968 1810 2040 p.
1856 1952 1923 2021 1.
1982 1952 2094 2023 tit.
2145 1952 2216 2022 5.
2276 1951 2481 2023 form.
2525 1952 2599 2022 2.
2659 1969 2733 2021 n.
2774 1951 2932 2038 20.,
2992 1946 3209 2022 Petra

523 2059 632 2131 Ad
675 2060 968 2133 Constit.
1014 2060 1132 2133 14.
1173 2057 1423 2135 Iunoc.
1466 2058 1588 2132 lV.
1648 2083 1724 2135 n.
1770 2064 1888 2134 72.

675 2171 794 2242 59.
851 2168 1101 2262 Neque
1151 2191 1313 2245 vero
1348 2174 1954 2265 praetereundum
1988 2175 2107 2247 bic
2140 2176 2632 2247 existimamus
2668 2194 2708 2245 a
2744 2170 2951 2248 Card.
2993 2171 3209 2246 Petra

521 2282 660 2354 loc.
702 2283 822 2355 cit.
880 2303 956 2355 n.
1000 2286 1118 2356 76.
1177 2287 1405 2376 excipi
1458 2305 1732 2375 casum,
1792 2306 1934 2378 quo
1987 2286 2080 2358 ab
2134 2287 2353 2372 illius,
2412 2304 2554 2376 quo
2605 2305 2682 2360 se
2735 2286 2897 2374 tert,
2956 2286 3211 2378 oppidi

520 2393 786 2483 populo
839 2394 1295 2483 peculiariter
1346 2399 1727 2471 arcessitus
1780 2397 1918 2471 suit
1968 2398 2060 2470 ad
2114 2397 2250 2470 boc
2301 2395 2843 2470 Sacramentum
2898 2399 3215 2470 admini-

523 2504 901 2576 strandum
956 2513 1156 2578 extra
1192 2509 1703 2597 visitationem,
1747 2528 1965 2600 quam
2002 2510 2158 2600 ipse
2194 2528 2341 2581 non
2376 2511 2726 2583 omiserit.
2769 2507 2843 2581 S.
2875 2506 2951 2581 C.
2984 2506 3206 2583 Conc.

521 2615 598 2688 in
623 2616 1082 2691 Ferentium.
1146 2621 1260 2692 16.
1302 2617 1510 2693 Mart.
1557 2623 1771 2695 1782.
1828 2620 1902 2716 ἓ.
1946 2623 1995 2693 l.
2038 2640 2102 2694 c.
2147 2624 2220 2693 in
2274 2623 2443 2695 fine.

669 2729 789 2801 60.
840 2728 1070 2821 Supra
1122 2727 1322 2824 (pag.
1363 2735 1526 2805 154.
1573 2753 1648 2805 n.
1681 2735 1847 2829 20.)
1881 2735 2292 2822 statuimus,
2325 2730 2686 2806 vicarium
2722 2732 3208 2825 capitularem

521 2848 682 2931 post
720 2860 1019 2931 annum,
1062 2863 1148 2916 ex
1185 2862 1326 2935 quo
1364 2854 1864 2935 praemortuus
1899 2843 2296 2937 Episcopus
2336 2847 2814 2918 visitationem
2853 2846 3205 2937 explevit,

522 2951 874 3042 elapsum,
916 2953 1297 3029 dioecesim
1350 2959 1637 3030 visitare
1676 2977 1928 3049 posse3
1987 2965 2262 3031 atvero
2300 2959 2372 3028 in
2410 2957 2745 3029 obeunda
2798 2957 3212 3029 visitatione

520 3082 667 3135 non
721 3084 928 3155 posse
984 3069 1292 3160 exigere,
1349 3070 1487 3141 nisi
1541 3071 1916 3142 dimidium
1971 3069 2518 3160 procurationiS,
2579 3087 2797 3159 quam
2849 3065 3212 3159 Episcopo

520 3177 828 3265 persolvi
881 3179 1108 3251 solere
1161 3181 1585 3269 constiterit,
1637 3182 1963 3255 definivit
2016 3179 2196 3253 s.-C.
2230 3178 2443 3253 Conc.
2483 3181 2557 3251 in
2599 3180 2943 3253 Ostunen.
2987 3180 3207 3251 Proe.

524 3286 646 3356 28.
688 3282 852 3360 ΙιιΙίἰ
897 3290 1109 3363 1708.
1155 3292 1495 3382 impressa
1551 3301 1720 3365 tom.
1762 3295 1835 3365 9.
1877 3289 2084 3365 Thes.
2127 3290 2299 3365 Res.
2342 3293 2416 3364 S.
2457 3289 2531 3363 C.
2572 3289 2647 3364 C.
2691 3311 2856 3383 pag.
2905 3291 3071 3362 180.
3115 3290 3218 3364 ad

527 3415 800 3468 annum
835 3399 1082 3490 1740.,
1118 3403 1286 3475 item
1316 3402 1585 3477 Bened.
1614 3400 1804 3476 XIV.
1838 3404 1922 3477 de
1953 3406 2125 3495 Syn.
2159 3405 2375 3477 dioec.
2415 3402 2541 3475 lib.
2577 3399 2665 3473 Χ.
2694 3421 2858 3493 cap.
2885 3403 2999 3475 10.
3032 3403 3209 3474 n.6.

526 3504 741 3580 Plura
777 3511 1000 3584 dubia
1035 3532 1251 3605 super
1284 3517 1785 3606 procuratione
1821 3516 2067 3589 debita
2101 3512 2467 3588 visitatori
2504 3513 3097 3605 Apostolico-vide
3134 3512 3215 3586 in

528 3614 817 3695 Collect.
861 3622 1165 3698 Bizzarri
1220 3645 1292 3718 p.
1327 3629 1496 3699 355.
1537 3634 1609 3701 et
1643 3629 1847 3716 356.,
1892 3627 2015 3699 ubi
2052 3628 2425 3719 appositae
2463 3626 2553 3699 ad
2588 3645 2739 3698 rem
2786 3624 3220 3699 declaratio-

525 3747 657 3802 nes
691 3737 1188 3828 perleguntur.
1221 3736 1399 3811 Vide
1435 3739 1651 3812 etiam
1694 3739 2139 3813 camerinen.
2180 3736 2547 3811 Procurat.
2588 3739 2711 3809 22.
2752 3733 3210 3823 Nov.1856.,

527 3840 653 3913 ubi
685 3850 1150 3941 municipium
1181 3851 1283 3922 uti
1313 3859 1595 3924 curator
1625 3850 2367 3934 montisfrumentarii,
2391 3868 2537 3922 non
2567 3848 2908 3922 obstante
2938 3853 3215 3920 asserta

526 3961 1074 4049 consuetudine,
1115 3960 1206 4033 ad
1244 3963 1815 4052 procurationem
1861 3962 2278 4034 solvendam
2314 3961 2871 4033 condemnatum
2910 3959 3073 4031 suit.

679 4163 717 4205 ιι
755 4134 893 4208 III.
942 4136 1044 4208 An
1081 4155 1206 4229 per
1240 4157 1344 4225 se,
1403 4137 1515 4209 vel
1568 4157 1695 4228 per
1746 4137 1966 4209 alium
2019 4133 2483 4228 Episcopum,
2523 4154 2766 4207 sacras
2802 4132 3216 4207 Ordinatio-

535 4277 573 4320 »
615 4270 743 4324 nes
777 4250 1169 4341 expleverit
1204 4257 1276 4323 et
1309 4247 1851 4322 Sacramentum
1887 4245 2459 4319 Confirmationis
2511 4246 3151 4319 administraverit.
3176 4271 3216 4313 »

686 4417 804 4487 61.
863 4414 1235 4486 Sacrorum
1304 4410 1654 4484 Ordinum
1726 4419 1798 4485 et
1865 4410 2442 4483 Confirmationis
2519 4411 3223 4485 administrationem

535 4529 855 4601 continet
905 4528 1020 4601 bic
1057 4525 1423 4598 articulus.
1469 4521 1565 4596 De
1600 4524 1822 4596 sacris
1857 4518 2249 4595 Ordinibus
2281 4524 2595 4614 primum
2632 4524 2858 4596 acturi
2895 4523 3221 4598 dicemus

538 4640 628 4712 de
674 4636 1188 4730 Episcoporum
1231 4636 1664 4728 obligatione
1713 4653 1845 4726 per
1893 4653 1971 4706 se
2024 4635 2217 4725 ipsos
2267 4635 2705 4724 ordinandi3
2761 4635 2852 4707 de
2904 4641 3221 4725 quatuor
