<?xml version="1.0" encoding="UTF-8"?>
<!DOCTYPE html PUBLIC "-//W3C//DTD XHTML 1.0 Transitional//EN"
    "http://www.w3.org/TR/xhtml1/DTD/xhtml1-transitional.dtd">
<html xmlns="http://www.w3.org/1999/xhtml" xml:lang="en" lang="en">
 <head>
  <title>
</title>
<meta http-equiv="Content-Type" content="text/html;charset=utf-8" />
  <meta name='ocr-system' content='tesseract 3.04.00' />
  <meta name='ocr-capabilities' content='ocr_page ocr_carea ocr_par ocr_line ocrx_word'/>
</head>
<body>
  <div class='ocr_page' id='page_1' title='image "./devisitationesa00popegoog_0357.png"; bbox 0 0 3497 5235; ppageno 0'>
   <div class='ocr_carea' id='block_1_1' title="bbox 1086 286 2926 371">
    <p class='ocr_par' dir='ltr' id='par_1_1' title="bbox 1086 286 2926 371">
     <span class='ocr_line' id='line_1_1' title="bbox 1086 286 2926 371; baseline -0.003 -17"><span class='ocrx_word' id='word_1_1' title='bbox 1086 295 1205 371; x_wconf 64' lang='lat' dir='ltr'><strong>usp.</strong></span> <span class='ocrx_word' id='word_1_2' title='bbox 1231 297 1327 355; x_wconf 66' lang='lat' dir='ltr'><strong>nn</strong></span> <span class='ocrx_word' id='word_1_3' title='bbox 1366 296 1440 354; x_wconf 77' lang='lat' dir='ltr'><strong>n·</strong></span> <span class='ocrx_word' id='word_1_4' title='bbox 1477 293 1613 354; x_wconf 66' lang='lat' dir='ltr'><strong>aiore</strong></span> <span class='ocrx_word' id='word_1_5' title='bbox 1651 294 1923 354; x_wconf 62' lang='lat' dir='ltr'><strong>unum.</strong></span> <span class='ocrx_word' id='word_1_6' title='bbox 1964 295 2020 369; x_wconf 72' lang='lat' dir='ltr'><strong>g.</strong></span> <span class='ocrx_word' id='word_1_7' title='bbox 2046 293 2092 351; x_wconf 85' lang='lat'><strong>1.</strong></span> <span class='ocrx_word' id='word_1_8' title='bbox 2811 286 2926 350; x_wconf 81' lang='lat'><strong>317</strong></span> 
     </span>
    </p>
   </div>
   <div class='ocr_carea' id='block_1_2' title="bbox 242 425 2957 4766">
    <p class='ocr_par' dir='ltr' id='par_1_2' title="bbox 277 425 2938 2953">
     <span class='ocr_line' id='line_1_2' title="bbox 312 425 2927 520; baseline 0 -25"><span class='ocrx_word' id='word_1_9' title='bbox 312 425 666 515; x_wconf 82' lang='lat' dir='ltr'><strong>nuperrime</strong></span> <span class='ocrx_word' id='word_1_10' title='bbox 718 426 794 499; x_wconf 90' lang='lat' dir='ltr'><strong>in</strong></span> <span class='ocrx_word' id='word_1_11' title='bbox 847 429 919 500; x_wconf 90' lang='lat' dir='ltr'><strong>S.</strong></span> <span class='ocrx_word' id='word_1_12' title='bbox 959 425 1213 520; x_wconf 82' lang='lat' dir='ltr'><strong>Congr.</strong></span> <span class='ocrx_word' id='word_1_13' title='bbox 1253 425 1465 500; x_wconf 89' lang='lat' dir='ltr'><strong>Conc.</strong></span> <span class='ocrx_word' id='word_1_14' title='bbox 1504 427 1923 519; x_wconf 80' lang='lat' dir='ltr'><strong>propositiS,</strong></span> <span class='ocrx_word' id='word_1_15' title='bbox 1974 444 2160 517; x_wconf 88' lang='lat' dir='ltr'><strong>quae</strong></span> <span class='ocrx_word' id='word_1_16' title='bbox 2223 430 2736 499; x_wconf 83' lang='lat' dir='ltr'><strong>enumerantur</strong></span> <span class='ocrx_word' id='word_1_17' title='bbox 2766 476 2787 512; x_wconf 88' lang='lat'><strong>,</strong></span> <span class='ocrx_word' id='word_1_18' title='bbox 2842 429 2927 495; x_wconf 88' lang='lat' dir='ltr'><strong>ut</strong></span> 
     </span>
     <span class='ocr_line' id='line_1_3' title="bbox 311 534 2925 630; baseline -0.001 -22"><span class='ocrx_word' id='word_1_19' title='bbox 311 537 606 625; x_wconf 84' lang='lat' dir='ltr'><strong>sequitur:</strong></span> <span class='ocrx_word' id='word_1_20' title='bbox 645 560 706 604; x_wconf 79' lang='lat'><strong>.‹</strong></span> <span class='ocrx_word' id='word_1_21' title='bbox 748 539 821 609; x_wconf 87' lang='lat'><strong>8.</strong></span> <span class='ocrx_word' id='word_1_22' title='bbox 863 537 970 610; x_wconf 79' lang='lat' dir='ltr'><strong>An</strong></span> <span class='ocrx_word' id='word_1_23' title='bbox 1022 545 1094 612; x_wconf 94' lang='lat' dir='ltr'><strong>et</strong></span> <span class='ocrx_word' id='word_1_24' title='bbox 1147 540 1501 630; x_wconf 88' lang='lat' dir='ltr'><strong>quomodo</strong></span> <span class='ocrx_word' id='word_1_25' title='bbox 1553 540 2161 611; x_wconf 90' lang='lat' dir='ltr'><strong>caeremoniarum</strong></span> <span class='ocrx_word' id='word_1_26' title='bbox 2200 538 2519 630; x_wconf 84' lang='lat' dir='ltr'><strong>magistri</strong></span> <span class='ocrx_word' id='word_1_27' title='bbox 2559 534 2925 626; x_wconf 80' lang='lat' dir='ltr'><strong>Arcbiepi-</strong></span> 
     </span>
     <span class='ocr_line' id='line_1_4' title="bbox 311 647 2928 742; baseline 0.001 -27"><span class='ocrx_word' id='word_1_28' title='bbox 311 672 341 714; x_wconf 85' lang='lat'>›</span> <span class='ocrx_word' id='word_1_29' title='bbox 373 665 557 738; x_wconf 86' lang='lat' dir='ltr'><strong>scopo</strong></span> <span class='ocrx_word' id='word_1_30' title='bbox 598 657 669 722; x_wconf 89' lang='lat' dir='ltr'><strong>et</strong></span> <span class='ocrx_word' id='word_1_31' title='bbox 722 647 1046 741; x_wconf 86' lang='lat' dir='ltr'><strong>Capitulo</strong></span> <span class='ocrx_word' id='word_1_32' title='bbox 1099 651 1569 724; x_wconf 81' lang='lat' dir='ltr'><strong>inservientes</strong></span> <span class='ocrx_word' id='word_1_33' title='bbox 1624 651 1933 742; x_wconf 83' lang='lat' dir='ltr'><strong>gaudere</strong></span> <span class='ocrx_word' id='word_1_34' title='bbox 1985 648 2260 740; x_wconf 87' lang='lat' dir='ltr'><strong>possint</strong></span> <span class='ocrx_word' id='word_1_35' title='bbox 2297 647 2928 721; x_wconf 80' lang='lat' dir='ltr'><strong>distributionibus</strong></span> 
     </span>
     <span class='ocr_line' id='line_1_5' title="bbox 312 755 2929 851; baseline 0.001 -26"><span class='ocrx_word' id='word_1_36' title='bbox 312 781 342 824; x_wconf 73' lang='grc' dir='ltr'><strong>ι»</strong></span> <span class='ocrx_word' id='word_1_37' title='bbox 372 759 779 847; x_wconf 84' lang='lat' dir='ltr'><strong>quotidianis</strong></span> <span class='ocrx_word' id='word_1_38' title='bbox 814 762 888 833; x_wconf 92' lang='lat' dir='ltr'><strong>in</strong></span> <span class='ocrx_word' id='word_1_39' title='bbox 925 755 1136 834; x_wconf 60' lang='lat' dir='ltr'><strong>casu?</strong></span> <span class='ocrx_word' id='word_1_40' title='bbox 1173 763 1246 834; x_wconf 89' lang='grc'><strong>9.</strong></span> <span class='ocrx_word' id='word_1_41' title='bbox 1279 762 1382 832; x_wconf 75' lang='lat' dir='ltr'><strong>An</strong></span> <span class='ocrx_word' id='word_1_42' title='bbox 1420 761 1607 833; x_wconf 91' lang='lat' dir='ltr'><strong>idem</strong></span> <span class='ocrx_word' id='word_1_43' title='bbox 1646 761 1757 833; x_wconf 90' lang='lat' dir='ltr'><strong>ius</strong></span> <span class='ocrx_word' id='word_1_44' title='bbox 1793 767 2151 851; x_wconf 79' lang='lat' dir='ltr'><strong>competat</strong></span> <span class='ocrx_word' id='word_1_45' title='bbox 2175 760 2748 833; x_wconf 90' lang='lat' dir='ltr'><strong>caeremoniariis</strong></span> <span class='ocrx_word' id='word_1_46' title='bbox 2777 776 2929 829; x_wconf 88' lang='lat' dir='ltr'><strong>ma-</strong></span> 
     </span>
     <span class='ocr_line' id='line_1_6' title="bbox 309 866 2928 963; baseline 0.001 -25"><span class='ocrx_word' id='word_1_47' title='bbox 309 894 340 938; x_wconf 75' lang='lat'><strong>»</strong></span> <span class='ocrx_word' id='word_1_48' title='bbox 373 871 693 961; x_wconf 79' lang='lat' dir='ltr'><strong>gistratui‚</strong></span> <span class='ocrx_word' id='word_1_49' title='bbox 733 878 806 944; x_wconf 90' lang='lat' dir='ltr'><strong>et</strong></span> <span class='ocrx_word' id='word_1_50' title='bbox 838 873 1169 963; x_wconf 86' lang='lat' dir='ltr'><strong>publicae</strong></span> <span class='ocrx_word' id='word_1_51' title='bbox 1204 873 1652 946; x_wconf 83' lang='lat' dir='ltr'><strong>universitati</strong></span> <span class='ocrx_word' id='word_1_52' title='bbox 1689 872 2240 946; x_wconf 88' lang='lat' dir='ltr'><strong>inservientibus</strong></span> <span class='ocrx_word' id='word_1_53' title='bbox 2277 872 2350 944; x_wconf 91' lang='lat' dir='ltr'><strong>in</strong></span> <span class='ocrx_word' id='word_1_54' title='bbox 2387 866 2608 943; x_wconf 69' lang='lat' dir='ltr'><strong>casu‘i</strong></span> <span class='ocrx_word' id='word_1_55' title='bbox 2661 871 2777 943; x_wconf 87' lang='grc'><strong>10.</strong></span> <span class='ocrx_word' id='word_1_56' title='bbox 2819 867 2928 940; x_wconf 81' lang='lat' dir='ltr'><strong>An</strong></span> 
     </span>
     <span class='ocr_line' id='line_1_7' title="bbox 310 980 2930 1076; baseline 0.001 -26"><span class='ocrx_word' id='word_1_57' title='bbox 310 1006 340 1049; x_wconf 84' lang='lat'>›</span> <span class='ocrx_word' id='word_1_58' title='bbox 372 982 697 1073; x_wconf 86' lang='lat' dir='ltr'><strong>capellani</strong></span> <span class='ocrx_word' id='word_1_59' title='bbox 750 985 821 1056; x_wconf 92' lang='lat' dir='ltr'><strong>in</strong></span> <span class='ocrx_word' id='word_1_60' title='bbox 876 1002 1141 1076; x_wconf 83' lang='lat' dir='ltr'><strong>organo</strong></span> <span class='ocrx_word' id='word_1_61' title='bbox 1194 990 1532 1058; x_wconf 75' lang='lat' dir='ltr'><strong>canentes</strong></span> <span class='ocrx_word' id='word_1_62' title='bbox 1584 1002 1745 1057; x_wconf 90' lang='lat' dir='ltr'><strong>cum</strong></span> <span class='ocrx_word' id='word_1_63' title='bbox 1800 983 2086 1056; x_wconf 77' lang='lat' dir='ltr'><strong>musicis</strong></span> <span class='ocrx_word' id='word_1_64' title='bbox 2131 982 2271 1055; x_wconf 80' lang='lat' dir='ltr'><strong>irui</strong></span> <span class='ocrx_word' id='word_1_65' title='bbox 2323 982 2637 1055; x_wconf 88' lang='lat' dir='ltr'><strong>debeant</strong></span> <span class='ocrx_word' id='word_1_66' title='bbox 2688 980 2930 1054; x_wconf 89' lang='lat' dir='ltr'><strong>distri-</strong></span> 
     </span>
     <span class='ocr_line' id='line_1_8' title="bbox 309 1091 2927 1187; baseline 0.002 -28"><span class='ocrx_word' id='word_1_67' title='bbox 309 1117 338 1158; x_wconf 82' lang='lat'><strong>»</strong></span> <span class='ocrx_word' id='word_1_68' title='bbox 365 1091 762 1167; x_wconf 90' lang='lat' dir='ltr'><strong>butionibus</strong></span> <span class='ocrx_word' id='word_1_69' title='bbox 796 1097 869 1167; x_wconf 93' lang='lat' dir='ltr'><strong>in</strong></span> <span class='ocrx_word' id='word_1_70' title='bbox 906 1092 1123 1168; x_wconf 63' lang='lat' dir='ltr'><strong>casu?</strong></span> <span class='ocrx_word' id='word_1_71' title='bbox 1175 1096 1289 1166; x_wconf 91' lang='lat'><strong>11.</strong></span> <span class='ocrx_word' id='word_1_72' title='bbox 1336 1094 1441 1168; x_wconf 78' lang='lat' dir='ltr'><strong>An</strong></span> <span class='ocrx_word' id='word_1_73' title='bbox 1475 1105 1547 1170; x_wconf 91' lang='lat' dir='ltr'><strong>et</strong></span> <span class='ocrx_word' id='word_1_74' title='bbox 1582 1096 1938 1187; x_wconf 84' lang='lat' dir='ltr'><strong>quomodo</strong></span> <span class='ocrx_word' id='word_1_75' title='bbox 1972 1096 2401 1168; x_wconf 88' lang='lat' dir='ltr'><strong>camerarius</strong></span> <span class='ocrx_word' id='word_1_76' title='bbox 2436 1092 2927 1167; x_wconf 89' lang='lat' dir='ltr'><strong>universitatis</strong></span> 
     </span>
     <span class='ocr_line' id='line_1_9' title="bbox 305 1199 2927 1297; baseline 0 -26"><span class='ocrx_word' id='word_1_77' title='bbox 305 1226 334 1271; x_wconf 78' lang='lat'><strong>&gt;</strong></span> <span class='ocrx_word' id='word_1_78' title='bbox 365 1204 609 1278; x_wconf 86' lang='lat' dir='ltr'><strong>absens</strong></span> <span class='ocrx_word' id='word_1_79' title='bbox 661 1226 704 1278; x_wconf 93' lang='lat' dir='ltr'><strong>a</strong></span> <span class='ocrx_word' id='word_1_80' title='bbox 754 1205 966 1279; x_wconf 89' lang='lat' dir='ltr'><strong>choro</strong></span> <span class='ocrx_word' id='word_1_81' title='bbox 1035 1207 1293 1281; x_wconf 90' lang='lat' dir='ltr'><strong>lucrari</strong></span> <span class='ocrx_word' id='word_1_82' title='bbox 1362 1208 1587 1297; x_wconf 88' lang='lat' dir='ltr'><strong>possit</strong></span> <span class='ocrx_word' id='word_1_83' title='bbox 1639 1206 2180 1279; x_wconf 87' lang='lat' dir='ltr'><strong>distributiones</strong></span> <span class='ocrx_word' id='word_1_84' title='bbox 2231 1206 2306 1279; x_wconf 92' lang='lat' dir='ltr'><strong>in</strong></span> <span class='ocrx_word' id='word_1_85' title='bbox 2358 1199 2576 1278; x_wconf 64' lang='lat' dir='ltr'><strong>casui</strong></span> <span class='ocrx_word' id='word_1_86' title='bbox 2644 1205 2759 1274; x_wconf 88' lang='lat'><strong>12.</strong></span> <span class='ocrx_word' id='word_1_87' title='bbox 2822 1200 2927 1273; x_wconf 81' lang='lat' dir='ltr'><strong>An</strong></span> 
     </span>
     <span class='ocr_line' id='line_1_10' title="bbox 303 1316 2929 1412; baseline 0 -27"><span class='ocrx_word' id='word_1_88' title='bbox 303 1341 333 1383; x_wconf 84' lang='lat'>›</span> <span class='ocrx_word' id='word_1_89' title='bbox 365 1318 699 1407; x_wconf 90' lang='lat' dir='ltr'><strong>capellani</strong></span> <span class='ocrx_word' id='word_1_90' title='bbox 748 1318 1092 1410; x_wconf 81' lang='lat' dir='ltr'><strong>praefecti</strong></span> <span class='ocrx_word' id='word_1_91' title='bbox 1142 1320 1637 1412; x_wconf 87' lang='lat' dir='ltr'><strong>spiritualibus</strong></span> <span class='ocrx_word' id='word_1_92' title='bbox 1672 1320 2025 1392; x_wconf 88' lang='lat' dir='ltr'><strong>exercitiis</strong></span> <span class='ocrx_word' id='word_1_93' title='bbox 2061 1318 2199 1392; x_wconf 80' lang='lat' dir='ltr'><strong>frui</strong></span> <span class='ocrx_word' id='word_1_94' title='bbox 2235 1318 2548 1392; x_wconf 86' lang='lat' dir='ltr'><strong>debeant</strong></span> <span class='ocrx_word' id='word_1_95' title='bbox 2584 1316 2929 1390; x_wconf 89' lang='lat' dir='ltr'><strong>distribu-</strong></span> 
     </span>
     <span class='ocr_line' id='line_1_11' title="bbox 299 1423 2924 1524; baseline 0.001 -31"><span class='ocrx_word' id='word_1_96' title='bbox 299 1450 332 1493; x_wconf 57' lang='grc'>,</span> <span class='ocrx_word' id='word_1_97' title='bbox 362 1423 717 1501; x_wconf 66' lang='lat' dir='ltr'><strong>tionibus?</strong></span> <span class='ocrx_word' id='word_1_98' title='bbox 756 1454 795 1497; x_wconf 67' lang='grc' dir='ltr'><strong>ι»</strong></span> <span class='ocrx_word' id='word_1_99' title='bbox 859 1429 1077 1502; x_wconf 90' lang='lat' dir='ltr'><strong>Sacra</strong></span> <span class='ocrx_word' id='word_1_100' title='bbox 1129 1429 1596 1524; x_wconf 82' lang='lat' dir='ltr'><strong>Congregatio</strong></span> <span class='ocrx_word' id='word_1_101' title='bbox 1647 1433 1764 1505; x_wconf 88' lang='lat' dir='ltr'><strong>die</strong></span> <span class='ocrx_word' id='word_1_102' title='bbox 1815 1433 1935 1504; x_wconf 93' lang='lat'><strong>27.</strong></span> <span class='ocrx_word' id='word_1_103' title='bbox 2006 1427 2145 1503; x_wconf 90' lang='lat' dir='ltr'><strong>lul.</strong></span> <span class='ocrx_word' id='word_1_104' title='bbox 2213 1431 2428 1503; x_wconf 84' lang='lat'><strong>1839.</strong></span> <span class='ocrx_word' id='word_1_105' title='bbox 2484 1430 2578 1502; x_wconf 90' lang='lat' dir='ltr'><strong>ad</strong></span> <span class='ocrx_word' id='word_1_106' title='bbox 2629 1431 2702 1500; x_wconf 88' lang='lat'><strong>8.</strong></span> <span class='ocrx_word' id='word_1_107' title='bbox 2745 1433 2816 1501; x_wconf 90' lang='lat' dir='ltr'><strong>et</strong></span> <span class='ocrx_word' id='word_1_108' title='bbox 2851 1429 2924 1499; x_wconf 85' lang='lat'><strong>9.</strong></span> 
     </span>
     <span class='ocr_line' id='line_1_12' title="bbox 293 1539 2933 1632; baseline 0 -24"><span class='ocrx_word' id='word_1_109' title='bbox 293 1541 666 1629; x_wconf 86' lang='lat' dir='ltr'><strong>respondit:</strong></span> <span class='ocrx_word' id='word_1_110' title='bbox 738 1541 1246 1616; x_wconf 79' lang='lat' dir='ltr'><strong>‹Affirmative</strong></span> <span class='ocrx_word' id='word_1_111' title='bbox 1303 1544 1379 1615; x_wconf 92' lang='lat' dir='ltr'><strong>in</strong></span> <span class='ocrx_word' id='word_1_112' title='bbox 1430 1543 1791 1632; x_wconf 81' lang='lat' dir='ltr'><strong>omnibuS,</strong></span> <span class='ocrx_word' id='word_1_113' title='bbox 1833 1542 2218 1616; x_wconf 89' lang='lat' dir='ltr'><strong>dummodo</strong></span> <span class='ocrx_word' id='word_1_114' title='bbox 2271 1543 2347 1614; x_wconf 92' lang='lat' dir='ltr'><strong>in</strong></span> <span class='ocrx_word' id='word_1_115' title='bbox 2382 1539 2933 1630; x_wconf 88' lang='lat' dir='ltr'><strong>metropolitana</strong></span> 
     </span>
     <span class='ocr_line' id='line_1_13' title="bbox 298 1649 2924 1727; baseline 0.001 -9"><span class='ocrx_word' id='word_1_116' title='bbox 298 1672 328 1716; x_wconf 92' lang='lat'>›</span> <span class='ocrx_word' id='word_1_117' title='bbox 360 1658 627 1724; x_wconf 89' lang='lat' dir='ltr'><strong>tantum</strong></span> <span class='ocrx_word' id='word_1_118' title='bbox 680 1654 976 1726; x_wconf 89' lang='lat' dir='ltr'><strong>ecclesia</strong></span> <span class='ocrx_word' id='word_1_119' title='bbox 1031 1672 1293 1727; x_wconf 92' lang='lat' dir='ltr'><strong>munus</strong></span> <span class='ocrx_word' id='word_1_120' title='bbox 1344 1663 1722 1727; x_wconf 83' lang='lat' dir='ltr'><strong>exerceant</strong></span> <span class='ocrx_word' id='word_1_121' title='bbox 1775 1656 1975 1727; x_wconf 86' lang='lat' dir='ltr'><strong>iuxta</strong></span> <span class='ocrx_word' id='word_1_122' title='bbox 2035 1660 2278 1726; x_wconf 90' lang='lat' dir='ltr'><strong>votum</strong></span> <span class='ocrx_word' id='word_1_123' title='bbox 2329 1649 2487 1725; x_wconf 80' lang='lat' dir='ltr'><strong>Emi</strong></span> <span class='ocrx_word' id='word_1_124' title='bbox 2540 1649 2924 1723; x_wconf 86' lang='lat' dir='ltr'><strong>Relatoris.</strong></span> 
     </span>
     <span class='ocr_line' id='line_1_14' title="bbox 295 1762 2934 1858; baseline 0.002 -30"><span class='ocrx_word' id='word_1_125' title='bbox 295 1783 328 1828; x_wconf 67' lang='grc' dir='ltr'><strong><em>ι</em></strong></span> <span class='ocrx_word' id='word_1_126' title='bbox 356 1762 455 1834; x_wconf 75' lang='lat' dir='ltr'><strong>Aa</strong></span> <span class='ocrx_word' id='word_1_127' title='bbox 503 1763 626 1837; x_wconf 74' lang='grc'><strong>10.</strong></span> <span class='ocrx_word' id='word_1_128' title='bbox 669 1767 1022 1857; x_wconf 86' lang='lat' dir='ltr'><strong>negative,</strong></span> <span class='ocrx_word' id='word_1_129' title='bbox 1064 1774 1361 1857; x_wconf 89' lang='lat' dir='ltr'><strong>excepto</strong></span> <span class='ocrx_word' id='word_1_130' title='bbox 1397 1766 1660 1838; x_wconf 85' lang='lat' dir='ltr'><strong>actuali</strong></span> <span class='ocrx_word' id='word_1_131' title='bbox 1713 1772 1996 1839; x_wconf 90' lang='lat' dir='ltr'><strong>tantum</strong></span> <span class='ocrx_word' id='word_1_132' title='bbox 2034 1766 2436 1858; x_wconf 88' lang='lat' dir='ltr'><strong>capellano,</strong></span> <span class='ocrx_word' id='word_1_133' title='bbox 2477 1764 2773 1837; x_wconf 88' lang='lat' dir='ltr'><strong>attentis</strong></span> <span class='ocrx_word' id='word_1_134' title='bbox 2809 1780 2934 1854; x_wconf 90' lang='lat' dir='ltr'><strong>pe-</strong></span> 
     </span>
     <span class='ocr_line' id='line_1_15' title="bbox 297 1873 2921 1950; baseline 0.002 -11"><span class='ocrx_word' id='word_1_135' title='bbox 297 1895 327 1938; x_wconf 82' lang='lat'><strong>»</strong></span> <span class='ocrx_word' id='word_1_136' title='bbox 359 1874 739 1947; x_wconf 90' lang='lat' dir='ltr'><strong>culiaribus</strong></span> <span class='ocrx_word' id='word_1_137' title='bbox 791 1877 1346 1950; x_wconf 89' lang='lat' dir='ltr'><strong>circumstantiis</strong></span> <span class='ocrx_word' id='word_1_138' title='bbox 1415 1878 1615 1950; x_wconf 86' lang='lat' dir='ltr'><strong>iuxta</strong></span> <span class='ocrx_word' id='word_1_139' title='bbox 1667 1885 1911 1950; x_wconf 91' lang='lat' dir='ltr'><strong>votum</strong></span> <span class='ocrx_word' id='word_1_140' title='bbox 1978 1873 2137 1948; x_wconf 79' lang='lat' dir='ltr'><strong>Emi</strong></span> <span class='ocrx_word' id='word_1_141' title='bbox 2188 1874 2572 1949; x_wconf 87' lang='lat' dir='ltr'><strong>Relatoris.</strong></span> <span class='ocrx_word' id='word_1_142' title='bbox 2639 1874 2748 1947; x_wconf 80' lang='lat' dir='ltr'><strong>Ad</strong></span> <span class='ocrx_word' id='word_1_143' title='bbox 2803 1873 2921 1947; x_wconf 77' lang='grc' dir='ltr'><strong>Η.</strong></span> 
     </span>
     <span class='ocr_line' id='line_1_16' title="bbox 293 1980 2930 2079; baseline 0 -24"><span class='ocrx_word' id='word_1_144' title='bbox 293 2006 323 2049; x_wconf 85' lang='lat'>›</span> <span class='ocrx_word' id='word_1_145' title='bbox 362 1980 786 2060; x_wconf 83' lang='lat' dir='ltr'><strong>Affirmative</strong></span> <span class='ocrx_word' id='word_1_146' title='bbox 838 2006 965 2079; x_wconf 91' lang='lat' dir='ltr'><strong>pro</strong></span> <span class='ocrx_word' id='word_1_147' title='bbox 1018 1988 1274 2062; x_wconf 88' lang='lat' dir='ltr'><strong>diebus</strong></span> <span class='ocrx_word' id='word_1_148' title='bbox 1325 1995 1397 2062; x_wconf 86' lang='lat' dir='ltr'><strong>et</strong></span> <span class='ocrx_word' id='word_1_149' title='bbox 1446 1988 1667 2077; x_wconf 90' lang='lat' dir='ltr'><strong>horis,</strong></span> <span class='ocrx_word' id='word_1_150' title='bbox 1708 1996 2032 2077; x_wconf 88' lang='lat' dir='ltr'><strong>onerata,</strong></span> <span class='ocrx_word' id='word_1_151' title='bbox 2074 1989 2354 2060; x_wconf 88' lang='lat' dir='ltr'><strong>amissis</strong></span> <span class='ocrx_word' id='word_1_152' title='bbox 2406 1986 2930 2061; x_wconf 88' lang='lat' dir='ltr'><strong>distributioni-</strong></span> 
     </span>
     <span class='ocr_line' id='line_1_17' title="bbox 294 2094 2921 2190; baseline 0.001 -24"><span class='ocrx_word' id='word_1_153' title='bbox 294 2118 324 2159; x_wconf 76' lang='lat'><strong>»</strong></span> <span class='ocrx_word' id='word_1_154' title='bbox 356 2094 481 2168; x_wconf 93' lang='lat' dir='ltr'><strong>bus</strong></span> <span class='ocrx_word' id='word_1_155' title='bbox 532 2099 726 2171; x_wconf 91' lang='lat' dir='ltr'><strong>inter</strong></span> <span class='ocrx_word' id='word_1_156' title='bbox 759 2106 1176 2190; x_wconf 87' lang='lat' dir='ltr'><strong>praesentes</strong></span> <span class='ocrx_word' id='word_1_157' title='bbox 1212 2107 1492 2173; x_wconf 88' lang='lat' dir='ltr'><strong>tantum</strong></span> <span class='ocrx_word' id='word_1_158' title='bbox 1530 2101 1727 2173; x_wconf 90' lang='lat' dir='ltr'><strong>iuxta</strong></span> <span class='ocrx_word' id='word_1_159' title='bbox 1764 2108 2004 2174; x_wconf 91' lang='lat' dir='ltr'><strong>votum</strong></span> <span class='ocrx_word' id='word_1_160' title='bbox 2039 2097 2199 2171; x_wconf 78' lang='lat' dir='ltr'><strong>Emi</strong></span> <span class='ocrx_word' id='word_1_161' title='bbox 2236 2097 2617 2173; x_wconf 86' lang='lat' dir='ltr'><strong>Relatoris.</strong></span> <span class='ocrx_word' id='word_1_162' title='bbox 2658 2098 2768 2171; x_wconf 84' lang='lat' dir='ltr'><strong>Ad</strong></span> <span class='ocrx_word' id='word_1_163' title='bbox 2806 2097 2921 2170; x_wconf 74' lang='lat'><strong>12.</strong></span> 
     </span>
     <span class='ocr_line' id='line_1_18' title="bbox 288 2204 2927 2303; baseline 0.002 -30"><span class='ocrx_word' id='word_1_164' title='bbox 288 2229 321 2273; x_wconf 80' lang='lat'>›</span> <span class='ocrx_word' id='word_1_165' title='bbox 352 2204 688 2301; x_wconf 81' lang='lat' dir='ltr'><strong>Negative</strong></span> <span class='ocrx_word' id='word_1_166' title='bbox 714 2210 917 2284; x_wconf 88' lang='lat' dir='ltr'><strong>iuxta</strong></span> <span class='ocrx_word' id='word_1_167' title='bbox 950 2220 1193 2285; x_wconf 84' lang='lat' dir='ltr'><strong>votum</strong></span> <span class='ocrx_word' id='word_1_168' title='bbox 1232 2209 1389 2283; x_wconf 77' lang='lat' dir='ltr'><strong>Emi</strong></span> <span class='ocrx_word' id='word_1_169' title='bbox 1427 2209 1856 2285; x_wconf 77' lang='lat' dir='ltr'><strong>Relatoris.»</strong></span> <span class='ocrx_word' id='word_1_170' title='bbox 1897 2210 2367 2303; x_wconf 88' lang='lat' dir='ltr'><strong>Reproposita</strong></span> <span class='ocrx_word' id='word_1_171' title='bbox 2405 2210 2655 2284; x_wconf 90' lang='lat' dir='ltr'><strong>eadem</strong></span> <span class='ocrx_word' id='word_1_172' title='bbox 2684 2229 2927 2298; x_wconf 89' lang='lat' dir='ltr'><strong>causa,</strong></span> 
     </span>
     <span class='ocr_line' id='line_1_19' title="bbox 290 2317 2933 2416; baseline 0.001 -28"><span class='ocrx_word' id='word_1_173' title='bbox 290 2318 351 2388; x_wconf 89' lang='lat' dir='ltr'><strong>in</strong></span> <span class='ocrx_word' id='word_1_174' title='bbox 392 2317 603 2415; x_wconf 82' lang='lat' dir='ltr'><strong>Cong.</strong></span> <span class='ocrx_word' id='word_1_175' title='bbox 650 2321 791 2394; x_wconf 88' lang='lat' dir='ltr'><strong>diei</strong></span> <span class='ocrx_word' id='word_1_176' title='bbox 843 2324 966 2393; x_wconf 92' lang='lat'><strong>22.</strong></span> <span class='ocrx_word' id='word_1_177' title='bbox 1007 2320 1173 2396; x_wconf 90' lang='lat' dir='ltr'><strong>Iun.</strong></span> <span class='ocrx_word' id='word_1_178' title='bbox 1222 2322 1436 2395; x_wconf 88' lang='grc'><strong>1844.</strong></span> <span class='ocrx_word' id='word_1_179' title='bbox 1504 2324 1718 2397; x_wconf 90' lang='lat' dir='ltr'><strong>Sacra</strong></span> <span class='ocrx_word' id='word_1_180' title='bbox 1781 2322 2244 2416; x_wconf 76' lang='lat' dir='ltr'><strong>congregatio</strong></span> <span class='ocrx_word' id='word_1_181' title='bbox 2311 2324 2502 2396; x_wconf 81' lang='lat' dir='ltr'><strong>stetit</strong></span> <span class='ocrx_word' id='word_1_182' title='bbox 2554 2322 2632 2395; x_wconf 81' lang='lat' dir='ltr'><strong>in</strong></span> <span class='ocrx_word' id='word_1_183' title='bbox 2684 2321 2933 2395; x_wconf 83' lang='lat' dir='ltr'><strong>decisis</strong></span> 
     </span>
     <span class='ocr_line' id='line_1_20' title="bbox 290 2430 2929 2526; baseline 0 -25"><span class='ocrx_word' id='word_1_184' title='bbox 290 2433 501 2519; x_wconf 87' lang='lat' dir='ltr'><strong>quoad</strong></span> <span class='ocrx_word' id='word_1_185' title='bbox 556 2434 830 2523; x_wconf 88' lang='lat' dir='ltr'><strong>omnia,</strong></span> <span class='ocrx_word' id='word_1_186' title='bbox 869 2434 929 2506; x_wconf 90' lang='lat' dir='ltr'><strong>si</strong></span> <span class='ocrx_word' id='word_1_187' title='bbox 983 2435 1297 2526; x_wconf 82' lang='lat' dir='ltr'><strong>excipias</strong></span> <span class='ocrx_word' id='word_1_188' title='bbox 1333 2436 1438 2523; x_wconf 87' lang='grc'><strong>9.,</strong></span> <span class='ocrx_word' id='word_1_189' title='bbox 1480 2436 1555 2507; x_wconf 92' lang='lat' dir='ltr'><strong>in</strong></span> <span class='ocrx_word' id='word_1_190' title='bbox 1583 2453 1725 2525; x_wconf 87' lang='lat' dir='ltr'><strong>quo</strong></span> <span class='ocrx_word' id='word_1_191' title='bbox 1780 2435 2177 2526; x_wconf 89' lang='lat' dir='ltr'><strong>rescripsit:</strong></span> <span class='ocrx_word' id='word_1_192' title='bbox 2225 2455 2262 2500; x_wconf 88' lang='lat'><strong>‹</strong></span> <span class='ocrx_word' id='word_1_193' title='bbox 2300 2430 2386 2506; x_wconf 93' lang='lat' dir='ltr'><strong>In</strong></span> <span class='ocrx_word' id='word_1_194' title='bbox 2422 2435 2680 2507; x_wconf 89' lang='lat' dir='ltr'><strong>decisis</strong></span> <span class='ocrx_word' id='word_1_195' title='bbox 2731 2435 2929 2506; x_wconf 85' lang='lat' dir='ltr'><strong>iuxta</strong></span> 
     </span>
     <span class='ocr_line' id='line_1_21' title="bbox 285 2537 2932 2641; baseline 0.002 -30"><span class='ocrx_word' id='word_1_196' title='bbox 285 2565 316 2611; x_wconf 87' lang='lat'><strong>›</strong></span> <span class='ocrx_word' id='word_1_197' title='bbox 350 2544 666 2634; x_wconf 89' lang='lat' dir='ltr'><strong>modum,</strong></span> <span class='ocrx_word' id='word_1_198' title='bbox 708 2545 1044 2617; x_wconf 90' lang='lat' dir='ltr'><strong>nimirum</strong></span> <span class='ocrx_word' id='word_1_199' title='bbox 1098 2546 1336 2638; x_wconf 89' lang='lat' dir='ltr'><strong>quoad</strong></span> <span class='ocrx_word' id='word_1_200' title='bbox 1389 2537 2013 2641; x_wconf 78' lang='lat' dir='ltr'><strong>Arcbiepiscopum</strong></span> <span class='ocrx_word' id='word_1_201' title='bbox 2058 2553 2259 2621; x_wconf 89' lang='lat' dir='ltr'><strong>extra</strong></span> <span class='ocrx_word' id='word_1_202' title='bbox 2312 2547 2932 2641; x_wconf 82' lang='lat' dir='ltr'><strong>metropolitanam</strong></span> 
     </span>
     <span class='ocr_line' id='line_1_22' title="bbox 284 2654 2928 2750; baseline 0.002 -29"><span class='ocrx_word' id='word_1_203' title='bbox 284 2680 318 2721; x_wconf 82' lang='lat'><strong>›</strong></span> <span class='ocrx_word' id='word_1_204' title='bbox 352 2654 756 2731; x_wconf 81' lang='lat' dir='ltr'><strong>functiones</strong></span> <span class='ocrx_word' id='word_1_205' title='bbox 794 2658 1242 2749; x_wconf 85' lang='lat' dir='ltr'><strong>pontificales</strong></span> <span class='ocrx_word' id='word_1_206' title='bbox 1278 2665 1753 2732; x_wconf 78' lang='lat' dir='ltr'><strong>exercentem.</strong></span> <span class='ocrx_word' id='word_1_207' title='bbox 1797 2683 1835 2730; x_wconf 88' lang='lat'>›</span> <span class='ocrx_word' id='word_1_208' title='bbox 1878 2654 2184 2750; x_wconf 89' lang='lat' dir='ltr'><strong>Insuper</strong></span> <span class='ocrx_word' id='word_1_209' title='bbox 2220 2660 2403 2731; x_wconf 90' lang='lat' dir='ltr'><strong>circa</strong></span> <span class='ocrx_word' id='word_1_210' title='bbox 2451 2658 2928 2750; x_wconf 85' lang='lat' dir='ltr'><strong>capellanum,</strong></span> 
     </span>
     <span class='ocr_line' id='line_1_23' title="bbox 277 2764 2938 2860; baseline 0.002 -24"><span class='ocrx_word' id='word_1_211' title='bbox 277 2764 353 2838; x_wconf 89' lang='lat' dir='ltr'><strong>de</strong></span> <span class='ocrx_word' id='word_1_212' title='bbox 400 2787 547 2859; x_wconf 86' lang='lat' dir='ltr'><strong>quo</strong></span> <span class='ocrx_word' id='word_1_213' title='bbox 617 2771 695 2841; x_wconf 91' lang='lat' dir='ltr'><strong>in</strong></span> <span class='ocrx_word' id='word_1_214' title='bbox 752 2771 869 2843; x_wconf 87' lang='grc'><strong>10.</strong></span> <span class='ocrx_word' id='word_1_215' title='bbox 913 2770 1160 2860; x_wconf 88' lang='lat' dir='ltr'><strong>dubi0‚</strong></span> <span class='ocrx_word' id='word_1_216' title='bbox 1217 2771 1464 2859; x_wconf 81' lang='lat' dir='ltr'><strong>edixit,</strong></span> <span class='ocrx_word' id='word_1_217' title='bbox 1522 2769 1929 2844; x_wconf 79' lang='lat' dir='ltr'><strong>iaciendum</strong></span> <span class='ocrx_word' id='word_1_218' title='bbox 1982 2790 2139 2844; x_wconf 89' lang='lat' dir='ltr'><strong>esse</strong></span> <span class='ocrx_word' id='word_1_219' title='bbox 2189 2771 2488 2844; x_wconf 89' lang='lat' dir='ltr'><strong>verbum</strong></span> <span class='ocrx_word' id='word_1_220' title='bbox 2539 2789 2700 2842; x_wconf 90' lang='lat' dir='ltr'><strong>cum</strong></span> <span class='ocrx_word' id='word_1_221' title='bbox 2755 2766 2938 2841; x_wconf 87' lang='lat' dir='ltr'><strong>San-</strong></span> 
     </span>
     <span class='ocr_line' id='line_1_24' title="bbox 281 2880 610 2953; baseline 0.003 -4"><span class='ocrx_word' id='word_1_222' title='bbox 281 2880 610 2953; x_wconf 88' lang='lat' dir='ltr'><strong>ctissimo.</strong></span> 
     </span>
    </p>

    <p class='ocr_par' dir='ltr' id='par_1_3' title="bbox 242 2993 2957 4766">
     <span class='ocr_line' id='line_1_25' title="bbox 404 2993 2939 3088; baseline 0 -24"><span class='ocrx_word' id='word_1_223' title='bbox 404 2995 526 3066; x_wconf 82' lang='lat'><strong>96.</strong></span> <span class='ocrx_word' id='word_1_224' title='bbox 592 2993 791 3068; x_wconf 91' lang='lat' dir='ltr'><strong>Circa</strong></span> <span class='ocrx_word' id='word_1_225' title='bbox 827 2996 1251 3068; x_wconf 86' lang='lat' dir='ltr'><strong>canonicum</strong></span> <span class='ocrx_word' id='word_1_226' title='bbox 1285 3013 1552 3088; x_wconf 82' lang='lat' dir='ltr'><strong>organa</strong></span> <span class='ocrx_word' id='word_1_227' title='bbox 1588 2996 2024 3087; x_wconf 90' lang='lat' dir='ltr'><strong>pulsantem,</strong></span> <span class='ocrx_word' id='word_1_228' title='bbox 2066 2995 2175 3067; x_wconf 90' lang='lat' dir='ltr'><strong>vel</strong></span> <span class='ocrx_word' id='word_1_229' title='bbox 2212 2997 2398 3068; x_wconf 90' lang='lat' dir='ltr'><strong>inter</strong></span> <span class='ocrx_word' id='word_1_230' title='bbox 2435 2995 2740 3067; x_wconf 89' lang='lat' dir='ltr'><strong>musicos</strong></span> <span class='ocrx_word' id='word_1_231' title='bbox 2767 3012 2939 3066; x_wconf 91' lang='lat' dir='ltr'><strong>con-</strong></span> 
     </span>
     <span class='ocr_line' id='line_1_26' title="bbox 277 3103 2939 3195; baseline 0.001 -22"><span class='ocrx_word' id='word_1_232' title='bbox 277 3103 630 3178; x_wconf 86' lang='lat' dir='ltr'><strong>cinentem</strong></span> <span class='ocrx_word' id='word_1_233' title='bbox 680 3105 965 3178; x_wconf 89' lang='lat' dir='ltr'><strong>videtur</strong></span> <span class='ocrx_word' id='word_1_234' title='bbox 1015 3108 1169 3179; x_wconf 89' lang='lat' dir='ltr'><strong>fieri</strong></span> <span class='ocrx_word' id='word_1_235' title='bbox 1221 3108 1483 3180; x_wconf 85' lang='lat' dir='ltr'><strong>debere</strong></span> <span class='ocrx_word' id='word_1_236' title='bbox 1534 3108 1911 3195; x_wconf 88' lang='lat' dir='ltr'><strong>limitatio,</strong></span> <span class='ocrx_word' id='word_1_237' title='bbox 1968 3106 2354 3180; x_wconf 91' lang='lat' dir='ltr'><strong>dummodo</strong></span> <span class='ocrx_word' id='word_1_238' title='bbox 2396 3107 2486 3178; x_wconf 94' lang='lat' dir='ltr'><strong>ob</strong></span> <span class='ocrx_word' id='word_1_239' title='bbox 2540 3106 2612 3176; x_wconf 91' lang='lat' dir='ltr'><strong>id</strong></span> <span class='ocrx_word' id='word_1_240' title='bbox 2665 3106 2939 3195; x_wconf 89' lang='lat' dir='ltr'><strong>stipen-</strong></span> 
     </span>
     <span class='ocr_line' id='line_1_27' title="bbox 275 3213 2939 3310; baseline 0.001 -26"><span class='ocrx_word' id='word_1_241' title='bbox 275 3213 459 3288; x_wconf 90' lang='lat' dir='ltr'><strong>dium</strong></span> <span class='ocrx_word' id='word_1_242' title='bbox 513 3218 866 3310; x_wconf 86' lang='lat' dir='ltr'><strong>accipiat:</strong></span> <span class='ocrx_word' id='word_1_243' title='bbox 923 3219 983 3289; x_wconf 92' lang='lat' dir='ltr'><strong>si</strong></span> <span class='ocrx_word' id='word_1_244' title='bbox 1036 3220 1226 3290; x_wconf 90' lang='lat' dir='ltr'><strong>enim</strong></span> <span class='ocrx_word' id='word_1_245' title='bbox 1260 3219 1444 3290; x_wconf 90' lang='lat' dir='ltr'><strong>nibil</strong></span> <span class='ocrx_word' id='word_1_246' title='bbox 1479 3238 1566 3290; x_wconf 91' lang='lat' dir='ltr'><strong>ex</strong></span> <span class='ocrx_word' id='word_1_247' title='bbox 1599 3217 1736 3290; x_wconf 93' lang='lat' dir='ltr'><strong>hoc</strong></span> <span class='ocrx_word' id='word_1_248' title='bbox 1780 3236 1994 3291; x_wconf 89' lang='lat' dir='ltr'><strong>onere</strong></span> <span class='ocrx_word' id='word_1_249' title='bbox 2031 3219 2354 3310; x_wconf 87' lang='lat' dir='ltr'><strong>percipit,</strong></span> <span class='ocrx_word' id='word_1_250' title='bbox 2395 3217 2939 3290; x_wconf 88' lang='lat' dir='ltr'><strong>distributiones</strong></span> 
     </span>
     <span class='ocr_line' id='line_1_28' title="bbox 271 3326 2931 3419; baseline 0 -23"><span class='ocrx_word' id='word_1_251' title='bbox 271 3330 604 3418; x_wconf 86' lang='lat' dir='ltr'><strong>acquirit,</strong></span> <span class='ocrx_word' id='word_1_252' title='bbox 650 3328 945 3419; x_wconf 90' lang='lat' dir='ltr'><strong>perinde</strong></span> <span class='ocrx_word' id='word_1_253' title='bbox 991 3347 1075 3400; x_wconf 91' lang='lat' dir='ltr'><strong>ac</strong></span> <span class='ocrx_word' id='word_1_254' title='bbox 1125 3329 1185 3400; x_wconf 89' lang='lat' dir='ltr'><strong>si</strong></span> <span class='ocrx_word' id='word_1_255' title='bbox 1239 3329 1452 3402; x_wconf 89' lang='lat' dir='ltr'><strong>choro</strong></span> <span class='ocrx_word' id='word_1_256' title='bbox 1505 3332 1929 3418; x_wconf 86' lang='lat' dir='ltr'><strong>interesset3</strong></span> <span class='ocrx_word' id='word_1_257' title='bbox 1984 3350 2155 3402; x_wconf 89' lang='lat' dir='ltr'><strong>nam</strong></span> <span class='ocrx_word' id='word_1_258' title='bbox 2190 3330 2304 3402; x_wconf 91' lang='lat' dir='ltr'><strong>die</strong></span> <span class='ocrx_word' id='word_1_259' title='bbox 2346 3330 2462 3401; x_wconf 90' lang='lat'><strong>15.</strong></span> <span class='ocrx_word' id='word_1_260' title='bbox 2502 3326 2680 3403; x_wconf 92' lang='lat' dir='ltr'><strong>Nov.</strong></span> <span class='ocrx_word' id='word_1_261' title='bbox 2719 3328 2931 3401; x_wconf 84' lang='grc'><strong>1659.</strong></span> 
     </span>
     <span class='ocr_line' id='line_1_29' title="bbox 270 3436 2940 3538; baseline 0 -30"><span class='ocrx_word' id='word_1_262' title='bbox 270 3438 337 3509; x_wconf 93' lang='lat' dir='ltr'><strong>in</strong></span> <span class='ocrx_word' id='word_1_263' title='bbox 375 3442 446 3513; x_wconf 86' lang='lat' dir='ltr'><strong>S.</strong></span> <span class='ocrx_word' id='word_1_264' title='bbox 496 3440 823 3513; x_wconf 81' lang='lat' dir='ltr'><strong>Severini</strong></span> <span class='ocrx_word' id='word_1_265' title='bbox 858 3436 1037 3538; x_wconf 83' lang='lat' dir='ltr'><strong>(lib.</strong></span> <span class='ocrx_word' id='word_1_266' title='bbox 1077 3441 1152 3513; x_wconf 86' lang='grc'><strong>2.</strong></span> <span class='ocrx_word' id='word_1_267' title='bbox 1186 3442 1442 3515; x_wconf 85' lang='lat' dir='ltr'><strong>decret.</strong></span> <span class='ocrx_word' id='word_1_268' title='bbox 1475 3461 1644 3535; x_wconf 80' lang='lat' dir='ltr'><strong>paq.</strong></span> <span class='ocrx_word' id='word_1_269' title='bbox 1688 3440 1861 3514; x_wconf 84' lang='grc'><strong>802.</strong></span> <span class='ocrx_word' id='word_1_270' title='bbox 1894 3448 1960 3514; x_wconf 85' lang='lat' dir='ltr'><strong>et</strong></span> <span class='ocrx_word' id='word_1_271' title='bbox 1994 3436 2209 3538; x_wconf 81' lang='lat'><strong>803.)</strong></span> <span class='ocrx_word' id='word_1_272' title='bbox 2247 3440 2340 3513; x_wconf 92' lang='lat' dir='ltr'><strong>ad</strong></span> <span class='ocrx_word' id='word_1_273' title='bbox 2375 3441 2717 3514; x_wconf 87' lang='lat' dir='ltr'><strong>dubium:</strong></span> <span class='ocrx_word' id='word_1_274' title='bbox 2764 3462 2801 3505; x_wconf 84' lang='lat'><strong>‹</strong></span> <span class='ocrx_word' id='word_1_275' title='bbox 2836 3437 2940 3509; x_wconf 82' lang='lat' dir='ltr'><strong>An</strong></span> 
     </span>
     <span class='ocr_line' id='line_1_30' title="bbox 269 3551 2935 3644; baseline -0.001 -22"><span class='ocrx_word' id='word_1_276' title='bbox 269 3574 302 3614; x_wconf 59' lang='grc' dir='ltr'><strong>ι</strong></span> <span class='ocrx_word' id='word_1_277' title='bbox 339 3552 767 3641; x_wconf 88' lang='lat' dir='ltr'><strong>praedictus</strong></span> <span class='ocrx_word' id='word_1_278' title='bbox 802 3553 1189 3626; x_wconf 88' lang='lat' dir='ltr'><strong>canonicus</strong></span> <span class='ocrx_word' id='word_1_279' title='bbox 1239 3554 1331 3624; x_wconf 89' lang='lat' dir='ltr'><strong>sit</strong></span> <span class='ocrx_word' id='word_1_280' title='bbox 1367 3554 1831 3644; x_wconf 89' lang='lat' dir='ltr'><strong>punctandus</strong></span> <span class='ocrx_word' id='word_1_281' title='bbox 1867 3552 1957 3623; x_wconf 92' lang='lat' dir='ltr'><strong>ob</strong></span> <span class='ocrx_word' id='word_1_282' title='bbox 1995 3554 2148 3623; x_wconf 90' lang='lat' dir='ltr'><strong>eius</strong></span> <span class='ocrx_word' id='word_1_283' title='bbox 2185 3574 2226 3623; x_wconf 91' lang='lat' dir='ltr'><strong>a</strong></span> <span class='ocrx_word' id='word_1_284' title='bbox 2264 3552 2477 3625; x_wconf 88' lang='lat' dir='ltr'><strong>choro</strong></span> <span class='ocrx_word' id='word_1_285' title='bbox 2507 3551 2935 3637; x_wconf 82' lang='lat' dir='ltr'><strong>absentiam,</strong></span> 
     </span>
     <span class='ocr_line' id='line_1_31' title="bbox 270 3664 2943 3757; baseline 0.001 -29"><span class='ocrx_word' id='word_1_286' title='bbox 270 3685 306 3728; x_wconf 80' lang='lat'>›</span> <span class='ocrx_word' id='word_1_287' title='bbox 341 3665 457 3735; x_wconf 91' lang='lat' dir='ltr'><strong>vel</strong></span> <span class='ocrx_word' id='word_1_288' title='bbox 494 3665 741 3756; x_wconf 89' lang='lat' dir='ltr'><strong>potius</strong></span> <span class='ocrx_word' id='word_1_289' title='bbox 779 3665 1278 3738; x_wconf 86' lang='lat' dir='ltr'><strong>interessentia</strong></span> <span class='ocrx_word' id='word_1_290' title='bbox 1319 3667 1391 3737; x_wconf 93' lang='lat' dir='ltr'><strong>in</strong></span> <span class='ocrx_word' id='word_1_291' title='bbox 1427 3684 1693 3757; x_wconf 83' lang='lat' dir='ltr'><strong>organo</strong></span> <span class='ocrx_word' id='word_1_292' title='bbox 1727 3682 1858 3757; x_wconf 88' lang='lat' dir='ltr'><strong>pro</strong></span> <span class='ocrx_word' id='word_1_293' title='bbox 1893 3664 2179 3737; x_wconf 90' lang='lat' dir='ltr'><strong>servitio</strong></span> <span class='ocrx_word' id='word_1_294' title='bbox 2225 3665 2565 3738; x_wconf 89' lang='lat' dir='ltr'><strong>ecclesiae</strong></span> <span class='ocrx_word' id='word_1_295' title='bbox 2603 3664 2693 3735; x_wconf 87' lang='lat' dir='ltr'><strong>sit</strong></span> <span class='ocrx_word' id='word_1_296' title='bbox 2732 3680 2943 3753; x_wconf 88' lang='lat' dir='ltr'><strong>repu-</strong></span> 
     </span>
     <span class='ocr_line' id='line_1_32' title="bbox 270 3773 2942 3870; baseline -0.001 -25"><span class='ocrx_word' id='word_1_297' title='bbox 270 3797 306 3837; x_wconf 75' lang='grc'><strong>»</strong></span> <span class='ocrx_word' id='word_1_298' title='bbox 345 3776 576 3846; x_wconf 89' lang='lat' dir='ltr'><strong>tanda</strong></span> <span class='ocrx_word' id='word_1_299' title='bbox 616 3775 709 3847; x_wconf 91' lang='lat' dir='ltr'><strong>ad</strong></span> <span class='ocrx_word' id='word_1_300' title='bbox 747 3776 1077 3850; x_wconf 79' lang='lat' dir='ltr'><strong>ellectum</strong></span> <span class='ocrx_word' id='word_1_301' title='bbox 1106 3777 1546 3870; x_wconf 88' lang='lat' dir='ltr'><strong>percipiendi</strong></span> <span class='ocrx_word' id='word_1_302' title='bbox 1583 3773 2167 3850; x_wconf 60' lang='lat' dir='ltr'><strong>distributiones?</strong></span> <span class='ocrx_word' id='word_1_303' title='bbox 2206 3778 2277 3850; x_wconf 92' lang='lat' dir='ltr'><strong>S.</strong></span> <span class='ocrx_word' id='word_1_304' title='bbox 2312 3776 2386 3848; x_wconf 86' lang='lat' dir='ltr'><strong>C.</strong></span> <span class='ocrx_word' id='word_1_305' title='bbox 2429 3777 2734 3864; x_wconf 88' lang='lat' dir='ltr'><strong>censuit,</strong></span> <span class='ocrx_word' id='word_1_306' title='bbox 2770 3793 2942 3866; x_wconf 83' lang='lat' dir='ltr'><strong>gau-</strong></span> 
     </span>
     <span class='ocr_line' id='line_1_33' title="bbox 263 3886 2957 3982; baseline 0 -28"><span class='ocrx_word' id='word_1_307' title='bbox 263 3909 304 3954; x_wconf 76' lang='lat'><em>»</em></span> <span class='ocrx_word' id='word_1_308' title='bbox 341 3886 562 3978; x_wconf 84' lang='lat' dir='ltr'><strong>dere,</strong></span> <span class='ocrx_word' id='word_1_309' title='bbox 622 3889 681 3959; x_wconf 90' lang='lat' dir='ltr'><strong>si</strong></span> <span class='ocrx_word' id='word_1_310' title='bbox 734 3889 1170 3978; x_wconf 86' lang='lat' dir='ltr'><strong>stipendium</strong></span> <span class='ocrx_word' id='word_1_311' title='bbox 1226 3907 1354 3980; x_wconf 92' lang='lat' dir='ltr'><strong>pro</strong></span> <span class='ocrx_word' id='word_1_312' title='bbox 1409 3890 1675 3961; x_wconf 89' lang='lat' dir='ltr'><strong>musica</strong></span> <span class='ocrx_word' id='word_1_313' title='bbox 1730 3907 1875 3961; x_wconf 92' lang='lat' dir='ltr'><strong>non</strong></span> <span class='ocrx_word' id='word_1_314' title='bbox 1928 3889 2249 3979; x_wconf 89' lang='lat' dir='ltr'><strong>recipiat.</strong></span> <span class='ocrx_word' id='word_1_315' title='bbox 2287 3915 2324 3958; x_wconf 79' lang='lat'><strong>»</strong></span> <span class='ocrx_word' id='word_1_316' title='bbox 2380 3886 2579 3961; x_wconf 89' lang='lat' dir='ltr'><strong>Idem</strong></span> <span class='ocrx_word' id='word_1_317' title='bbox 2634 3886 2779 3958; x_wconf 82' lang='lat' dir='ltr'><strong>iere</strong></span> <span class='ocrx_word' id='word_1_318' title='bbox 2830 3903 2957 3982; x_wconf 45' lang='lat' dir='ltr'><strong>ref</strong></span> 
     </span>
     <span class='ocr_line' id='line_1_34' title="bbox 259 3996 2953 4094; baseline -0 -26"><span class='ocrx_word' id='word_1_319' title='bbox 259 4016 615 4089; x_wconf 87' lang='lat' dir='ltr'><strong>sponsum</strong></span> <span class='ocrx_word' id='word_1_320' title='bbox 671 3998 868 4071; x_wconf 89' lang='lat' dir='ltr'><strong>dedit</strong></span> <span class='ocrx_word' id='word_1_321' title='bbox 919 4002 993 4071; x_wconf 91' lang='lat' dir='ltr'><strong>in</strong></span> <span class='ocrx_word' id='word_1_322' title='bbox 1031 4001 1318 4073; x_wconf 82' lang='lat' dir='ltr'><strong>Nullius</strong></span> <span class='ocrx_word' id='word_1_323' title='bbox 1357 4021 1474 4072; x_wconf 81' lang='lat' dir='ltr'><strong>seu</strong></span> <span class='ocrx_word' id='word_1_324' title='bbox 1511 4000 1910 4094; x_wconf 78' lang='lat' dir='ltr'><strong>Putiqnani</strong></span> <span class='ocrx_word' id='word_1_325' title='bbox 1945 4003 2017 4073; x_wconf 83' lang='lat'><strong>6.</strong></span> <span class='ocrx_word' id='word_1_326' title='bbox 2058 3999 2223 4073; x_wconf 88' lang='lat' dir='ltr'><strong>Maii</strong></span> <span class='ocrx_word' id='word_1_327' title='bbox 2267 4002 2478 4072; x_wconf 87' lang='lat'><strong>1751.</strong></span> <span class='ocrx_word' id='word_1_328' title='bbox 2523 4000 2613 4071; x_wconf 90' lang='lat' dir='ltr'><strong>ad</strong></span> <span class='ocrx_word' id='word_1_329' title='bbox 2652 3999 2721 4069; x_wconf 88' lang='grc'><strong>4.</strong></span> <span class='ocrx_word' id='word_1_330' title='bbox 2756 3996 2953 4069; x_wconf 81' lang='lat' dir='ltr'><strong>dub.&#39;</strong></span> 
     </span>
     <span class='ocr_line' id='line_1_35' title="bbox 252 4110 2941 4208; baseline 0 -27"><span class='ocrx_word' id='word_1_331' title='bbox 252 4113 492 4185; x_wconf 87' lang='lat' dir='ltr'><strong>relata</strong></span> <span class='ocrx_word' id='word_1_332' title='bbox 550 4114 625 4183; x_wconf 92' lang='lat' dir='ltr'><strong>in</strong></span> <span class='ocrx_word' id='word_1_333' title='bbox 679 4111 799 4183; x_wconf 83' lang='lat' dir='ltr'><strong>fol.</strong></span> <span class='ocrx_word' id='word_1_334' title='bbox 846 4113 1122 4186; x_wconf 84' lang='lat' dir='ltr'><strong>Ferent.</strong></span> <span class='ocrx_word' id='word_1_335' title='bbox 1167 4116 1236 4185; x_wconf 95' lang='lat'><strong>7.</strong></span> <span class='ocrx_word' id='word_1_336' title='bbox 1282 4110 1445 4187; x_wconf 91' lang='lat' dir='ltr'><strong>lun.</strong></span> <span class='ocrx_word' id='word_1_337' title='bbox 1492 4114 1705 4186; x_wconf 88' lang='lat'><strong>1760.</strong></span> <span class='ocrx_word' id='word_1_338' title='bbox 1746 4110 1821 4208; x_wconf 63' lang='grc' dir='ltr'><strong>ἓ.</strong></span> <span class='ocrx_word' id='word_1_339' title='bbox 1865 4115 1955 4186; x_wconf 86' lang='lat' dir='ltr'><strong>Et</strong></span> <span class='ocrx_word' id='word_1_340' title='bbox 2006 4115 2205 4196; x_wconf 85' lang='lat' dir='ltr'><strong>haec,</strong></span> <span class='ocrx_word' id='word_1_341' title='bbox 2241 4115 2317 4185; x_wconf 90' lang='lat' dir='ltr'><strong>in</strong></span> <span class='ocrx_word' id='word_1_342' title='bbox 2354 4133 2496 4204; x_wconf 89' lang='lat' dir='ltr'><strong>qua</strong></span> <span class='ocrx_word' id='word_1_343' title='bbox 2532 4113 2783 4185; x_wconf 89' lang='lat' dir='ltr'><strong>eadem</strong></span> <span class='ocrx_word' id='word_1_344' title='bbox 2818 4110 2941 4182; x_wconf 89' lang='lat' dir='ltr'><strong>de-</strong></span> 
     </span>
     <span class='ocr_line' id='line_1_36' title="bbox 256 4220 2934 4316; baseline -0 -22"><span class='ocrx_word' id='word_1_345' title='bbox 256 4223 569 4296; x_wconf 91' lang='lat' dir='ltr'><strong>claratio</strong></span> <span class='ocrx_word' id='word_1_346' title='bbox 621 4223 816 4296; x_wconf 89' lang='lat' dir='ltr'><strong>edita</strong></span> <span class='ocrx_word' id='word_1_347' title='bbox 869 4231 1022 4313; x_wconf 88' lang='lat' dir='ltr'><strong>est,</strong></span> <span class='ocrx_word' id='word_1_348' title='bbox 1079 4233 1150 4298; x_wconf 87' lang='lat' dir='ltr'><strong>et</strong></span> <span class='ocrx_word' id='word_1_349' title='bbox 1203 4227 1498 4316; x_wconf 90' lang='lat' dir='ltr'><strong>insuper</strong></span> <span class='ocrx_word' id='word_1_350' title='bbox 1567 4225 1893 4298; x_wconf 87' lang='lat' dir='ltr'><strong>additum</strong></span> <span class='ocrx_word' id='word_1_351' title='bbox 1947 4232 2094 4314; x_wconf 87' lang='lat' dir='ltr'><strong>est,</strong></span> <span class='ocrx_word' id='word_1_352' title='bbox 2153 4226 2578 4297; x_wconf 90' lang='lat' dir='ltr'><strong>canonicum</strong></span> <span class='ocrx_word' id='word_1_353' title='bbox 2627 4220 2934 4311; x_wconf 84' lang='lat' dir='ltr'><strong>Petacci,</strong></span> 
     </span>
     <span class='ocr_line' id='line_1_37' title="bbox 251 4336 2940 4430; baseline 0 -24"><span class='ocrx_word' id='word_1_354' title='bbox 251 4338 381 4425; x_wconf 88' lang='lat' dir='ltr'><strong>qui</strong></span> <span class='ocrx_word' id='word_1_355' title='bbox 439 4336 962 4427; x_wconf 87' lang='lat' dir='ltr'><strong>praesumebat</strong></span> <span class='ocrx_word' id='word_1_356' title='bbox 1012 4356 1167 4411; x_wconf 89' lang='grc'><strong>5050</strong></span> <span class='ocrx_word' id='word_1_357' title='bbox 1218 4344 1673 4430; x_wconf 89' lang='lat' dir='ltr'><strong>praesentem</strong></span> <span class='ocrx_word' id='word_1_358' title='bbox 1708 4337 1988 4426; x_wconf 86' lang='lat' dir='ltr'><strong>baberi,</strong></span> <span class='ocrx_word' id='word_1_359' title='bbox 2031 4356 2171 4428; x_wconf 88' lang='lat' dir='ltr'><strong>quo</strong></span> <span class='ocrx_word' id='word_1_360' title='bbox 2211 4344 2527 4428; x_wconf 86' lang='lat' dir='ltr'><strong>tempore</strong></span> <span class='ocrx_word' id='word_1_361' title='bbox 2564 4338 2636 4408; x_wconf 92' lang='lat' dir='ltr'><strong>in</strong></span> <span class='ocrx_word' id='word_1_362' title='bbox 2673 4353 2940 4428; x_wconf 82' lang='lat' dir='ltr'><strong>organo</strong></span> 
     </span>
     <span class='ocr_line' id='line_1_38' title="bbox 247 4447 2944 4541; baseline 0.001 -24"><span class='ocrx_word' id='word_1_363' title='bbox 247 4447 684 4536; x_wconf 86' lang='lat' dir='ltr'><strong>interesset,</strong></span> <span class='ocrx_word' id='word_1_364' title='bbox 743 4449 1124 4540; x_wconf 73' lang='lat' dir='ltr'><strong>copendum</strong></span> <span class='ocrx_word' id='word_1_365' title='bbox 1173 4469 1317 4522; x_wconf 85' lang='lat' dir='ltr'><strong>esse</strong></span> <span class='ocrx_word' id='word_1_366' title='bbox 1369 4450 1461 4521; x_wconf 90' lang='lat' dir='ltr'><strong>ad</strong></span> <span class='ocrx_word' id='word_1_367' title='bbox 1498 4449 1708 4521; x_wconf 89' lang='lat' dir='ltr'><strong>choro</strong></span> <span class='ocrx_word' id='word_1_368' title='bbox 1743 4449 2317 4522; x_wconf 88' lang='lat' dir='ltr'><strong>interessendum</strong></span> <span class='ocrx_word' id='word_1_369' title='bbox 2356 4449 2521 4521; x_wconf 84' lang='lat' dir='ltr'><strong>aliis</strong></span> <span class='ocrx_word' id='word_1_370' title='bbox 2549 4449 2794 4541; x_wconf 83' lang='lat' dir='ltr'><strong>poenis</strong></span> <span class='ocrx_word' id='word_1_371' title='bbox 2822 4468 2944 4539; x_wconf 84' lang='lat' dir='ltr'><strong>pe-</strong></span> 
     </span>
     <span class='ocr_line' id='line_1_39' title="bbox 246 4559 2941 4658; baseline 0.001 -28"><span class='ocrx_word' id='word_1_372' title='bbox 246 4560 623 4631; x_wconf 83' lang='lat' dir='ltr'><strong>cuniariis</strong></span> <span class='ocrx_word' id='word_1_373' title='bbox 679 4561 978 4632; x_wconf 82' lang='lat' dir='ltr'><strong>arbitrio</strong></span> <span class='ocrx_word' id='word_1_374' title='bbox 1021 4560 1422 4633; x_wconf 80' lang='lat' dir='ltr'><strong>ordinarii.</strong></span> <span class='ocrx_word' id='word_1_375' title='bbox 1485 4559 1580 4632; x_wconf 83' lang='lat' dir='ltr'><strong>Ac</strong></span> <span class='ocrx_word' id='word_1_376' title='bbox 1629 4561 2071 4652; x_wconf 87' lang='lat' dir='ltr'><strong>reproposita</strong></span> <span class='ocrx_word' id='word_1_377' title='bbox 2123 4579 2340 4634; x_wconf 87' lang='lat' dir='ltr'><strong>causa</strong></span> <span class='ocrx_word' id='word_1_378' title='bbox 2378 4561 2494 4635; x_wconf 88' lang='lat' dir='ltr'><strong>die</strong></span> <span class='ocrx_word' id='word_1_379' title='bbox 2530 4564 2602 4634; x_wconf 93' lang='lat'><strong>2.</strong></span> <span class='ocrx_word' id='word_1_380' title='bbox 2643 4562 2941 4658; x_wconf 82' lang='lat' dir='ltr'><strong>Augusti</strong></span> 
     </span>
     <span class='ocr_line' id='line_1_40' title="bbox 242 4670 1916 4766; baseline -0.001 -21"><span class='ocrx_word' id='word_1_381' title='bbox 242 4691 397 4765; x_wconf 83' lang='lat' dir='ltr'><strong>seq.</strong></span> <span class='ocrx_word' id='word_1_382' title='bbox 470 4672 691 4745; x_wconf 87' lang='lat' dir='ltr'><strong>Sacra</strong></span> <span class='ocrx_word' id='word_1_383' title='bbox 744 4670 1212 4766; x_wconf 83' lang='lat' dir='ltr'><strong>Congregatio</strong></span> <span class='ocrx_word' id='word_1_384' title='bbox 1264 4673 1456 4747; x_wconf 80' lang='lat' dir='ltr'><strong>stetit</strong></span> <span class='ocrx_word' id='word_1_385' title='bbox 1507 4673 1584 4744; x_wconf 83' lang='lat' dir='ltr'><strong>in</strong></span> <span class='ocrx_word' id='word_1_386' title='bbox 1637 4672 1916 4746; x_wconf 75' lang='lat' dir='ltr'><strong>decisiS.</strong></span> 
     </span>
    </p>
   </div>
  </div>
 </body>
</html>
