3497 5235
632 207 752 272 214
1387 209 1761 269 humationi:
1799 209 1853 266 8.
1882 209 2066 285 Oongr.
2093 210 2241 270 om.
2281 211 2553 287 expositio.

638 370 676 415 ›
717 345 910 418 idem
961 343 1291 417 conferri.
1330 341 1527 427 Quae
1564 344 1951 417 traduntur
1985 346 2059 416 in
2094 342 2562 435 CatechismO,
2602 346 3046 419 constituunt
3090 365 3273 438 regu-

639 480 678 523 »
717 457 907 544 lam3
963 474 1151 548 quae
1203 456 1566 530 adduntur
1633 457 1708 528 in
1782 453 2224 546 Pontificali,
2291 458 2737 531 constituunt
2806 458 3274 530 limitationem

638 591 680 636 ι
716 568 1033 660 regulae.
1077 594 1115 636 2>

676 773 682 779 ²
791 682 953 753 136.
996 677 1254 772 Itaque
1287 680 1675 753 videndum
1730 688 1865 769 est,
1907 699 2265 771 quaenam
2301 683 2393 754 sit
2446 683 2632 755 iusta
2670 688 2742 754 et
2772 700 3037 773 urgens
3083 700 3275 754 causa

636 809 837 863 sacro
889 792 1270 865 chrismate
1341 791 1656 865 infantes
1720 792 2068 883 ungendi.
2127 789 2451 867 Iamvero
2503 794 2730 887 prima
2786 802 2857 867 et
2930 795 3277 886 potissima

640 920 854 974 causa
906 910 1013 975 est
1068 904 1312 976 mortis
1364 903 1776 993 discrimen,
1831 906 1906 975 in
1959 924 2100 995 quo
2153 906 2290 996 ipsi
2342 912 2743 978 versantur.
2801 902 3008 994 Nam,
3074 911 3152 978 ut
3194 908 3281 977 ait

636 1010 723 1084 D.
755 1011 1059 1087 Thomas
1093 1012 1168 1087 3.
1200 1034 1278 1106 p.
1320 1035 1439 1107 qu.
1473 1014 1593 1087 72.
1633 1023 1780 1088 art.
1811 1016 1884 1090 8.
1928 1016 2025 1089 ad
2058 1016 2170 1088 4..·
2213 1040 2251 1081 ‹
2287 1015 2566 1106 Anima,
2607 1017 2698 1089 ad
2743 1036 2959 1107 quam
2995 1018 3283 1109 pertinet

642 1148 681 1191 »
719 1126 1114 1215 spiritualis
1165 1134 1390 1216 aetaS,
1448 1128 1870 1200 immortalis
1922 1134 2057 1201 est.
2131 1125 2223 1201 Et
2282 1128 2444 1200 ideo
2496 1131 2710 1202 etiam
2766 1131 3127 1203 morituris
3168 1129 3285 1200 hoc

641 1261 678 1306 ›
720 1234 1260 1310 Sacramentum
1313 1239 1632 1313 dandum
1704 1247 1854 1330 est,
1910 1249 1990 1313 ut
2042 1242 2116 1313 in
2168 1242 2686 1314 resurrectione
2738 1241 3031 1334 perlecti
3087 1259 3285 1332 appa-

639 1374 678 1417 »
717 1357 923 1423 reant
971 1353 1368 1425 secundum
1420 1351 1598 1423 illud
1650 1353 1829 1443 Eph.
1862 1351 1935 1425 4.
1981 1352 2118 1427 13:
2159 1352 2391 1425 Donec
2444 1372 2898 1425 occurramus
2946 1354 3022 1424 in
3079 1354 3287 1426 virum

637 1486 676 1529 »
704 1464 1126 1555 perfectum,
1165 1465 1240 1536 in
1294 1484 1700 1537 mensuram
1751 1466 2006 1538 aetatis
2050 1465 2522 1556 plenitudinis
2580 1466 2916 1539 Christi.»

787 1576 955 1647 137.
1001 1573 1191 1646 Alias
1243 1577 1462 1649 etiam
1514 1575 1796 1648 addunt
1838 1595 2093 1648 causas
2144 1576 2484 1669 theologi,
2527 1595 2709 1667 quas
2745 1577 3066 1667 congerit
3116 1574 3183 1647 S.
3219 1571 3282 1645 C.

637 1683 713 1758 C.
754 1686 831 1758 in
866 1686 1035 1759 folio
1074 1688 1424 1777 Seqobien.
1481 1688 1596 1759 12.
1639 1684 1848 1759 Mart.
1896 1688 2110 1759 1774.
2152 1685 2225 1783 ἓ.
2271 1690 2617 1761 Praeter.-
2673 1709 2711 1754 ι
2750 1684 3059 1760 Possunt
3096 1687 3288 1758 etiam

640 1823 678 1868 ›
722 1797 931 1870 modo
1001 1798 1249 1890 inungi
1320 1801 1524 1891 pueri
1575 1806 1744 1872 ante
1806 1801 2262 1892 septennium
2297 1853 2316 1889 ,
2391 1801 2450 1871 si
2498 1800 3005 1892 praevideatur
3077 1798 3289 1870 futura

642 1936 680 1981 ›
721 1910 1001 1984 diutina
1054 1911 1381 1984 absentia
1433 1908 1797 2002 Episcopi,
1847 1920 1973 1985 ant
2025 1930 2172 1983 non
2225 1910 2454 1984 facilis
2504 1914 2973 2004 imposterum
3024 1909 3289 1981 futurus

640 2046 680 2094 ›
721 2023 946 2114 ipsius
996 2019 1330 2115 Episcopi
1383 2041 1712 2096 accessus
1748 2025 1842 2096 ad
1893 2042 2181 2116 puerm,
2222 2024 2334 2096 vel
2388 2024 2479 2096 ob
2532 2025 3150 2114 ingravescentem
3192 2038 3297 2092 ae-

644 2159 683 2202 »
721 2139 942 2207 tatem
994 2135 1341 2222 eiusdem,
1383 2135 1496 2207 vel
1532 2143 1825 2226 propter
1858 2153 2239 2227 puerorum
2276 2135 2697 2208 distantiam
2752 2155 2793 2205 a
2846 2133 3161 2220 civitate,
3197 2130 3293 2202 vel

645 2270 684 2313 »
722 2253 1015 2339 propter
1073 2245 1354 2318 itineris
1404 2246 1948 2336 difficultatem,
2006 2248 2312 2319 aliamve
2363 2249 2624 2320 iustam
2683 2252 3005 2319 causam.
3052 2269 3092 2314 ›
3129 2241 3297 2325 Qua-

637 2362 932 2449 propter
967 2357 1042 2427 in
1078 2356 1268 2428 dicta
1309 2359 1663 2451 Seqobien.
1705 2358 1822 2431 die
1857 2358 1979 2430 21.
2020 2357 2246 2451 April.
2288 2360 2547 2430 iterum
2582 2358 2976 2450 proposita,
3016 2356 3291 2447 duplex,

642 2469 836 2559 qnod
886 2470 1240 2557 sequitur,
1280 2470 1579 2543 dubium
1617 2471 2093 2563 disceptatum
2133 2477 2267 2543 est.
2317 2493 2353 2537 ‹
2398 2470 2531 2559 An,
2586 2470 2882 2565 attentis
2933 2469 3295 2562 peculiari-

645 2603 683 2649 »
721 2578 860 2652 bus
921 2581 1518 2670 circumstantiis,
1576 2584 2115 2657 Sacramentum
2183 2572 2757 2657 confirmationis
2825 2579 3298 2654 administrari

645 2718 683 2763 ›
723 2695 947 2784 possit
999 2695 1214 2767 etiam
1265 2698 1505 2786 pueris
1556 2704 1627 2769 et
1682 2694 2110 2783 infantibus,
2165 2696 2364 2768 nulla
2415 2696 2667 2768 hahita
2720 2695 2981 2767 aetatis
3030 2695 3296 2765 ratione

646 2830 684 2875 ›
724 2806 800 2877 in
853 2801 1063 2878 casu?
1123 2805 1228 2877 An
1277 2808 1490 2879 etiam
1544 2809 2028 2880 administrari
2077 2808 2303 2899 possit
2369 2808 2609 2898 pueris
2660 2812 2734 2879 et
2785 2805 3184 2877 infantibus
3232 2804 3298 2874 in

646 2942 685 2985 ι
723 2917 970 2990 mortis
1020 2918 1335 3008 periculo
1387 2920 1795 2992 constitutis
1831 2920 1904 2991 in
1941 2915 2159 2991 casu?
2200 2943 2238 2988 ›
2296 2916 2369 2990 S.
2411 2916 2486 2989 C.
2526 2918 2896 3009 respondit
2952 2941 2990 2982 ς
3033 2916 3134 2989 Ad
3171 2915 3300 3006 pri-

644 3053 682 3098 ›
726 3048 958 3101 mum:
993 3029 1454 3119 Affirmative,
1487 3031 1776 3103 nonnisi
1812 3032 1888 3102 in
1926 3029 2261 3122 gravibus
2295 3036 2367 3103 et
2400 3028 2825 3122 urgentibus
2848 3030 3301 3102 circumstan-

646 3165 685 3208 »
722 3141 871 3230 tiis,
909 3159 1125 3233 super
1175 3142 1440 3232 quibus
1476 3142 1913 3215 conscientia
1947 3139 2283 3234 Episcopi
2319 3147 2678 3214 oneretur.
2723 3141 2827 3212 Ad
2864 3139 3292 3212 secundum:

647 3276 686 3319 ι»
728 3251 1192 3325 Affirmative.
1238 3279 1276 3321 ›

797 3365 962 3437 138.
1002 3362 1537 3457 Nonnunquam
1581 3365 1919 3460 Episcopi
1957 3364 2044 3437 ad
2083 3384 2358 3438 sacram
2394 3363 3020 3437 Confirmationem
3057 3365 3303 3453 imper-

641 3477 965 3550 tiendam
1018 3485 1503 3569 arcessuntur‚
1543 3483 1911 3552 saeviente
1962 3478 2205 3570 aliqua
2260 3477 2696 3569 pestilentia.
2738 3472 2892 3557 Qua
2945 3476 3299 3548 occasione

595 3578 614 3596 '
642 3588 1025 3681 pulchrum
1080 3590 1360 3662 imitatu
1412 3592 1694 3664 videtur
1745 3591 2152 3681 exemplum
2205 3588 2275 3660 S.
2318 3587 2545 3661 Caroli
2595 3586 3033 3674 Borromaei‚
3073 3585 3198 3675 qui
3234 3583 3303 3654 in

646 3698 1161 3773 Mediolanensi
1214 3707 1414 3793 peste
1466 3698 1580 3797 (ut
1630 3722 1716 3774 ex
1771 3699 2123 3775 Giussano
2174 3700 2390 3774 refert
2438 3698 2714 3773 Bened.
2754 3697 2944 3772 XIV.
2996 3702 3123 3772 loc.
3180 3696 3295 3770 cit.

646 3812 768 3883 lib.
814 3812 1015 3886 XIII.
1056 3831 1214 3904 cap.
1259 3812 1377 3886 19.
1420 3834 1494 3885 η.
1536 3815 1612 3887 5.
1650 3821 1718 3888 et
1748 3810 1972 3910 seqq.)
2009 3831 2342 3905 magnam
2395 3814 2706 3884 animam
2760 3829 3114 3905 exponere
3163 3824 3304 3880 non

645 3926 1002 3996 recusavit
1052 3943 1212 3998 cum
1249 3924 1626 3997 manifesto
1677 3944 1850 3998 suae
1905 3927 2091 3998 vitae
2126 3925 2467 4016 periculO,
2509 3930 2590 3996 ut
2640 3941 2900 4016 pueros
2933 3924 3052 3995 lue
3100 3937 3305 3994 vexa·

645 4039 756 4107 tos
808 4053 1010 4107 sacro
1062 4036 1443 4108 chrismate
1494 4037 1837 4127 signaret.
1880 4036 1971 4109 At
2008 4056 2196 4125 vero,
2239 4036 2578 4125 quoniam
2617 4034 3027 4107 huiusmodi
3067 4034 3308 4106 Sacra-

645 4154 967 4220 mentum
1020 4165 1169 4220 non
1219 4154 1326 4220 est
1377 4147 1468 4219 de
1504 4149 1928 4221 necessitate
1981 4147 2223 4237 medii,
2264 4148 2390 4219 sed
2428 4153 2712 4219 tantum
2762 4147 2853 4219 de
2890 4145 3308 4218 necessitate

642 4260 1035 4351 praecepti,
1074 4260 1264 4332 datis
1314 4260 1870 4332 circumstantiis
1922 4260 2393 4351 adimplendi,
2435 4258 2724 4331 difficile
2776 4275 2957 4348 opus
3008 4256 3137 4329 sibi
3186 4253 3309 4323 ille

644 4378 1110 4462 suscepturus
1161 4369 1544 4446 Benedicto
1597 4368 1789 4445 xlv,
1833 4373 1963 4445 loc.
2005 4373 2126 4444 cit.
2172 4391 2247 4444 n.
2293 4372 2363 4444 6.
2422 4370 2731 4460 videtur,
2772 4370 2898 4460 qui
2935 4364 3313 4441 contende-

645 4488 784 4570 ret,
821 4480 1254 4575 Episcopum
1306 4484 1726 4559 ohstrictum
1781 4503 1935 4558 esse
1986 4482 2555 4559 confirmationis
2607 4479 3144 4555 Sacramentum
3181 4475 3311 4548 ad-

647 4592 1055 4667 ministrare
1105 4613 1267 4668 cum
1320 4597 1640 4687 proximo
1693 4615 1866 4670 suae
1919 4597 2110 4668 vitae
2160 4594 2505 4686 periculo.
