3497 5235
563 304 681 378 Gap.
707 305 780 362 11.
819 303 891 362 Do
932 303 1196 377 Epiunpo,
1234 300 1644 375 Archi-pincello,
1683 300 1912 358 Prinna
1951 301 2009 359 ot
2044 301 2372 360 Patriuohn.
2414 305 2469 378 g.
2495 304 2546 361 8.
2772 303 2882 366 183

255 436 643 524 exhibuerit,
699 438 851 526 qui,
911 436 1003 508 ad
1055 455 1379 510 normam
1429 455 1789 510 sacrorum
1842 433 2236 526 Canonum,
2286 438 2398 509 vel
2451 455 2539 510 ex
2591 438 2882 531 speciali

254 548 314 621 S.
348 548 531 622 Sedis
581 550 1074 643 dispositione,
1130 554 1500 621 vacantem
1555 550 1935 622 dioecesim
1998 548 2477 640 administrat,
2538 550 2644 623 vel
2697 552 2887 623 eius-

253 662 384 735 dem
435 660 1089 734 Administratorem
1142 680 1269 734 seu
1322 660 1678 733 vicarium
1730 662 2058 753 deputat.

371 800 407 841 v
441 771 912 856 Quamobrem
949 792 1075 867 pro
1113 773 1332 846 nullis
1373 772 1750 845 habendae
1805 781 1976 846 sunt
2012 774 2501 861 limitationeS,
2542 791 2669 846 seu
2705 791 2886 864 quo-

249 886 322 958 ad
351 888 928 974 iurisdictionem,
972 903 1099 959 seu
1137 886 1378 976 quoad
1412 890 1696 977 tempus
1738 885 2061 957 adiectae
2097 905 2138 956 a
2173 882 2498 975 Capitulo
2550 885 2882 957 electioni

248 993 465 1070 Vicarii
512 995 967 1090 Capitularis,
1011 999 1136 1088 qui
1191 998 1478 1084 idcirce,
1521 998 1604 1068 iis
1658 1015 1803 1067 non
1854 995 2346 1081 obstantibus,
2404 996 2716 1068 officium
2769 1015 2882 1068 se-

245 1109 356 1180 mel
400 1109 531 1181 sibi
584 1111 719 1183 rite
772 1109 1108 1181 collatum
1148 1115 1296 1181 toto
1332 1115 1675 1200 tempore,
1716 1127 1859 1198 quo
1910 1108 2119 1180 sedes
2154 1104 2596 1197 Episcopalis
2647 1127 2874 1180 vacua

248 1218 449 1308 fuerit,
488 1227 859 1310 totamque
912 1221 1350 1292 ordinariam
1402 1219 1963 1292 iurisdictionem
1999 1216 2496 1311 Episcopalem
2549 1219 2773 1291 libere
2806 1227 2878 1293 et

243 1332 438 1404 valide
486 1350 822 1405 exercere
875 1337 1148 1423 perget,
1189 1333 1420 1405 donec
1458 1352 1683 1404 novus
1734 1329 2129 1424 Episcopus
2172 1330 2612 1422 Apostolicas
2664 1349 2882 1403 cano-

242 1446 409 1517 nicae
457 1464 635 1517 suae
685 1446 1157 1517 institutionis
1211 1444 1544 1533 Litteras,
1585 1453 1664 1519 ut
1715 1444 2052 1532 diximuS,
2092 1444 2459 1517 exhibeat.

361 1581 395 1622 »
430 1553 582 1628 Hac
638 1563 878 1628 autem
933 1557 1303 1629 occasione
1359 1556 1806 1628 declaramus
1848 1558 2064 1628 etiam
2117 1562 2189 1628 et
2240 1556 2719 1644 decernimus,
2763 1574 2893 1644 ea,

244 1685 395 1757 quae
442 1688 483 1739 a
533 1665 873 1760 Gregorio
910 1665 1002 1737 X.
1046 1666 1427 1741 Decessore
1462 1665 1743 1756 Nostm,
1802 1669 1874 1739 in
1927 1665 2235 1739 Concilio
2274 1664 2747 1757 Lugdunensi
2802 1667 2876 1738 2·

239 1778 309 1850 (le
349 1779 588 1851 electis
644 1799 685 1850 a
738 1777 1084 1870 Capitulis
1138 1780 1534 1851 constituta
1572 1787 1740 1851 sunt
1795 1775 2000 1869 (Cap.
2040 1778 2414 1851 Avaritiae
2449 1778 2540 1849 de
2575 1774 2884 1852 Electio-

239 1892 403 1962 nein
436 1887 576 1988 6.),
641 1891 1245 1982 comprehendere
1298 1892 1517 1963 etiam
1569 1892 1975 1962 nominatos
2026 1897 2097 1962 et
2150 1896 2644 1981 praesentatos
2680 1909 2720 1961 a
2759 1909 2882 1962 su-

234 2004 458 2095 premis
506 2001 969 2094 publicarum
1022 2020 1261 2074 rerum
1319 2001 1934 2090 moderatoribuS‚
1983 2003 2133 2073 sive
2185 2003 2649 2092 imperatores
2701 2002 2872 2090 sint,

237 2113 355 2185 sive
399 2131 635 2205 reges,
675 2115 825 2185 sive
878 2114 1124 2202 duceS,
1169 2114 1283 2185 vel
1337 2114 1727 2205 praesideS,
1771 2119 1842 2185 et
1879 2113 2546 2204 quomodocumque
2600 2131 2881 2186 nuncu-

232 2232 480 2315 pentur,
540 2227 672 2316 qui
727 2243 814 2296 ex
866 2226 938 2297 S.
983 2226 1186 2297 Sedis
1235 2227 1716 2314 concessione,
1759 2244 1889 2297 seu
1926 2225 2293 2315 privilegio
2347 2226 2501 2296 iure
2556 2225 2875 2317 gaudent

232 2336 622 2409 nominandi
674 2343 745 2408 et
799 2337 1308 2427 praesentandi
1382 2336 1472 2408 ad
1527 2336 1733 2409 sedes
1785 2333 2246 2429 Episcopales
2308 2337 2382 2407 in
2436 2337 2583 2408 suis
2634 2354 2877 2427 respe-

232 2450 407 2520 ctivis
439 2449 846 2522 ditionibus
879 2456 1265 2537 vacantes3
1323 2451 1695 2524 abolentes
1732 2451 2024 2539 idcirc0,
2065 2457 2432 2524 cassantes
2467 2458 2538 2523 et
2586 2454 2877 2543 penitus

227 2560 663 2634 annullantes
698 2579 938 2652 usum,
978 2579 1105 2634 seu
1143 2563 1382 2655 potius
1417 2561 1723 2635 abusum
1763 2562 1899 2636 suh
1937 2564 2190 2652 quovis
2223 2563 2461 2652 titulo,
2503 2563 2615 2636 vel
2668 2581 2876 2658 prae-

229 2675 402 2743 tenso
442 2679 516 2744 et
572 2678 848 2744 asserto
885 2674 1280 2764 privilegio,
1322 2675 1648 2764 quaesito
1702 2676 1961 2763 colore,
2002 2681 2072 2746 et
2111 2669 2863 2765 quacumque'causa,

226 2782 363 2855 licet
408 2785 709 2875 speciali
765 2791 836 2857 et
887 2804 1223 2877 expressa
1283 2789 1644 2859 mentione
1698 2787 1954 2878 digna,
2015 2787 2091 2858 in
2143 2787 2581 2877 quibusdam
2633 2788 2874 2878 regnis

226 2910 330 2964 seu
373 2894 790 2986 regionibus
842 2899 1261 2989 praesertim
1320 2897 1733 2989 longinquis
1806 2899 2210 2987 invectum,
2270 2917 2412 2987 quo
2464 2895 2871 2988 Capitulum

221 3006 529 3078 ecclesiae
570 3006 1012 3079 cathedralis
1053 3010 1375 3082 vacantis
1409 3009 1817 3099 obsequens
1868 3010 2273 3082 invitationi
2312 3027 2439 3080 seu
2494 3007 2862 3096 mandatu,

220 3114 356 3189 licet
403 3119 650 3191 verbis
719 3119 1232 3210 deprecatoriis
1303 3129 1693 3212 conceptu,
1747 3140 2123 3212 supremae
2193 3120 2416 3192 civilis
2490 3120 2863 3208 potestatis

219 3230 583 3302 concedere
639 3236 711 3302 et
761 3230 1151 3304 transferre
1189 3233 1612 3323 praesumit,
1655 3252 1738 3305 ac
1775 3233 1863 3305 de
1916 3233 2103 3305 lacto
2137 3231 2463 3305 concedit
2518 3236 2590 3302 et
2634 3238 2873 3303 trans-

216 3334 329 3410 fert
375 3341 448 3412 in
501 3342 957 3414 nominatum
1012 3350 1084 3416 et
1137 3350 1675 3434 praesentatum
1727 3345 1820 3416 ad
1872 3345 2198 3417 eamdem
2250 3343 2623 3416 ecclesiam
2675 3343 2872 3415 illius

214 3465 455 3538 curam,
497 3453 823 3544 regimen
870 3460 939 3525 et
993 3454 1714 3541 administrationem,
1757 3475 2059 3547 eamque
2107 3458 2520 3546 nominatus
2556 3464 2627 3529 et
2663 3475 2874 3546 prae-

212 3568 515 3634 sentatus
567 3563 706 3635 sub
760 3567 1048 3637 nomine
1103 3563 1514 3653 Provisoris,
1556 3564 1812 3638 Vicarii
1871 3569 2254 3658 generaliS,
2296 3568 2522 3641 aliove
2577 3568 2864 3639 nomine

215 3675 574 3759 gerendam
630 3676 932 3768 suscipit
984 3685 1152 3750 ante
1206 3678 1724 3752 exhibitionem
1785 3677 2213 3752 Litterarum
2268 3680 2859 3773 Apostolicarum,

211 3782 295 3851 uti
342 3787 678 3879 superius
714 3786 985 3860 dictum
1037 3795 1173 3876 est,
1215 3790 1302 3862 de
1358 3809 1549 3862 more
1587 3791 2017 3881 faciendam,
2075 3799 2343 3864 remoto
2396 3791 2694 3883 proinde
2746 3787 2865 3860 Vi-

209 3895 372 3966 cario
422 3895 848 3990 capitulari,
891 3901 1138 3989 quiex
1193 3902 1366 3974 iuris
1400 3903 1863 3996 dispositione
1917 3910 2064 3976 toto
2101 3911 2420 3996 tempore
2473 3902 2866 3974 vacationis

207 4006 532 4081 ecclesiae
586 4027 745 4082 eam
784 4011 1314 4102 administrare,
1356 4032 1439 4085 ac
1490 4031 1730 4105 regere
1768 4014 2008 4087 debet.
2051 4012 2569 4087 confirmantes
2622 4019 2863 4084 autem

204 4115 321 4189 alia
372 4122 598 4192 etiam
652 4123 1105 4196 decessorum
1160 4121 1618 4215 Nostrorumj,
1678 4131 1751 4197 et
1803 4127 2220 4216 praesertim
2274 4145 2335 4195 s,
2379 4144 2475 4195 m.
2537 4121 2639 4194 Pii
2693 4119 2853 4194 vll.

204 4226 469 4303 decreta
526 4238 598 4305 et
650 4234 1180 4326 dispositiones,
1239 4236 1687 4308 declaramus
1721 4243 1791 4308 et
1838 4238 2319 4325 decernimuS,
2361 4243 2440 4308 ut
2477 4237 2536 4308 si
2589 4236 2866 4308 interea

199 4334 511 4416 vicarius
561 4345 986 4440 Capitularis
1039 4348 1451 4437 decesserit,
1493 4354 1618 4421 aut
1669 4355 1927 4440 sponte
1978 4369 2106 4421 sua
2163 4350 2439 4420 muneri
2491 4348 2863 4420 renuntia-

198 4455 385 4542 verit,
426 4463 558 4528 aut
610 4475 698 4530 ex
751 4458 891 4529 alia
946 4477 1162 4531 causa
1216 4459 1528 4532 officium
1580 4462 1817 4550 ipsum
1872 4460 2183 4552 legitime
2246 4461 2632 4549 vacaverit,
2689 4467 2867 4534 tunc

197 4556 617 4656 Capitulum,
658 4568 769 4640 vel
822 4567 1147 4661 Capitulo
1200 4570 1580 4643 deficiente
1611 4624 1631 4660 ,
1697 4572 1823 4662 qui
1874 4578 2301 4663 potestatem
2353 4571 2573 4645 habet
2625 4574 2854 4665 depu-

195 4676 381 4748 tandi
455 4681 781 4752 vacantis
835 4680 1175 4755 ecclesiae
1231 4682 1882 4756 administratorem
1937 4702 2064 4757 seu
2116 4681 2522 4775 vicarium,
2590 4701 2856 4758 novum
