3497 5235
1051 306 1337 365 butruntio
1378 305 1431 365 8.
1462 303 1646 377 Oongr.
1688 305 1858 381 Epino.
1901 306 1957 364 ot
1996 308 2182 380 Begul.
2844 306 2960 368 531

286 445 362 516 in
416 444 638 515 forma
683 443 925 534 legali,
983 443 1084 516 ita
1137 450 1381 515 tamen
1432 448 1512 513 ut
1563 441 1653 514 de
1706 443 2118 516 earumdem
2172 445 2632 517 exsecutione
2685 452 2963 519 constet

286 574 377 628 ex
418 557 673 647 ,aliquo
725 554 919 627 actu.
2139 562 2144 571 ’

436 664 598 737 VII.
655 665 1026 750 Quatenus
1094 664 1581 737 infructuosae
1634 667 2063 738 monitiones
2131 666 2486 754 evadant,
2542 664 2965 740 Ordinarius

290 780 638 872 praecipit
684 780 950 866 curiae,
993 784 1073 851 ut
1110 776 1561 866 delinquenti
1600 777 1980 869 analogum
2022 780 2440 870 iniungatur
2474 789 2959 871 praeceptum,

293 893 368 962 iu
422 909 566 981 quo
617 890 1047 978 declaretur,
1088 889 1256 979 quid
1299 888 1533 961 eidem
1579 889 1934 980 agendum
1973 895 2098 960 aut
2133 890 2602 961 omittendum
2641 891 2760 977 sit,
2801 909 2964 965 cum

294 1002 797 1095 respondentis
851 1020 1124 1092 poenae
1176 1001 1698 1073 ecclesiasticae
1747 1003 2326 1089 comminatione,
2383 1020 2601 1093 quam
2651 1004 2966 1075 incurret

295 1117 371 1187 iu
424 1134 595 1187 casu
650 1112 1261 1206 transgressionis.

449 1222 644 1297 VIII.
711 1223 1175 1315 Praeceptum
1246 1224 1618 1296 intimatur
1681 1232 2069 1315 praevento
2131 1246 2171 1296 a
2225 1223 2662 1298 Cancellario
2731 1245 2966 1298 coram

294 1335 572 1411 Vicario
635 1336 1010 1423 Generali‚
1067 1339 1215 1409 sive
1270 1354 1504 1407 coram
1575 1335 1859 1408 duobus
1929 1336 2236 1410 testibus
2289 1338 2788 1412 ecclesiasticis
2840 1345 2966 1411 aut

291 1451 493 1525 laicis
544 1450 887 1541 probatae
938 1449 1392 1539 integritatis.

440 1561 493 1657 g
548 1565 613 1633 1.
676 1562 889 1633 Actus
957 1560 1426 1652 subsignatur
1478 1580 1518 1632 a
1579 1559 1906 1652 partibus
1975 1561 2476 1651 praesentibus
2546 1567 2616 1634 et
2669 1583 2710 1633 a
2762 1580 2972 1653 prae-

302 1682 517 1748 vento
570 1692 886 1764 quoque,
943 1675 1003 1745 si
1056 1674 1251 1746 velit.

443 1783 496 1879 g
544 1784 617 1855 2.
675 1782 995 1856 vicarius
1047 1781 1417 1856 Generalis
1487 1783 1798 1855 adiicere
1851 1784 2040 1857 valet
2096 1786 2572 1858 iuramentum
2634 1785 2971 1859 servandi

300 1902 702 1985 secretum,
760 1902 1120 1985 quatenus
1171 1896 1244 1968 id
1296 1895 1684 1985 prudenter
1739 1902 2029 1986 expetat
2081 1897 2270 1969 tituli
2322 1898 2628 1988 indoleS‚
2684 1901 2774 1972 de
2826 1918 2969 1989 quo

300 2011 563 2100 agitur.

450 2116 579 2190 lx.
636 2112 882 2201 Quoad
925 2120 1263 2210 poenalia
1299 2118 1561 2207 media,
1618 2118 2196 2191 animadvertant
2233 2122 2803 2194 reverendissimi
2841 2118 2975 2192 Or-

306 2233 611 2318 dinarii,
669 2234 1028 2324 praesenti
1083 2232 1550 2304 instructione
1622 2230 1817 2302 haud
1871 2231 2286 2323 derogatum
2341 2251 2496 2304 esse
2547 2234 2970 2305 iudiciorum

301 2344 878 2417 solemnitatibus
929 2363 1056 2434 per
1105 2362 1344 2417 sacros
1395 2362 1730 2428 canones,
1773 2360 1901 2433 per
1941 2343 2377 2433 Apostolicas
2412 2344 2974 2417 Constitutiones

304 2463 377 2528 et
429 2457 607 2526 alias
660 2456 1178 2527 ecclesiasticas
1230 2456 1733 2546 dispositiones
1799 2456 2211 2544 imperatis,
2273 2464 2630 2546 quatenus
2681 2458 2976 2529 eaedem

303 2566 528 2639 libere
582 2566 1102 2658 efficaciterque
1173 2568 1513 2659 applicari
1587 2575 1901 2658 queant3
1967 2569 2090 2640 sed
2146 2572 2640 2642 oeconomicae
2712 2568 2977 2641 formae

301 2679 673 2750 consulere
724 2679 1113 2751 intendunt
1168 2680 1305 2750 illis
1359 2681 1644 2752 casibus
1697 2681 2099 2770 curiisque,
2160 2682 2232 2752 in
2286 2681 2549 2769 quibus
2621 2683 2976 2753 solemnes

308 2808 682 2881 processus
754 2795 876 2860 aut
930 2791 1254 2863 adbiberi
1312 2800 1723 2880 nequeant,
1784 2801 1907 2863 aut
1959 2811 2102 2864 non
2158 2793 2493 2882 expedire
2566 2793 2970 2864 videantur.

306 2898 599 2972 Plenam
656 2920 939 2991 quoque
985 2904 1123 2972 vim
1178 2909 1416 2974 servat
1468 2922 1670 2974 suam
1727 2903 2263 2976 extraiudiciale
2302 2904 2688 2975 remedium
2743 2924 2830 2974 ea:
2866 2906 2979 2974 in-

303 3012 622 3104 formata
657 3013 1088 3085 conscientia
1142 3033 1264 3104 pro
1319 3015 1737 3085 criminibus
1784 3015 2104 3102 occultiS,
2147 3016 2337 3103 quod
2374 3014 2686 3085 decrevit
2722 3013 2795 3084 S.
2829 3011 2979 3085 Tri-

307 3123 609 3194 dentina
681 3122 1009 3213 Synodus
1064 3125 1133 3196 iu
1195 3127 1372 3196 Sess.
1419 3125 1536 3197 14.
1589 3145 1744 3216 cap.
1802 3126 1870 3198 1.
1930 3127 2013 3198 de
2068 3127 2374 3218 Reform.
2434 3125 2972 3214 adhibendum,

307 3255 468 3309 cum
526 3237 664 3307 illis
717 3239 980 3327 regulis
1032 3245 1104 3309 et
1158 3239 1791 3323 reservationibuS‚
1834 3259 2016 3329 quas
2052 3246 2462 3334 constanter
2506 3239 2814 3309 servavit
2853 3257 2978 3329 pro

310 3348 481 3419 dicti
538 3349 792 3438 capitis
846 3349 1433 3438 interpretatione
1489 3351 1560 3421 S.
1604 3347 1678 3420 C.
1720 3348 2187 3442 congregatio
2242 3353 2314 3421 in
2353 3351 2678 3440 pluribus
2714 3351 2982 3422 resolu-

307 3457 651 3544 tionibus,
693 3467 764 3530 et
816 3462 1200 3551 praecipue
1238 3463 1308 3531 in
1347 3462 1682 3532 Bosnien.
1726 3470 1796 3533 et
1839 3464 2170 3534 Sirmien.
2212 3463 2332 3533 20.
2377 3461 2540 3535 Dec.
2588 3464 2798 3533 1873.
2836 3458 2976 3557 (l).

457 3567 549 3641 X.
608 3567 837 3652 Quum
876 3573 1161 3663 procedi
1214 3579 1537 3662 oporteat
1578 3572 2044 3644 criminaliter
2097 3574 2244 3644 sive
2301 3573 2744 3646 infractionis
2779 3592 2988 3665 prae-

309 3682 527 3772 cepti,
586 3688 708 3753 aut
760 3683 1135 3755 criminum
1191 3686 1703 3772 communium,
1744 3686 1851 3757 vel
1913 3685 2143 3775 legum
2185 3682 2542 3757 Ecclesiae
2579 3687 2986 3757 violationis

311 3811 555 3878 causa,
600 3812 970 3884 processus
1005 3795 1254 3866 confici
1310 3803 1542 3886 potest
1599 3796 1841 3867 formis
1878 3798 2285 3868 summariis
2322 3805 2391 3870 et
2430 3798 2704 3888 absque
2743 3797 2986 3870 iudicii

312 3905 648 3996 strepitu,
705 3907 1006 3976 servatis
1056 3925 1335 3996 semper
1388 3909 1651 3999 regulis
1706 3911 2018 3982 institiae
2071 3909 2699 3982 substantialibus.

462 4012 592 4086 XI.
652 4014 1026 4090 Processus
1080 4020 1453 4089 instruitur
1507 4039 1592 4091 ex
1647 4021 1863 4113 officio
1916 4028 2040 4092 aut
2095 4023 2167 4091 in
2220 4019 2584 4111 sequelam
2641 4021 2985 4111 supplicis

315 4127 539 4200 libelli
596 4134 666 4199 et
720 4131 1099 4217 querelae,
1157 4136 1280 4201 aut
1335 4132 1675 4217 notitiae,
1732 4132 1874 4203 alio
1928 4133 2132 4204 modo
2186 4153 2224 4202 a
2281 4134 2474 4204 curia
2540 4132 2857 4217 habitae,
2915 4137 2987 4203 et

316 4241 413 4312 ad
467 4240 681 4310 finem
734 4241 1148 4330 perducitur
1198 4258 1278 4312 eo
1330 4242 1655 4330 consili0,
1698 4248 1776 4314 ut
1812 4244 2004 4314 omni
2041 4243 2278 4316 studio
2332 4252 2548 4334 atque
2601 4242 2988 4335 prudentia

456 4619 543 4695 (l)
569 4627 754 4677 Habes
794 4628 935 4678 hanc
976 4629 1353 4693 quaestionem
1390 4631 1517 4683 Vol.
1550 4631 1682 4684 VII.
1713 4647 1841 4697 pag.
1865 4631 1987 4685 559.
2016 4633 2450 4701 ephemeridum,
2495 4651 2634 4703 quae
2674 4636 2991 4689 inscribun-

316 4720 444 4768 tur:
479 4721 629 4767 Acta
673 4716 732 4771 S.
766 4715 961 4768 Sedis.
