3497 5235
464 276 503 320 x
1499 264 1765 323 Praefatio
1802 266 2056 325 auctorit.

453 402 807 486 adinstar
852 399 1121 509 apium
1184 428 1329 484 sua
1378 400 1613 488 mella
1679 431 1723 488 e
1789 403 2118 487 floribus
2168 401 2323 487 hac
2382 402 2568 487 illac
2631 399 2930 485 dissitis
2972 427 3117 508 per

457 567 698 650 agros
761 540 1319 639 delibantium‚
1385 567 1485 624 ex
1562 540 1981 627 universae
2066 531 2735 652 iurisprudentiae
2818 538 3116 646 campis

456 708 552 764 ea
620 658 811 762 mihi
878 676 1496 787 comparaverim
1562 686 1646 764 et
1729 679 2221 790 collegerim,
2287 708 2496 790 quae
2574 708 2718 790 pro
2782 701 2869 762 re
2930 682 3115 761 nata

451 816 651 902 meis
717 816 1325 901 necessitatibus
1389 825 1936 927 suppeterent.
1994 819 2217 921 Quae
2284 847 2468 902 cum
2533 818 2647 902 ita
2710 818 2906 920 sint,
2973 842 3117 927 per

455 960 537 1039 te
601 953 846 1055 videS,
892 955 1143 1038 amice
1206 952 1480 1055 lector,
1525 958 1832 1065 absque
1878 955 2150 1065 magni
2213 956 2516 1068 ingenii
2581 956 2990 1058 facultate,
3037 960 3120 1039 et

458 1092 694 1177 unius
759 1091 1221 1201 diligentiae
1266 1101 1351 1176 et
1393 1093 1880 1178 assiduitatis
1927 1121 2073 1205 ope
2117 1093 2313 1179 illud
2377 1122 2505 1179 mo
2550 1095 2930 1203 consequi
2975 1120 3119 1202 po-

455 1230 732 1329 tuisse,
777 1236 872 1314 ut
914 1229 1517 1340 qualiscumque
1563 1232 1689 1327 sit,
1734 1231 1944 1315 hanc
1985 1260 2246 1317 meam
2294 1232 2975 1317 elucubrationem
3019 1230 3121 1315 ad

456 1369 763 1479 apicem
794 1371 1337 1480 perducerem.
1373 1370 1906 1454 Gaudendum
1947 1397 2138 1454 vero
2182 1369 2377 1453 mihi
2415 1378 2559 1472 est,
2591 1371 2806 1479 quod
2848 1370 2904 1453 ii
2946 1368 3118 1471 viri,

459 1509 596 1618 qui
659 1536 856 1618 opus
921 1507 1075 1591 hoc
1140 1507 1404 1592 animo
1469 1518 1941 1617 conceptum
2007 1510 2767 1617 comprobaverunt,
2811 1534 2898 1592 re
2940 1534 3119 1617 per-

459 1646 757 1731 fectum
823 1650 905 1730 et
969 1643 1422 1729 absolutum
1486 1673 1644 1729 non
1709 1646 2397 1757 improbaverunt,
2464 1644 2655 1754 quin
2721 1644 2989 1745 etiam,
3053 1643 3122 1727 si

459 1784 725 1869 dicere
767 1783 1027 1883 liceat,
1072 1810 1215 1891 pro
1259 1809 1537 1869 eorum
1575 1784 2100 1894 benignitate,
2144 1784 2384 1868 laude
2439 1781 2841 1894 prosecuti
2904 1785 3180 1879 sunt..

649 1924 807 2007 Sed
873 1926 957 2005 et
1017 1919 1217 2003 illud
1290 1921 1617 2032 insuper
1693 1921 1887 2005 mihi
1959 1921 2337 2032 contigit,
2391 1923 2604 2031 quod
2688 1918 3119 2030 singularis

462 2059 789 2145 honoris
840 2067 924 2146 et
988 2059 1472 2145 incredibilis
1533 2060 1932 2145 felicitatis
1975 2059 2149 2145 loco
2215 2060 2411 2145 mihi
2473 2059 2931 2145 habendum
2977 2064 3121 2160 est,

465 2199 679 2305 quod
740 2228 1153 2308 nunquam
1217 2200 1298 2284 in
1362 2199 1571 2284 vitae
1636 2228 1859 2285 meae
1925 2200 2317 2285 curriculo
2391 2201 2688 2284 nedum
2752 2225 3120 2310 sperare,

466 2338 609 2422 sed
673 2365 934 2445 noque
980 2366 1269 2448 cupere
1335 2366 1581 2423 ausus
1625 2366 1909 2442 essem,
1955 2340 2166 2447 quod
2219 2367 2469 2424 unum
2508 2345 2632 2424 tot
2691 2342 3120 2445 tantosque

466 2477 911 2561 exantlatos
974 2477 1287 2562 labores
1332 2476 1734 2562 cumulate
1780 2477 2168 2587 rependit,
2213 2476 2539 2577 scilicet,
2583 2481 2678 2560 ut
2730 2476 2891 2561 mei
2934 2501 3123 2584 ope-

465 2613 572 2696 ris
637 2614 877 2701 fronti
952 2616 1576 2702 sacratissimum
1661 2616 1886 2704 SSmi
1950 2617 2047 2702 D.
2103 2617 2200 2702 N.
2261 2645 2549 2702 nomen
2640 2644 2739 2703 ex
2814 2642 3124 2699 summa

463 2751 657 2835 Eius
721 2752 1184 2865 dignatione
1249 2784 1566 2866 possem
1599 2755 2067 2842 inscribere:
2130 2760 2404 2840 tantae
2455 2749 2607 2863 ego
2672 2781 2910 2865 porro
2952 2780 3124 2836 ma-

464 2889 772 2976 iestatis
858 2892 1279 3002 splendore
1366 2893 1769 2979 involutus
1833 2921 1928 2978 ac
2010 2893 2437 3002 insignitus
2500 2892 2733 2977 facile
2798 2919 3121 3002 possum

467 3057 514 3111 a
579 3029 1072 3137 quibuslibet
1134 3035 1762 3118 obtrectatorum
1806 3060 1933 3116 me
1984 3031 2166 3115 telis
2209 3038 2491 3139 tegere
2538 3039 2782 3140 atque
2846 3031 3124 3114 defen-

466 3168 681 3251 dere.
729 3166 973 3252 Ouius
1037 3169 1357 3278 quidem
1398 3170 1865 3255 immortalis
1931 3170 2293 3256 beneficii
2344 3169 2622 3278 pretio,
2668 3167 2933 3278 prouti
2978 3195 3122 3276 par

467 3316 612 3408 est,
658 3307 1132 3392 declarando
1199 3336 1380 3392 curn
1447 3336 1708 3416 neque
1774 3337 1919 3419 par
1983 3308 2174 3393 mihi
2240 3309 2346 3392 sit
2395 3306 2701 3415 ingenii
2764 3305 3124 3408 facultas

466 3472 614 3529 nec
681 3444 1147 3530 elocutionis
1212 3449 1566 3549 ubertaS,
1624 3447 1876 3531 satius
1942 3446 2130 3545 erit,
2187 3446 2254 3530 si
2319 3472 2444 3530 me
2508 3450 2731 3530 tanto
2795 3444 3128 3554 ponderi

464 3581 848 3691 imparem
891 3585 1174 3684 fatear,
1221 3592 1301 3669 et
1365 3583 1680 3670 silentio
1723 3613 1895 3671 rom
1936 3584 2293 3669 illaesam
2360 3583 2830 3692 relinquam,
2884 3609 3127 3690 quam

472 3719 855 3805 sermonis
917 3720 1181 3831 inopia
1244 3724 1603 3807 deteram
1672 3728 1914 3832 atque
1980 3721 2439 3806 diminuam.

653 3860 1095 3968 Postquam
1138 3859 1526 3945 rationem
1573 3859 1878 3943 consilii
1922 3859 2104 3961 mei,
2151 3858 2405 3943 amice
2450 3860 2721 3962 lector,
2769 3856 3123 3968 exposui,

468 3994 720 4105 legeS,
766 4026 967 4106 quas
1010 3997 1093 4080 in
1159 4024 1399 4107 opere
1462 4001 1862 4082 exarando
1935 3996 2131 4081 mihi
2195 3997 2720 4107 praefixerim‚
2766 3996 3126 4107 cognitas

470 4161 562 4217 ac
629 4142 1085 4245 perspectas
1150 4135 1449 4221 habere
1511 4141 1594 4220 te
1659 4136 1923 4220 velim.

655 4273 749 4356 In
814 4273 1087 4382 primis
1171 4274 1429 4375 sciaS,
1501 4273 1703 4359 illud
1783 4272 1977 4357 mihi
2066 4278 2460 4358 statutum
2555 4277 3128 4380 decretumque

470 4409 743 4512 fuisse,
789 4438 890 4494 ne
925 4411 1115 4519 quid
1155 4440 1511 4521 unquam
1546 4413 1647 4497 de
1681 4439 1859 4497 meo
1893 4440 2108 4520 penu
2152 4413 2687 4511 obtruderem,
2732 4414 2875 4494 sed
2919 4438 3129 4519 quae

472 4550 573 4632 ab
639 4547 1094 4659 Apostolica
1158 4548 1361 4635 Sede
1424 4549 1660 4658 plane
1725 4549 2030 4634 sancita
2092 4555 2304 4651 sunt,
2352 4550 2769 4632 dumtaxat
2830 4547 2913 4630 in
2954 4575 3126 4633 me-
