3497 5235
614 325 727 387 122
1363 328 1731 388 humationis
1773 330 1826 388 8.
1854 330 2035 405 Gongr.
2063 329 2215 390 ῦοιιο.
2250 332 2521 407 expo-itio:

604 461 983 551 sationum,
1017 462 1423 548 libidinum,
1450 466 1973 558 turpitudinum
1999 469 2429 541 occasionem
2456 471 2810 553 habentes,
2848 470 2965 542 sed
2998 471 3267 544 divinis

605 580 885 647 tantum
920 577 1649 669 contemplationibus,
1687 578 2045 661 laudibus,
2092 581 2443 672 precibus,
2479 583 2955 664 concionibus,
2990 583 3269 675 officiis,

603 686 958 769 cantibus,
986 689 1354 781 sacrificiis
1390 698 1755 772 vacantes,
1790 697 1855 763 et
1889 698 2252 783 tamquam
2277 693 2522 786 Anqeli
2548 694 2838 785 quidam
2872 700 3266 778 terrestres,

609 801 685 872 in
727 807 1177 892 paupertate,
1229 803 1553 876 castitate
1602 811 1668 877 et
1717 806 2106 880 obedientia
2156 807 2503 899 degentes,
2555 814 2620 880 et
2670 809 2893 881 solum
2938 810 3068 881 Dei
3117 810 3267 902 qlo-

608 913 797 988 riam
846 918 910 985 et
961 932 1164 985 suam
1214 915 1650 1008 aliorumque
1700 918 1999 989 salutem
2040 927 2500 1010 procurantes
2530 915 2562 992 ,Ι
2602 945 2639 990 ›

762 1024 925 1096 116.
983 1022 1149 1098 Post
1217 1026 1395 1100 haec
1457 1047 1662 1101 nemo
1714 1028 2206 1119 damnabitur,
2263 1032 2322 1103 si
2381 1032 2916 1105 seminariorum
2972 1035 3263 1124 erectio,

614 1136 875 1208 nedum
929 1137 1346 1228 utilissima,
1419 1141 1544 1213 sed
1616 1142 1831 1214 etiam
1899 1142 2410 1235 propemodum
2482 1146 2881 1217 necessaria
2952 1147 3268 1218 iudicata

606 1249 842 1322 fuerit.
901 1249 972 1322 S.
1016 1249 1304 1325 Carolus
1356 1250 1821 1327 Borromaeus
1873 1273 2033 1327 cum
2087 1256 2161 1326 in
2208 1256 2403 1328 omui
2455 1258 2874 1350 disciplinae
2926 1261 3273 1334 ecclesia·

600 1363 821 1436 sticae
889 1366 1120 1457 capite
1190 1365 1761 1439 reformationem
1815 1389 1855 1438 a
1907 1364 2215 1440 Concilio
2268 1366 2681 1443 Tridentino
2749 1374 3267 1464 praescriptam

599 1478 950 1567 promovit
1002 1483 1073 1550 et
1124 1480 1575 1551 exsecutione
1628 1480 2025 1573 praestitit,
2094 1487 2244 1553 tum
2299 1483 2373 1552 in
2424 1482 2593 1570 hoc,
2652 1483 2845 1573 quod
2895 1484 3263 1556 seminarii

602 1588 1120 1661 institutionem
1174 1591 1483 1681 respicit,
1540 1590 1977 1682 singularem
2029 1610 2271 1664 curam
2308 1611 2391 1664 ac
2424 1593 2869 1686 diligentiam
2922 1596 3268 1684 ostendit,

603 1699 1037 1794 Patrumque
1090 1699 1660 1776 Tridentinorum
1714 1705 1934 1776 menti
2003 1711 2171 1777 ante
2233 1705 2469 1777 omnia
2522 1708 2811 1798 penitus
2863 1726 2938 1778 se
2991 1707 3278 1780 consor-

513 1868 518 1872 .
606 1816 847 1887 mavit.
908 1810 1228 1886 Iamvero
1280 1820 1524 1886 tantus
1577 1815 1708 1888 iste
1762 1817 1868 1888 vir
1920 1818 1995 1888 in
2053 1818 2261 1891 Conc.
2302 1817 2775 1891 Mediolano-n.
2827 1818 2904 1891 V.
2953 1839 3032 1911 p.
3073 1818 3148 1893 3.
3192 1821 3279 1893 de

609 1930 791 2000 Sem.
850 1927 942 1999 ad
994 1945 1140 1999 rem
1193 1928 1291 1999 ita
1343 1925 1814 1999 observabat:
1886 1953 1923 1996 «ι
1967 1929 2350 2001 Seminarii
2403 1929 2758 2004 institutio
2807 1950 3021 2021 qnam
3070 1932 3275 2004 utilis

605 2042 697 2112 sit
747 2060 830 2112 ac
885 2039 1281 2111 necessaria
1333 2039 1428 2110 ad
1478 2040 1650 2111 cleri
1700 2041 2156 2133 disciplinam
2207 2042 2282 2112 in
2330 2041 2626 2135 singulis
2663 2043 2965 2114 ecclesiis
3008 2063 3281 2135 propa-

604 2152 949 2246 qandam,
1001 2170 1160 2223 cum
1208 2170 1295 2222 ea:
1333 2151 1628 2225 Concilii
1672 2152 2072 2225 Tridentini
2108 2152 2378 2226 decreto
2413 2153 2626 2245 facile
2672 2154 2973 2246 intelligi
3015 2161 3281 2248 potest,

609 2271 757 2336 tum
807 2284 892 2335 ex
941 2284 1016 2335 eo
1064 2264 1310 2346 etiam,
1361 2265 1544 2355 quod
1593 2265 1698 2334 rei
1751 2264 1945 2335 illius
1998 2264 2340 2337 salutaris
2384 2266 2571 2337 ratio
2621 2266 3009 2357 aliquando
3053 2268 3282 2340 inter-

607 2377 856 2457 missa,
893 2376 1162 2448 damna
1193 2383 1258 2448 et
1293 2376 1715 2449 detrimenta
1769 2397 1908 2448 non
1961 2376 2345 2449 mediocria
2396 2377 2498 2448 rei
2542 2377 3053 2451 ecclesiasticae
3088 2385 3288 2453 attu-

613 2489 724 2561 lit.
762 2513 799 2558 »
855 2485 1060 2559 Hanc
1111 2489 1576 2561 assertionem
1628 2487 1783 2562 fuse
1834 2488 2226 2577 docteque,
2283 2488 2637 2560 historicis
2689 2489 2782 2560 ad
2834 2507 2983 2561 rem
3035 2491 3284 2564 allatis

617 2602 1121 2692 monumentis,
1155 2602 1596 2676 demonstrat
1622 2607 1692 2675 et
1721 2603 2135 2695 comprobat
2169 2602 2505 2676 laudatus
2539 2598 2849 2676 loannes
2886 2602 2974 2677 de
3000 2600 3285 2679 Ioanne

607 2714 870 2786 Histor.
918 2718 1101 2788 Sem.
1146 2734 1305 2807 cap.
1345 2714 1419 2787 2.
1462 2736 1545 2787 ac
1583 2714 1658 2789 3.

766 2828 929 2898 117.
971 2824 1156 2909 Quin
1194 2828 1408 2899 etiam
1444 2825 1834 2900 Concilium
1875 2829 2326 2920 Aquileiense
2361 2830 2532 2901 anni
2575 2830 2786 2902 1596.
2832 2830 3283 2903 celebratum

610 2940 995 3028 existimat,
1036 2940 1190 3011 sine
1226 2941 1605 3013 seminario
1643 2941 2054 3014 clericorum
2090 2941 2224 3016 hoc
2261 2948 2574 3033 tempore
2610 2943 2997 3014 consistere
3032 2938 3293 3015 Eccle-

605 3057 784 3129 siam
822 3057 933 3126 vix
972 3074 1205 3147 posse.
1252 3053 1646 3128 Proclamat
1679 3055 1870 3127 enim
1909 3053 2101 3146 apud
2155 3051 2533 3146 Pignatell.
2581 3054 2785 3127 Cons.
2819 3053 2940 3127 81.
2985 3073 3059 3124 n.
3099 3053 3282 3127 162.

604 3164 812 3265 (to-m.
855 3163 976 3263 9.)
1030 3185 1186 3240 esse
1263 3189 1301 3234 ‹
1338 3167 1884 3239 seminariorum
1933 3166 2484 3254 institutionem,
2543 3166 3154 3239 conservationem
3211 3174 3293 3240 et

619 3304 656 3349 ›
695 3280 1210 3372 promotionem
1264 3279 1338 3350 in
1391 3276 1515 3350 Dei
1550 3279 1849 3352 ecclesia
1902 3297 2177 3351 summe
2229 3279 2694 3366 fructuosam,
2751 3296 2892 3368 quo
2930 3277 3294 3351 clericalis

615 3419 651 3461 »
696 3392 989 3464 militiae
1028 3398 1464 3484 propagatur
1495 3391 1696 3480 ord0,
1736 3399 1807 3464 et
1846 3391 2240 3484 progressio
2295 3397 2664 3482 tantopere
2719 3390 3155 3477 necessaria,
3199 3396 3290 3462 ut

614 3530 651 3575 »
692 3511 881 3576 stare
918 3503 1396 3576 ecclesiastica
1435 3503 1812 3594 disciplina
1868 3506 2022 3575 sine
2072 3503 2351 3575 illorum
2385 3502 2705 3575 subsidio
2740 3509 2812 3574 et
2848 3501 3298 3574 adminiculo

621 3643 659 3685 2>
699 3618 816 3689 vix
851 3616 1099 3708 possit.
1137 3641 1173 3684 »
1229 3613 1573 3688 Viderant
1617 3617 1807 3688 hanc
1842 3634 1988 3688 rem
2026 3620 2456 3688 secretarum
2494 3614 2905 3686 recentioris
2942 3615 3300 3703 temporis

618 3732 1037 3805 societatum
1074 3730 1555 3821 antesignani,
1596 3729 1719 3820 qui
1761 3726 1939 3799 nihil
1976 3727 2405 3799 intentatum
2444 3726 2916 3817 reliquerunt,
2956 3731 3036 3798 ut
3069 3727 3303 3798 semi-

621 3832 820 3916 naria
875 3849 1400 3934 oppugnarent,
1445 3860 1527 3914 ac
1561 3842 1650 3914 de
1686 3840 1918 3912 medio
1954 3839 2202 3911 tollere
2240 3838 2762 3927 adniterentur,
2801 3844 3009 3930 prout
3046 3836 3303 3929 legere

621 3964 727 4030 est
782 3955 975 4047 apud
1027 3952 1330 4026 Theiner
1383 3955 1432 4025 l.
1476 3974 1538 4025 c.
1597 3973 1755 4044 cap.
1797 3950 1868 4025 3.
1927 3971 2167 4024 versus
2218 3952 2452 4041 tinem.
2604 3950 2609 3957 ”

771 4068 937 4140 118.
993 4064 1188 4149 Quae
1241 4086 1399 4138 cum
1453 4067 1552 4138 ita
1602 4067 1772 4154 sint,
1812 4065 2005 4137 haud
2046 4064 2446 4138 inconsulto
2480 4063 2750 4136 dictum
2787 4062 3306 4154 accipiendum

620 4188 727 4253 est
762 4181 860 4269 id,
903 4179 1092 4272 quod
1148 4187 1389 4251 narrat
1443 4177 1919 4251 Pallavicinus
1972 4178 2153 4249 Hist.
2202 4175 2408 4252 Conc.
2458 4176 2654 4249 Trid.
2699 4176 2818 4248 lib.
2850 4175 2970 4249 22.
3013 4194 3174 4266 cap.
3210 4175 3300 4248 8.

621 4312 814 4364 num.
857 4292 927 4364 3.
987 4291 1181 4383 apud
1254 4289 1556 4382 Crispin.
1633 4290 1705 4362 in
1773 4288 2220 4382 paragrapho
2290 4289 2378 4361 de
2446 4288 2805 4361 seminarii
2878 4287 3309 4360 visitatione

617 4401 866 4502 (Visit.
901 4406 1104 4479 Past.
1139 4406 1227 4477 P.
1266 4405 1360 4475 II.
1415 4401 1488 4498 ξ.
1523 4402 1643 4477 31.
1691 4423 1764 4475 n.
1800 4401 1838 4475 1
1853 4456 1868 4471 .
1870 4396 1947 4499 ),
1986 4401 2313 4474 videlicet
2354 4400 2609 4471 multos
2646 4416 2732 4471 ex
2768 4395 3101 4471 Patribus
3138 4394 3311 4471 Tri-

621 4517 983 4606 dentiniS,
1040 4517 1330 4589 dimisso
1382 4513 1715 4604 Concili0‚
1784 4514 1882 4585 ita
1936 4513 2438 4605 pronuntiasse
2504 4515 2815 4583 mentem
2884 4527 3136 4598 suam,
3214 4517 3314 4585 ut

628 4629 915 4721 quando
968 4630 1178 4703 etiam
1234 4627 1476 4701 nullus
1539 4627 1721 4700 alius
1790 4625 2120 4699 utilitatis
2172 4623 2442 4696 fructus
2493 4640 2581 4695 ex
2631 4619 2918 4694 Concilii
2972 4619 3318 4693 celebra-

625 4744 820 4817 tione
872 4746 1249 4836 perceptus
1302 4739 1598 4830 fuisset,
1655 4757 1872 4829 quam
1925 4755 2113 4810 unus
2162 4735 2279 4811 hic
2331 4742 2440 4811 est
2490 4735 2578 4811 de
2632 4733 3033 4808 seminariis
3086 4735 3321 4811 cleri-
