3497 5235
625 286 747 351 390
1385 293 1753 352 humationi!
1793 294 1847 352 Β.
1876 294 2059 369 Gongr.
2086 294 2234 353 con
2273 293 2543 367 apetitio.

630 425 858 497 ditum
912 427 1040 515 iri,
1100 426 1342 517 ibique
1408 424 1696 500 Missam
1751 448 1792 499 a
1846 447 1921 500 se
1974 428 2478 500 celebrandam
2533 444 2687 499 esse
2753 424 3021 497 feriatis
3068 423 3250 494 etiam

630 537 912 609 diebuS.
969 535 1365 630 Episcopus
1402 538 1781 626 referebat,
1813 539 2101 612 domum
2139 539 2449 611 familiae
2485 538 2809 625 oratoriS,
2842 536 3036 627 apud
3069 552 3251 624 quam

625 649 955 722 habitare
1005 651 1146 723 sibi
1200 652 1409 724 licere
1463 652 1577 723 bic
1628 652 2071 742 postulabat,
2131 672 2271 725 uno
2324 652 2654 723 milliario
2706 668 2866 722 cum
2916 648 3252 721 dimidioa

629 762 999 851 paroeciae
1056 760 1320 833 linibus
1373 762 1664 835 distare.
1725 759 1896 834 Cum
1949 781 2114 835 vero
2167 769 2377 835 antea
2414 763 2489 832 in
2527 759 2836 831 familiae
2872 776 3046 830 suae
3080 757 3255 829 domo

631 870 772 941 iam
824 871 1150 944 habitare
1204 875 1730 962 consuevisset,
1788 893 2022 964 neque
2075 882 2317 947 tamen
2371 875 2592 964 ipsius
2643 870 2977 963 Episcopi
3031 869 3258 942 iudicio

635 984 1141 1056 detrimentum
1193 984 1419 1055 ullum
1474 986 1688 1057 saluti
1740 988 2139 1058 animarum
2179 986 2573 1074 obveniret,
2615 986 2992 1075 propitiam
3029 981 3257 1055 oratori

631 1095 1058 1167 sententiam
1111 1090 1504 1186 Episcopus
1558 1098 1865 1187 aperuit.
1925 1093 2011 1168 In
2050 1098 2242 1169 Folio
2292 1094 2364 1191 ἓ.
2419 1098 2666 1170 Verum
2702 1095 3259 1186 perpendendum

628 1205 1206 1298 proponebatur,
1270 1225 1364 1278 an
1417 1207 1669 1279 saltem
1723 1227 1851 1299 pro
1908 1216 2220 1299 tempore
2272 1207 2617 1296 hiberno,
2674 1208 2965 1296 quando
3017 1206 3263 1278 coelum

629 1316 1068 1389 insalubrius
1120 1324 1299 1406 erat,
1359 1320 1714 1391 indultum
1770 1320 2058 1391 concedi
2105 1326 2346 1412 posset
2383 1320 2474 1392 ad
2510 1319 2913 1409 exemplum
2951 1318 3258 1410 Alqaren.

635 1426 721 1500 At
771 1430 1131 1521 proposito
1183 1429 1447 1501 dubio:
1511 1454 1547 1494 «
1586 1429 1689 1501 An
1740 1438 1811 1503 et
1863 1433 2216 1522 quomodo
2271 1432 2726 1503 concedenda
2755 1432 2847 1502 sit
2885 1429 3264 1501 absentiae

632 1564 671 1607 ι
712 1540 1095 1612 residentia
1148 1543 1222 1612 in
1274 1537 1554 1613 casui»
1613 1539 1683 1613 S.
1728 1540 1803 1614 C.
1850 1543 2250 1635 rescripsit:
2313 1568 2349 1608 ‹
2380 1540 2721 1634 Negative
2788 1543 2862 1613 in
2929 1540 3261 1625 omnibuS,

632 1675 671 1718 ι
712 1656 781 1723 et
834 1660 1068 1724 orator
1119 1646 1445 1726 consulat
1499 1656 1978 1727 conscientiae
2029 1675 2229 1728 suae.
2268 1681 2304 1723 »

777 1764 945 1835 232.
1007 1761 1218 1836 Sexto
1287 1766 1438 1837 loco
1511 1768 1859 1839 recenseri
1931 1774 2162 1857 potest
2231 1768 2680 1859 pestilentiae
2749 1773 3060 1858 tempus.
3137 1758 3263 1843 Qua

631 1893 847 1966 super
896 1894 970 1948 re
1006 1873 1329 1948 Vicarius
1388 1876 1826 1969 Apostolicus
1862 1874 2088 1950 Iuliae
2123 1877 2506 1951 Caesareae
2542 1875 2754 1973 (teste
2788 1874 3065 1949 Bened.
3095 1868 3263 1945 xlv.

632 1988 715 2060 de
756 1989 929 2079 Syn.
970 1987 1188 2059 dioec.
1232 1988 1351 2058 lib.
1395 1988 1512 2063 43.
1555 2010 1711 2079 cap.
1756 1988 1873 2062 49.
1917 2010 1993 2061 n.
2035 1984 2142 2082 4.)
2195 1990 2634 2081 postulatum
2686 1988 3057 2079 proposuit
3107 1983 3172 2056 S.
3198 1980 3260 2053 C.

631 2097 842 2171 Conc.
900 2099 1086 2171 circa
1139 2116 1318 2171 onus
1370 2097 1738 2192 Episcopis
1792 2108 1860 2172 et
1914 2100 2072 2171 aliis
2108 2102 2505 2171 animarum
2561 2118 2802 2171 curam
2853 2095 3265 2170 habentibus

631 2210 1055 2297 inhaerenS,
1114 2228 1205 2281 ne
1261 2229 1540 2302 gregem
1613 2230 1822 2282 suum
1875 2216 2191 2301 tempore
2246 2212 2467 2304 pestis
2519 2211 2903 2298 deserant,
2960 2209 3265 2296 illiusque

635 2322 1029 2393 custodiam
1083 2328 1153 2392 et
1206 2340 1447 2393 curam
1504 2322 1661 2394 aliis
1723 2322 2211 2395 sacerdotibus
2272 2323 2712 2411 relinquant.
2771 2318 2858 2392 In
2913 2339 3051 2410 quo
3098 2319 3261 2390 idem

630 2427 957 2503 Pontifex
1012 2452 1085 2501 η.
1125 2431 1198 2502 2.
1259 2433 1360 2504 sic
1412 2434 1702 2505 statuit:
1766 2457 1804 2500 ε
1837 2431 2025 2506 Illud
2080 2433 2170 2505 ab
2225 2433 2557 2506 omnibus
2609 2432 3098 2505 indubitanter
3158 2426 3269 2499 ad-

635 2569 674 2612 »
720 2546 1045 2635 mittitur,
1103 2547 1294 2638 quod
1350 2547 1783 2638 quicumque
1837 2567 2076 2620 curam
2131 2550 2529 2620 animarum
2585 2548 2760 2640 gerit
2815 2564 2898 2619 ac
2934 2540 3261 2617 residendi

635 2682 674 2725 ι
715 2657 1146 2748 obligatione
1202 2665 1508 2747 tenetur,
1553 2679 1697 2731 non
1748 2668 1981 2753 potest
2022 2682 2060 2732 a
2099 2661 2469 2752 designato
2505 2659 2639 2731 sibi
2677 2659 3097 2732 residentiae
3130 2659 3265 2727 loco

637 2793 676 2836 ι
716 2771 1074 2859 recedere,
1132 2775 1212 2842 ut
1263 2772 1482 2860 pestis
1535 2772 1929 2861 periculum
1984 2771 2305 2864 effugiat,
2365 2771 2667 2859 ideoque
2720 2771 3075 2843 saeviente
3118 2768 3262 2838 licet

634 2907 675 2951 ι»
715 2890 941 2973 peste,
1000 2890 1073 2955 et
1122 2884 1433 2956 residere
1489 2883 1702 2956 debet
1757 2890 1829 2955 et
1878 2885 2306 2955 residentiae
2361 2901 2505 2954 non
2553 2882 2942 2953 materialis
2980 2886 3257 2962 tantum,

635 3017 674 3060 ι
715 2995 837 3066 sed
891 3001 963 3065 et
1014 2992 1354 3082 formalis,
1411 3001 1492 3066 ut
1542 2996 1774 3085 aiunt,
1830 3014 2046 3067 onera
2091 2994 2506 3084 adimplere,
2547 2992 2906 3084 operando
2960 2991 3259 3063 nimirum

633 3130 674 3174 ι»
714 3114 785 3178 et
838 3106 1229 3179 laborando
1281 3125 1407 3197 pro
1458 3107 1955 3198 spiritualibus
2007 3113 2077 3179 et
2129 3105 2616 3196 corporalibus
2652 3104 3092 3176 concreditae
3134 3096 3259 3171 sibi

637 3241 676 3284 ι
718 3217 947 3307 plebis
999 3218 1571 3291 necessitatibus,
1610 3243 1646 3285 ι»
1703 3216 1952 3307 Neque
2005 3220 2190 3290 vitae
2244 3217 2572 3308 propriae
2610 3215 3004 3306 periculum
3054 3214 3263 3304 potest

632 3346 754 3400 eos
807 3347 1171 3416 excusare,
1213 3332 1387 3420 quin
1440 3337 1639 3423 peste
1693 3331 2114 3401 infectorum
2168 3328 2716 3402 necessitatibus
2768 3344 3053 3417 operam
3086 3338 3260 3395 suam

632 3446 948 3527 navent3
1007 3441 1106 3511 ait
1157 3441 1349 3513 enim
1403 3442 1588 3513 idem
1625 3450 1871 3513 auctor
1905 3441 2120 3533 paulo
2156 3449 2358 3533 post:
2407 3464 2443 3506 «ι
2477 3445 2913 3532 quapropter
2947 3435 3263 3528 Episcopo

637 3574 676 3617 »
717 3551 1169 3640 parocboque
1221 3553 1292 3623 id
1346 3570 1524 3624 onus
1576 3553 2034 3642 relinquitur,
2095 3557 2172 3623 ut
2225 3553 2489 3643 proprii
2536 3551 2849 3623 muneris
2902 3548 3123 3620 officia
3153 3559 3259 3635 per

637 3687 676 3730 »
716 3663 985 3752 seipsos
1037 3663 1326 3751 obeant,
1365 3682 1712 3754 suamque
1769 3666 1983 3736 vitam
2037 3682 2163 3755 pro
2216 3663 2777 3736 concreditarum
2830 3660 2971 3733 sibi
3021 3659 3262 3731 anima·

636 3797 677 3841 ι»
716 3792 872 3845 rum
925 3773 1113 3845 bono
1168 3776 1239 3845 in
1294 3775 1676 3847 discrimen
1730 3776 2195 3847 adducant.»

785 3884 908 3956 Ad.
940 3905 1052 3973 ea,
1095 3902 1281 3973 quae
1334 3891 1579 3958 auctor
1630 3887 1819 3958 idom
1858 3887 2251 3972 constituit,
2296 3885 2821 3978 comprobanda
2864 3885 3082 3957 multa
3112 3893 3254 3952 sanc

634 4003 1055 4088 argumenta
1109 3997 1393 4085 promit,
1451 4016 1745 4087 remque
1801 3999 1993 4070 omni
2046 4017 2132 4070 ex
2168 4005 2370 4089 parte
2409 4018 2549 4070 non
2589 3998 2836 4070 minori
2891 3992 3249 4087 diligentia,

635 4126 851 4198 quam
905 4108 1228 4180 doctrina
1283 4108 1591 4197 explicat
1629 4117 1699 4181 et
1737 4117 2033 4181 exornat
2073 4111 2146 4179 in
2182 4117 2329 4182 toto
2368 4128 2450 4180 eo
2488 4109 2797 4199 capitulo
2835 4109 3120 4200 triginta
3151 4120 3259 4175 nu-

635 4220 848 4290 meris
891 4218 1244 4292 absoluto.
1288 4214 1570 4309 Itaque,
1612 4219 1782 4291 data
1819 4221 2219 4309 occasione,
2259 4221 2710 4293 utilissimum
2750 4221 2881 4291 erit
2919 4218 3091 4290 illud
3123 4229 3262 4285 con·

632 4330 893 4403 sulere.
933 4330 1243 4404 Adeatur
1270 4331 1484 4403 etiam
1514 4329 1833 4423 Fagnan.
1876 4332 2045 4424 Cap.
2078 4330 2381 4405 Clericos
2415 4333 2499 4404 de
2526 4333 2691 4404 cler.
2726 4350 2866 4404 non
2903 4351 3034 4403 res.
3067 4321 3255 4400 n.57.

634 4448 700 4513 et
752 4448 1057 4533 sequent.

783 4555 950 4622 233.
1009 4555 1323 4644 Septimo
1373 4555 1527 4628 loco
1580 4556 1866 4627 demum
1921 4556 2107 4627 inter
2142 4554 2466 4626 doctores
2502 4555 2968 4626 communiter
3015 4552 3265 4622 contro-

637 4660 872 4729 versia
925 4664 1260 4750 agitatur,
1301 4684 1396 4735 an
1443 4666 1854 4738 inimicitiae
1903 4666 2294 4758 parochum
2347 4673 2687 4738 excusent
2723 4664 2815 4736 ab
2852 4653 3263 4737 observando
