3497 5235
970 244 1087 321 ⁰⁸1³·
1113 248 1158 305 1.
1195 246 1270 305 Do
1309 245 1460 306 statu
1499 246 1757 306 Ecclesiae
1795 247 2068 307 maturini.
2106 251 2159 326 ἓ.
2190 251 2240 308 8.
2847 249 2924 314 63

431 377 545 451 50.
585 374 978 452 Concilium
1013 376 1202 453 Trid.
1244 374 1447 477 (sess.
1480 380 1603 454 23.
1645 400 1802 473 cap.
1838 381 1954 454 10.
1995 382 2079 453 de
2116 375 2315 480 Res.)
2364 384 2692 476 sancivit,
2754 409 2791 452 α
2831 404 2923 459 ne

302 512 338 553 ›
376 486 785 579 Abbatibus‚
826 491 1130 582 aliisque
1167 492 1767 583 quibuscumque,
1808 495 2270 583 quantumvis
2304 498 2679 587 exemptis,
2712 497 2922 571 liceat

307 624 339 663 ι
367 601 656 690 primam
703 609 1103 692 tonsuram,
1160 604 1270 675 vel
1322 604 1627 677 minores
1678 601 1980 677 Ordines
2030 606 2366 698 cuiquam
2402 608 2746 697 conferre,
2788 608 2917 700 qui

304 735 336 774 ι
368 712 700 803 regularis
749 714 1083 787 subditus
1131 714 1269 788 sibi
1328 733 1468 787 non
1518 716 1636 788 sit.
1673 740 1711 784 ›
1768 713 1972 789 Unde
2019 720 2369 808 sequitur,
2434 720 2742 794 Abbates
2811 739 2923 792 re-

304 821 553 913 gulares
604 844 751 897 non
806 844 1013 917 posse
1064 826 1384 900 conferre
1433 833 1846 915 tonsuram,
1905 846 1987 899 ac
2039 830 2346 901 minores
2397 826 2701 903 Ordines
2751 832 2925 903 sub·

303 932 444 1004 ditis
475 936 777 1009 alterius
809 936 1098 1011 Ordinis
1134 938 1515 1030 regularis:
1556 956 1743 1029 quae
1780 939 2148 1028 dispositio
2185 940 2673 1030 complectitur
2704 943 2919 1015 etiam

302 1039 778 1122 Benedictinos
829 1051 1245 1121 nominatim
1299 1056 1369 1122 et
1421 1047 1879 1122 Cassinenses
1932 1051 2115 1123 circa
2166 1050 2518 1140 subditos,
2575 1054 2696 1142 qui
2751 1070 2924 1127 suae

303 1153 846 1254 Congregationi,
900 1163 1013 1234 vel
1062 1161 1310 1235 Ordini
1348 1163 1633 1236 minime
1670 1163 1984 1253 subsint,
2026 1165 2488 1255 quantumvis
2520 1164 2596 1237 hi
2630 1183 2919 1240 suorum

303 1265 813 1346 ordinariorum
866 1274 1325 1363 dimissoriaS,
1366 1274 1477 1347 vel
1513 1293 1939 1347 consensum
1993 1274 2380 1367 proferant.
2422 1272 2508 1348 Id
2559 1294 2764 1368 porro
2800 1277 2925 1351 de-

301 1382 559 1458 claravit
616 1384 696 1459 S.
746 1384 822 1458 C.
871 1386 1080 1459 Conc.
1137 1386 1252 1459 die
1310 1386 1425 1456 13.
1482 1382 1657 1457 Nov.
1720 1387 1934 1458 1641.
1993 1388 2184 1478 apud
2251 1385 2532 1478 Pignat.
2589 1381 2794 1483 (tom.
2847 1386 2917 1461 1.

299 1513 454 1567 cons.
490 1497 722 1593 366),
764 1516 1037 1571 necnon
1087 1497 1281 1589 apud
1327 1494 1740 1571 Honorante
1791 1493 2058 1595 (Prax.
2098 1500 2244 1571 Sec.
2285 1500 2469 1572 Trib.
2503 1499 2700 1573 Urbis
2741 1500 2926 1584 νέα,

305 1606 526 1682 Romae
563 1610 782 1683 1762.
806 1605 1233 1705 pa9.134.).
1264 1607 1575 1684 Abbates
1609 1610 2035 1699 saeculareS,
2069 1610 2533 1701 quantumvis
2563 1610 2925 1703 gaudeant

303 1727 765 1817 exemptione,
818 1741 981 1796 cum
1029 1721 1476 1813 regularibus
1525 1742 1668 1796 non
1740 1726 2084 1814 praesint,
2141 1741 2284 1796 non
2354 1731 2651 1813 possunt
2705 1724 2930 1796 ullum

301 1836 437 1909 licet
482 1854 674 1909 suae
709 1832 1173 1906 iurisdictioni
1208 1833 1576 1907 subditum
1627 1834 1718 1906 ad
1771 1842 2138 1906 tonsuram
2175 1840 2246 1906 et
2283 1835 2588 1907 minores
2623 1831 2927 1907 Ordines

300 1963 723 2037 promovere.
779 1941 895 2016 Et·
921 1962 1167 2034 reapse
1203 1948 1609 2034 nuperrime
1650 1944 1887 2018 Abbas
1936 1942 2021 2017 N.
2063 1943 2148 2016 N.
2191 1942 2676 2033 venetiarum,
2718 1947 2931 2021 nixus

297 2056 702 2149 Apostolicis
752 2052 1011 2127 Literis
1058 2073 1117 2124 s.
1161 2073 1254 2127 m.
1313 2053 1579 2129 Nicolai
1631 2052 1755 2126 IV.
1805 2055 1945 2127 diei
2003 2056 2068 2127 1.
2113 2056 2279 2148 Apr.
2329 2057 2513 2128 1454
2564 2063 2930 2129 tonsuram

296 2170 563 2243 cuidam
601 2167 842 2242 iuven'i
880 2169 1305 2256 contulerat,
1347 2168 1642 2258 eiusque
1679 2167 2155 2242 conterendae
2192 2170 2305 2241 ins
2337 2169 2473 2241 sibi
2525 2187 2935 2261 propugna-

292 2279 401 2356 bat
443 2291 707 2358 contra
740 2282 1171 2376 Episcopum
1205 2278 1673 2368 Tarvisinum,
1715 2282 1914 2352 cuius
1948 2280 2253 2352 dioecesi
2288 2280 2580 2353 suberat
2608 2282 2727 2352 iile
2762 2281 2935 2354 ado-

292 2392 581 2468 lescens.
641 2394 815 2467 Cum
865 2413 1030 2467 vero
1081 2391 1470 2465 nullimode
1523 2393 1823 2482 probare
1876 2400 2114 2483 posset
2164 2390 2611 2466 Pontificium
2646 2395 2934 2485 privile-
3005 2390 3036 2413 ‘⁰'

293 2506 472 2596 gium
524 2514 689 2597 post
740 2505 1105 2597 Synodum
1138 2501 1327 2576 Trid.
1369 2504 1770 2591 obtentum,
1812 2506 2169 2594 proposito
2205 2504 2467 2576 dubio:
2527 2526 2565 2570 ‹
2611 2504 2713 2577 An
2766 2523 2935 2577 con·-

293 2641 327 2684 ›
356 2626 496 2691 stet
550 2617 647 2691 de
698 2617 1062 2710 privilegio
1115 2615 1525 2689 conterendi
1560 2622 1955 2705 tonsuram,
1996 2623 2068 2689 et
2129 2619 2439 2691 minores
2472 2614 2777 2690 Ordines
2828 2619 2936 2691 fa-

293 2754 326 2796 »
354 2750 520 2803 vore
583 2730 877 2803 Abbatis
910 2726 996 2800 N.
1036 2725 1124 2799 N.
1182 2725 1638 2800 Venetiarum
1691 2731 1768 2801 in
1821 2723 2036 2801 casu?
2079 2753 2115 2797 >
2173 2727 2245 2800 S.
2290 2727 2366 2801 C.
2408 2726 2645 2821 Episc.
2685 2737 2756 2803 et
2791 2728 2936 2803 Re-

294 2842 423 2932 gul.
479 2842 604 2915 die
656 2844 727 2913 8.
775 2840 937 2932 Apr.
984 2841 1168 2913 1859
1221 2839 1637 2932 respondit:
1696 2837 2064 2931 Negative.
2123 2835 2427 2931 Insuper
2480 2841 2930 2914 collationem

291 2960 619 3028 tonsurae
671 2962 744 3027 et
797 2956 1145 3026 minorum
1179 2951 1526 3024 Ordinum
1570 2953 1842 3023 irritam
1891 2950 2306 3023 declaravit.
2363 2950 2645 3023 Consuli
2700 2959 2932 3043 potest

292 3064 692 3160 FagnanuS,
750 3068 871 3157 qui
925 3066 1234 3159 idipsum
1283 3066 1490 3138 docet
1525 3063 2127 3138 declarationibus
2178 3064 2251 3136 S.
2301 3060 2375 3134 C.
2416 3061 2626 3136 Conc.
2669 3064 2744 3136 in
2780 3083 2930 3137 rem

297 3178 612 3253 adductis
660 3197 819 3270 cap.
877 3175 1269 3251 statuimus
1334 3178 1418 3249 de
1469 3197 1666 3269 supp.
1726 3197 1881 3268 neq.
1929 3178 2159 3269 prael.
2219 3176 2636 3267 praesertim
2688 3195 2763 3247 n.
2805 3178 2926 3249 53.

299 3306 408 3380 per
452 3298 715 3377 totum,
773 3297 845 3362 et
897 3290 1151 3362 iterum
1202 3307 1357 3380 cap.
1419 3286 1847 3380 Significasti
1897 3289 1981 3360 de
2038 3288 2167 3380 Off.
2210 3287 2419 3360 Arch.
2460 3308 2509 3359 a
2543 3306 2737 3359 num.
2775 3287 2932 3369 12..

298 3420 558 3475 necnon
597 3400 804 3472 Card.
844 3398 1050 3471 Petra
1087 3400 1176 3470 ad
1223 3401 1451 3475 Const.
1486 3401 1722 3491 Apost.
1767 3400 2000 3473 Const.
2040 3401 2080 3470 Ι
2089 3399 2160 3470 V.
2199 3398 2475 3472 Callisti
2505 3398 2637 3470 III.
2672 3398 2926 3471 sect.2.

302 3532 472 3585 num.
532 3512 654 3586 66.
716 3532 804 3583 ac
858 3511 977 3583 67.
1038 3512 1123 3583 At
1174 3531 1337 3584 vero
1414 3531 1557 3585 non
1610 3511 1874 3584 desunt
1931 3511 2268 3599 AbbateS,
2326 3512 2448 3602 qui
2525 3509 2933 3582 huiusmodi

302 3625 731 3716 privilegium
782 3630 940 3714 post
990 3621 1198 3695 Cone.
1258 3619 1446 3693 Trid.
1505 3622 1997 3711 obtinuerunt,
2040 3624 2291 3712 quales
2325 3628 2531 3694 erant
2573 3622 2741 3694 olim
2791 3619 2934 3693 Ab·

301 3731 484 3809 hates
533 3733 1131 3807 Commendatarii
1182 3731 1264 3804 B.
1306 3730 1400 3805 M.
1459 3731 1843 3822 Fartensis,
1909 3740 1980 3805 et
2036 3731 2108 3806 S.
2168 3731 2555 3806 Salvatoris
2617 3735 2926 3824 maiorm,

304 3846 594 3938 itemque
648 3842 1210 3938 primiceriuss.
1254 3842 1468 3918 Marci
1521 3842 2006 3935 venetiarum,
2063 3852 2135 3920 et
2187 3846 2427 3920 Abbas
2460 3843 2531 3919 S.
2574 3845 2931 3921 Barbarae

305 3957 365 4032 in
404 3961 686 4040 civitate
739 3955 1154 4035 Mantuana.
1213 3953 1468 4048 Itaque
1526 3958 1586 4031 si
1638 3956 1881 4031 Abbas
1914 3958 2046 4031 boc
2080 3959 2443 4050 privilegio
2481 3957 2815 4050 gaudeat,
2854 3958 2928 4032 id

308 4073 679 4162 exprimere
731 4071 808 4141 in
858 4074 1052 4141 statu
1103 4068 1486 4142 abbatialis
1538 4071 1880 4142 ecclesiae
1933 4069 2306 4144 referendo
2341 4088 2485 4141 non
2521 4070 2827 4142 omittat.

426 4184 541 4264 31.
600 4180 981 4256 Praeterea
1018 4180 1284 4253 addere
1335 4200 1481 4252 non
1533 4183 1666 4254 erit
1718 4183 2211 4272 incongruum,
2252 4180 2442 4270 quod
2480 4181 2928 4273 privilegium

302 4295 467 4368 istud
519 4294 612 4368 ad
663 4313 833 4368 suos
884 4291 1208 4364 subditos
1256 4299 1540 4365 tantum
1589 4300 2043 4380 coerceatur3
2099 4311 2334 4382 neque
2388 4292 2578 4363 enim
2638 4293 2931 4383 insuper

301 4406 599 4482 subditos
650 4407 934 4480 alienae
986 4403 1326 4476 dioecesis
1376 4403 1937 4494 comprehendit,
1997 4404 2130 4476 etsi
2198 4401 2491 4475 accedat
2543 4420 2930 4477 consensus

300 4512 653 4609 Ordinarii,
714 4517 830 4591 cui
883 4515 1150 4589 subditi
1202 4516 1304 4587 illi
1357 4519 1525 4588 sint.
1570 4515 1639 4588 Si
1694 4516 1886 4588 enim
1921 4515 2139 4586 etiam
2172 4532 2334 4586 cum
2391 4515 2520 4587 tali
2576 4532 2927 4587 consensu

300 4631 573 4707 subditis
625 4634 916 4705 alienae
970 4628 1309 4700 dioecesis
1359 4634 1724 4701 tonsuram
1777 4632 1847 4699 et
1899 4626 2206 4699 minores
2256 4622 2559 4701 Ordines
2610 4624 2925 4700 conterat
