3497 5235
936 355 1052 428 Gap.
1078 354 1121 410 1.
1162 353 1235 411 Do
1277 353 1427 410 niatu
1466 353 1728 410 Dodonia
1767 352 2044 410 mutini.
2083 355 2140 428 ἓ.
2166 353 2290 449 ΛῖἿ.
2373 387 2381 396 ·
2866 353 2947 415 77

263 485 463 560 Cone.
493 485 692 559 Trid.
724 488 1048 578 permisit
1074 507 1233 578 cop.
1257 488 1330 559 7.
1358 485 1668 559 sess.21.
1701 485 1785 558 de
1811 486 2099 578 reform.
2134 487 2339 559 cuius
2367 485 2584 559 verba
2614 487 2949 577 superius

265 595 647 697 (paq.72.)
674 599 908 671 relata
937 606 1130 671 sunt.
1163 596 1315 680 Qua
1349 606 1586 670 tamen
1616 599 1687 669 in
1719 615 1794 669 re
1829 604 2064 686 caute,
2105 617 2196 670 ne
2232 598 2469 671 cultus
2504 599 2793 670 divinus
2821 597 2946 669 de-

266 713 673 784 trimentum
715 711 1059 800 patiatur,
1101 706 1429 800 Episcopi
1468 710 1860 802 procedant
1895 709 1986 780 ad
2023 711 2430 801 exemplum
2467 707 2539 782 S.
2583 706 2657 781 C.
2690 708 2936 797 Conc.,

267 841 441 913 quae
499 839 752 912 preces
791 840 917 912 pro
954 821 1356 892 huiusmodi
1396 820 1854 893 demolitione
1891 820 1983 891 ab
2020 823 2423 894 oratoribus
2460 821 2746 894 oblatas
2780 841 2947 894 sae-

267 951 652 1026 penumero
706 932 1133 1004 reiiciendas
1169 951 1325 1004 esse
1363 933 1823 1021 existimavit,
1864 933 2467 1021 quemadmodum
2526 934 2795 1006 iactum
2830 941 2940 1007 est

267 1047 329 1116 in
381 1047 881 1116 Ravennaten.
936 1043 1059 1116 29.
1121 1044 1289 1116 Iulii
1352 1043 1606 1127 1775„
1669 1052 1741 1117 et
1792 1046 2189 1118 Ariminen.
2249 1043 2596 1117 Commut.
2657 1046 2935 1118 volunt.

263 1157 330 1228 2.
366 1157 538 1229 Dec.
579 1156 891 1227 eiusdem
926 1156 1138 1238 anni,
1173 1161 1245 1229 et
1281 1158 1354 1227 in
1384 1157 1646 1229 Aesina
1680 1154 2135 1229 Demolition.
2167 1156 2290 1230 26.
2327 1159 2503 1249 Auq.
2542 1156 2581 1229 4
2590 1157 2630 1229 7
2636 1157 2760 1230 80.
2793 1153 2935 1251 (1).

406 1269 532 1338 57.
596 1266 869 1338 Accidit
943 1285 1488 1358 saepenumerO,
1547 1274 1625 1339 ut
1678 1285 1925 1341 sacrae
1994 1270 2207 1341 aedes
2259 1289 2301 1338 a
2357 1270 2663 1340 militum
2716 1269 2939 1359 copiis

268 1381 558 1470 indigne
610 1385 1076 1467 occupentur,
1135 1380 1380 1469 ibique
1458 1379 1724 1452 nedum
1801 1380 1941 1452 sibi
1992 1379 2117 1452 sed
2173 1387 2245 1452 et
2279 1381 2485 1470 equis
2535 1376 2763 1471 (quod
2816 1381 2942 1452 de-

267 1493 484 1564 terius
538 1486 682 1581 est)
735 1491 1115 1562 stationem
1174 1497 1471 1581 ponant.
1530 1487 1787 1581 Itaque
1841 1490 2093 1563 iisdem
2155 1491 2594 1564 abeuntibus
2646 1509 2939 1563 necesse

267 1608 367 1675 est
415 1602 761 1673 ecclesias
838 1603 1322 1691 reconciliare,
1403 1608 1793 1693 antequam
1848 1603 2090 1675 divino
2158 1605 2381 1676 cultui
2435 1604 2935 1676 restituantur.

267 1712 463 1786 Hane
516 1713 610 1782 ad
666 1731 814 1784 rem
868 1715 1235 1804 aptissime
1289 1714 1597 1804 quadrat
1649 1733 1962 1803 sequens
2014 1714 2400 1787 declaratio
2453 1711 2524 1786 S.
2567 1713 2640 1786 C.
2684 1711 2832 1785 Rit.

403 1851 442 1892 ι
482 1825 909 1899 Beatissime
961 1826 1193 1899 Pater.
1268 1825 1666 1899 Canonicus
1740 1825 2243 1900 Bonaventura
2297 1825 2672 1914 Bernardi‚
2734 1823 2949 1897 Vica-

269 1964 302 2006 ›
336 1941 485 2011 rius
538 1936 968 2029 Capitularis
1019 1940 1363 2012 dioecesis
1414 1939 1716 2030 Carpen.
1776 1942 1850 2010 in
1906 1941 2191 2030 regione
2246 1936 2660 2026 Mutinensi,
2701 1944 2938 2009 orator

275 2079 304 2118 v
339 2051 785 2122 humillimus
812 2053 1229 2124 Sanctitatis
1261 2049 1576 2139 Vestrae,
1609 2053 1802 2123 omni
1831 2071 1995 2123 cum
2022 2051 2367 2141 obsequio
2393 2051 2710 2141 exponit,
2746 2048 2939 2139 quod

271 2188 304 2228 ν
341 2181 501 2234 cum
558 2180 686 2252 per
737 2162 926 2233 hanc
976 2163 1338 2235 civitatem
1409 2164 1790 2235 transitum
1842 2163 2140 2235 fecerint
2191 2161 2605 2235 Austriacae
2657 2163 2935 2252 copiae,

274 2300 308 2339 ι
342 2274 729 2346 stationem
780 2292 984 2344 suam
1039 2281 1432 2364 posuerunt
1485 2275 1557 2345 in
1610 2274 1937 2364 pluribus
1988 2274 2307 2346 eiusdem
2362 2263 2708 2360 ecclesiis,
2749 2275 2938 2345 inter

273 2412 306 2450 ›
342 2403 525 2474 quas
577 2392 725 2457 tres
778 2388 1312 2458 consecratione
1363 2385 1730 2458 delibutae
1784 2392 2272 2458 recensentur.
2341 2381 2619 2457 Ibidem
2677 2384 2936 2457 milites

275 2520 308 2562 ›
345 2496 861 2584 dormiverunt,
920 2497 1447 2569 succenderunt
1497 2499 1763 2588 ignem,
1817 2505 1888 2569 et
1929 2496 2192 2569 alicubi
2230 2497 2595 2588 fregerunt
2633 2496 2935 2583 altaria;

272 2634 307 2677 ›
344 2609 637 2700 insuper
686 2628 912 2700 equos
964 2609 1426 2698 induxerunt,
1469 2616 1541 2683 et
1591 2608 1926 2682 omnibus
1962 2610 2187 2681 modis
2224 2610 2334 2681 usi
2370 2614 2566 2696 sunt,
2625 2607 2841 2680 veluti
2894 2628 2935 2678 a

275 2723 561 2812 »copiis
633 2722 1065 2794 militaribus
1131 2722 1463 2795 usitatur.
1537 2719 1859 2795 vicarius
1928 2723 2173 2810 itaque
2241 2728 2480 2793 orator
2551 2721 2645 2792 ad
2716 2720 2936 2812 pedes

274 2855 310 2897 ν
346 2828 760 2905 Sanctitatis
817 2831 1107 2905 Vestrae
1158 2852 1314 2905 sese
1369 2835 1739 2924 provolvit,
1798 2840 1878 2906 ut
1926 2839 2369 2924 opportunas
2425 2834 2936 2904 instructiones

275 2942 868 3033 »facultatesque
921 2944 1060 3015 sibi
1113 2945 1457 3034 impertiri
1493 2945 1854 3037 dignetur,
1930 2963 2072 3034 quo
2144 2945 2527 3017 illiusmodi
2591 2942 2941 3015 ecclesiae

276 3076 312 3119 ι
347 3056 824 3143 reconciliari,
884 3063 950 3127 et
1007 3074 1132 3146 pro
1189 3057 1504 3128 fidelium
1560 3056 2063 3129 commoditate
2132 3075 2345 3146 quam
2418 3055 2629 3126 citius
2693 3054 2937 3126 divino

280 3189 314 3229 ι
348 3166 563 3239 cultui
620 3169 876 3238 iterum
934 3168 1194 3258 aperiri
1250 3170 1551 3257 possint.
1600 3194 1637 3236 »

409 3303 448 3344 ι
486 3275 590 3348 Ex
631 3278 1011 3350 Audientia
1049 3277 1274 3350 SSr‘ni.
1317 3283 1388 3350 3.
1434 3276 1639 3351 Mart.
1680 3281 1893 3351 1821.
1938 3278 2197 3352 SSr'nus
2234 3275 2509 3349 Vicario
2546 3275 2937 3367 Capitulari

282 3391 600 3460 »oratori
657 3388 1072 3461 facultatem
1127 3391 1479 3479 concedit,
1539 3393 1686 3462 sive
1740 3410 1866 3482 per
1915 3410 2018 3478 se,
2075 3392 2226 3463 sive
2299 3408 2423 3480 per
2475 3389 2653 3460 alios
2703 3406 2947 3459 sacer-

282 3524 317 3563 »
350 3497 540 3570 dotes
594 3499 687 3570 ab
741 3518 823 3571 eo
876 3503 1281 3590 specialiter
1330 3502 1787 3594 deputandos
1823 3501 2326 3574 reconciliandi
2381 3501 2719 3574 ecclesias
2771 3518 2945 3571 con-

286 3631 319 3673 »
353 3618 680 3699 secrataS,
739 3611 830 3684 de
884 3611 1147 3700 quibus
1199 3615 1271 3685 in
1326 3615 1684 3705 precibuS,
1725 3621 2004 3686 servato
2066 3616 2205 3686 ritu
2258 3634 2298 3684 a
2352 3610 2750 3684 Pontificali
2794 3609 2942 3682 Ro-

286 3743 322 3785 »
357 3739 553 3793 mano
605 3725 1072 3815 praescriptO,
1130 3724 1598 3816 adhibitaque
1637 3745 1826 3815 aqua
1880 3744 2005 3816 per
2040 3726 2469 3798 catholicum
2505 3721 2935 3814 Episcopum

289 3830 749 3906 ›benedicta.
834 3830 1194 3906 Ecclesiae
1278 3842 1519 3908 autem
1571 3838 1988 3928 simpliciter
2038 3837 2464 3909 benedictae
2533 3834 2623 3905 ab
2687 3835 2935 3905 eodem

289 3965 325 4005 ι
357 3938 642 4034 vicario,
700 3947 812 4018 vel
888 3966 929 4017 a
1009 3946 1504 4020 sacerdotibus
1554 3967 1679 4038 per
1730 3968 1896 4020 eum
1947 3947 2412 4039 designandis
2492 3945 2936 4018 reconciliari

289 4076 325 4118 ι
357 4064 680 4143 poterunt
731 4059 929 4129 iuxta
984 4056 1282 4129 formam
1335 4078 1376 4129 a
1429 4056 1700 4130 Rituali
1753 4058 2078 4131 Romano
2131 4059 2499 4133 traditam.
2564 4053 2715 4138 Quo
2768 4075 2935 4128 vero

292 4164 442 4235 »ad
501 4169 755 4242 altaria
828 4187 986 4240 cum
1061 4169 1339 4260 integra
1408 4169 1694 4262 lapidea
1763 4188 2055 4259 mensa,
2123 4171 2404 4259 quoties
2468 4168 2779 4239 fractura
2841 4169 2937 4241 sit

292 4298 332 4340 ι
364 4284 672 4370 enormis,
728 4300 975 4354 mensa
1012 4283 1305 4355 omnino
1341 4285 1779 4372 renovanda,
1821 4291 1892 4355 et
1928 4282 2021 4354 ab
2059 4279 2411 4374 Episcopo
2448 4282 2935 4353 consecranda

409 4579 479 4655 (1)
515 4589 591 4639 De
629 4589 732 4639 hoc
771 4592 1103 4651 argumento
1155 4594 1339 4639 actum
1379 4595 1466 4640 est
1506 4592 1567 4639 in
1611 4588 2057 4654 Montisfalt‘sci
2108 4589 2523 4653 Demolitionis‚
2580 4604 2724 4640 anno
2765 4587 2934 4651 1866;

289 4675 409 4719 anno
444 4670 574 4723 1867
610 4672 755 4740 apud
798 4675 855 4726 S.
887 4674 949 4726 O.
984 4674 1086 4737 132.
1131 4678 1186 4724 et
1231 4674 1373 4736 Reg.
1415 4674 1742 4722 Βίιαπτίπα
1783 4672 2085 4725 Aediculae
2122 4674 2213 4724 22.
2245 4675 2366 4725 Dec.
2405 4673 2564 4728 1866.
2593 4672 2735 4726 Vide
2762 4672 2942 4721 etiam

288 4746 411 4808 80.
443 4758 624 4823 Epioe.
665 4763 726 4810 et.
767 4759 974 4822 Regni.
1016 4758 1080 4810 iu
1128 4757 1443 4808 Nucerina
1481 4758 1657 4822 Super
1683 4758 1884 4810 servit.
1914 4757 2004 4809 28.
2033 4758 2175 4811 Nov.
2206 4758 2365 4811 1852.
