3497 5235
1049 276 1170 353 ⁰⁸?-
1194 278 1289 338 111.
1328 278 1402 337 D·
1440 276 1576 338 olore
1618 278 1888 337 ιιοοιιῑιτί.
1930 280 1985 354 g.
2009 278 2084 337 n.
2782 278 2895 343 441

251 415 456 488 habet
507 416 769 504 locum,
825 421 906 488 ut
961 417 1308 508 invigilet,
1365 437 1459 489 an
1497 416 1588 487 ab
1625 418 1737 505 iis,
1780 418 1904 508 qui
1942 418 2322 490 animabus
2358 424 2522 492 actu
2560 418 2896 491 curandis

250 545 522 620 operam
559 536 859 615 navant,
899 524 1158 600 Missae
1192 528 1618 602 sacrificium
1653 536 1783 624 'pro
1818 530 2080 622 populo
2117 530 2495 622 diligenter
2529 532 2893 617 offeratur3

251 641 429 732 quod
465 641 681 713 etiam
720 658 851 712 suo
889 641 976 712 de
1010 647 1328 733 tempore
1362 641 1769 715 testabatur
1803 639 2072 714 Bened.
2114 638 2306 714 XIV.
2362 642 2539 716 Inst.
2579 644 2746 716 eccl.
2776 643 2895 717 10.

251 772 431 825 num.
496 752 566 825 6.
624 748 799 824 Cum
849 752 1039 823 enim
1094 771 1328 844 neque
1382 754 1505 844 qui
1557 753 1871 845 plantat,
1931 773 2166 847 neque
2220 757 2343 847 qui
2395 757 2604 848 rigat,
2646 758 2739 828 sit
2776 756 2906 828 ali-

253 864 443 954 quid,
500 862 628 935 sed
680 865 803 953 qui
855 864 1368 955 incrementum
1424 866 1574 954 dat,
1633 864 1850 956 DeuS‚
1908 886 2199 941 necesse
2254 869 2596 962 imprimis
2649 876 2758 941 est
2810 869 2902 941 ad

253 976 655 1068 ampliorem
709 976 1025 1049 iustitiae
1079 984 1392 1070 segetem
1445 979 1961 1071 colligendam,
2020 987 2101 1051 ut
2152 977 2498 1053 Dominici
2552 981 2702 1071 agri
2756 980 2906 1052 cul-

255 1095 429 1162 tores
482 1089 897 1161 coelestium
951 1088 1532 1163 benedictionum
1585 1109 1816 1163 rorem
1871 1110 1911 1163 a
1947 1089 2093 1162 Deo
2147 1092 2525 1183 implorent
2560 1110 2690 1183 per
2725 1089 2907 1162 San-

250 1201 475 1293 guinis
528 1209 601 1275 et
651 1198 974 1292 Corporis
1025 1200 1281 1275 Christi
1344 1202 1824 1293 oblationem,
1884 1222 2069 1294 quae
2144 1226 2181 1270 ‹
2221 1204 2562 1297 ineffabili
2606 1222 2900 1295 prorsus

247 1338 282 1383 ›
315 1315 679 1403 fructuum
705 1315 1015 1387 ubertate
1049 1315 1460 1388 redundans
1487 1322 1930 1407 praesentem
1965 1335 2178 1408 aeque
2213 1334 2296 1387 ac
2320 1316 2645 1405 futuram
2681 1315 2905 1387 vitam

247 1450 282 1495 ›
317 1426 889 1518 complectitur»,
922 1444 1052 1498 ceu
1089 1430 1612 1522 sapientissime
1649 1427 2153 1500 animadvertit
2188 1446 2247 1498 S.
2287 1445 2380 1497 m.
2415 1425 2580 1499 Pius
2606 1424 2742 1498 ΡΡ.
2770 1422 2898 1497 ΙΧ.

246 1536 497 1611 Literis
548 1539 821 1629 encycl.
878 1541 1376 1612 Amantissimi
1428 1542 1500 1613 3.
1557 1537 1724 1611 Maii
1784 1541 1997 1613 1858.

384 1651 556 1722 342.
615 1647 838 1733 Quam
893 1659 1176 1724 vetusta
1229 1654 1322 1725 sit
1370 1653 1779 1726 huiusmodi
1834 1653 2257 1745 disciplina,
2333 1660 2402 1726 et
2476 1672 2693 1745 quam
2743 1670 2907 1746 per-

247 1770 456 1855 petuo
508 1773 579 1837 et
649 1771 1060 1836 constanter
1129 1765 1202 1836 in
1257 1762 1574 1839 Ecclesia
1627 1773 1952 1855 servata,
2028 1767 2420 1840 ostendunt
2471 1767 2562 1856 ii,
2640 1764 2904 1856 quibus

245 1878 888 1950 ecclesiasticarum
965 1877 1482 1966 antiquitatum
1559 1877 1936 1950 thesauros
2005 1879 2308 1951 effodere
2380 1884 2451 1951 et
2520 1879 2595 1949 in
2674 1878 2906 1950 lucem

245 1992 557 2084 proferre
627 2009 836 2064 curae
905 1998 1038 2064 est.
1113 1988 1258 2065 Nos
1309 2012 1436 2084 pro
1510 1994 1819 2066 instituti
1873 1994 2097 2067 nostri
2158 2011 2349 2065 more
2404 1992 2589 2065 illico
2660 1992 2752 2064 ad
2823 2008 2906 2061 ea

245 2105 747 2199 pertractanda
783 2123 1040 2177 manus
1074 2105 1564 2194 admovemuS‚
1598 2123 1785 2195 quae
1821 2106 2178 2197 vigentem
2212 2105 2425 2178 hodie
2454 2104 2907 2195 disciplinam

245 2237 415 2311 prae
467 2236 543 2290 se
593 2215 877 2306 ferunt,
936 2217 1234 2307 eiusque
1286 2215 1793 2309 obligationem
1863 2235 1990 2308 per
2048 2223 2290 2308 partes
2343 2217 2759 2309 expediunt.
2817 2213 2911 2289 Ut

243 2337 488 2403 autem
541 2329 790 2402 ordine
833 2327 1397 2421 progrediamur,
1439 2328 1812 2401 materiam
1845 2328 2060 2418 hanc,
2101 2329 2192 2402 de
2229 2348 2372 2420 qua
2407 2330 2794 2420 loquimur,
2837 2329 2912 2399 in

241 2449 453 2541 plura
489 2447 725 2538 capita
764 2446 1260 2540 dispescimus.
1301 2443 1560 2537 Itaque
1612 2465 1908 2539 agemus
1960 2449 2050 2521 de
2094 2447 2529 2541 obligatione
2564 2446 2907 2521 offerendi

240 2578 371 2653 pro
414 2558 678 2652 populo
729 2555 986 2632 Missae
1038 2558 1465 2632 sacrificium
1516 2559 1819 2652 singulis
1870 2556 2255 2634 Dominicis
2290 2561 2594 2653 aliisque
2631 2559 2908 2633 festivis

237 2672 526 2762 diebuS,
577 2672 800 2744 etiam
853 2691 892 2743 e
942 2669 1286 2745 festorum
1338 2670 1574 2744 indice
1626 2672 2066 2764 dispunctis;
2123 2674 2212 2746 de
2277 2674 2407 2763 iiS,
2482 2671 2748 2764 quibus
2801 2672 2915 2742 in-

235 2784 518 2860 cumbit
542 2800 701 2857 eam
729 2783 1127 2876 applicare;
1169 2800 1263 2854 an
1298 2784 1588 2877 parochi
1624 2801 1753 2877 per
1779 2785 2050 2875 seipsos
2087 2787 2448 2880 applicare
2484 2789 2900 2871 teneantur,

242 2904 318 2971 et
373 2916 521 2989 qua
572 2897 784 2985 hora3
842 2894 1155 2987 denique
1207 2913 1499 2989 agemus
1552 2895 1639 2968 de
1689 2894 2032 2969 facultate
2084 2897 2415 2970 binandi.

240 3154 383 3208 Art.
399 3154 447 3207 1.
472 3152 566 3207 De
591 3151 982 3218 obligatione
1009 3151 1309 3206 offerendi
1336 3167 1455 3220 pro
1483 3153 1720 3220 populo
1741 3152 1980 3207 Missae
2007 3153 2375 3207 sacrificium
2403 3152 2668 3219 singulis
2696 3150 2914 3205 diebus

378 3238 747 3300 Dominicis,
786 3237 1051 3306 aliisque
1088 3238 1278 3292 festis
1317 3237 1534 3292 diebus
1575 3237 1767 3292 etiam
1807 3252 1842 3290 e
1880 3237 2190 3291 festorum
2228 3238 2373 3291 albo
2414 3236 2783 3305 dispunctis.

370 3455 800 3521 Summarum.
854 3453 1007 3517 343.
1059 3453 1315 3517 Patrum
1363 3447 1885 3515 Tridentinorum
1942 3455 2482 3536 Summorumque
2538 3445 2915 3516 Pontificum

223 3556 623 3633 sanctiones,
676 3555 907 3640 quibus
953 3554 1107 3619 haec
1158 3553 1461 3638 obligatio
1508 3551 1837 3630 firmatum
1889 3552 2201 3618 accedunt
2248 3554 2707 3620 declarationes
2743 3555 2805 3619 S.
2841 3555 2911 3619 C.

236 3664 476 3736 Cone„
532 3676 612 3723 ex
660 3657 890 3742 quibus
940 3655 1162 3722 eadem
1212 3655 1554 3723 celebratio
1603 3654 1680 3720 ad
1727 3674 1949 3722 omnes
1997 3656 2260 3722 omnino
2316 3655 2453 3722 dies
2502 3656 2690 3722 festos
2734 3674 2916 3742 prae-

230 3762 489 3850 figitur.
542 3798 586 3810 -
634 3764 789 3826 344.
838 3759 1018 3838 Quod
1064 3769 1309 3846 spectat
1368 3758 1445 3824 ad
1494 3758 1954 3845 praefixionem
2005 3758 2131 3826 diei
2195 3758 2374 3837 sesti,
2442 3758 2524 3825 de
2588 3757 2920 3844 Episcopis

228 3863 662 3931 orientalibus
697 3865 760 3927 in
795 3861 922 3928 fine
957 3862 1214 3948 capituli
1249 3864 1575 3948 sequentis
1610 3873 1858 3950 agetur.
1900 3901 1943 3912 -
1975 3867 2130 3930 345.
2170 3864 2439 3929 Constit.
2477 3860 2717 3927 Bened.
2753 3864 2913 3927 xlv.

236 3972 416 4035 Cum
461 3984 698 4051 semper
744 3963 985 4032 oblatas
1033 3965 1148 4030 etsi
1198 3966 1410 4051 primo
1443 3984 1562 4051 pro
1597 3965 1769 4031 ltalia
1804 3975 1868 4030 et
1902 3963 2122 4031 insulis
2170 3963 2599 4030 adiacentibus
2631 3964 2922 4050 promul-

217 4083 381 4162 gata
447 4071 527 4138 ad
577 4087 835 4136 omnem
884 4068 1268 4134 catholicum
1321 4069 1541 4134 orbem
1601 4067 1797 4135 hodie
1862 4068 2332 4135 extenditur.-
2372 4068 2524 4132 346.
2576 4065 2644 4132 ld
2693 4065 2919 4132 confir-

218 4185 460 4242 matur
493 4192 572 4238 ex
608 4172 837 4238 Literis
871 4170 1209 4257 encyclicis
1240 4192 1292 4236 s.
1324 4189 1415 4236 m.
1445 4170 1532 4236 Pii
1570 4174 1683 4235 ΡΡ.
1715 4172 1822 4236 lX.
1861 4170 2063 4256 incip.
2092 4172 2562 4236 Amantissimi.
2593 4207 2635 4216 —
2662 4172 2813 4237 347.
2854 4172 2922 4237 In

221 4263 665 4346 concedenda
712 4274 1022 4342 festorum
1072 4275 1476 4352 reductione,
1528 4272 1865 4339 Pontifices
1912 4273 2071 4339 nihil
2108 4273 2171 4338 in
2206 4272 2488 4339 ecclesiis
2520 4274 2683 4340 circa
2718 4273 2919 4339 divini

215 4379 440 4447 officii
489 4378 688 4445 ritum
737 4387 801 4443 et
850 4376 1145 4443 ordinem
1193 4374 1514 4442 immutari
1563 4376 1933 4441 voluerunt.
1988 4374 2415 4443 Nihilominus
2463 4377 2585 4442 late
2634 4377 2923 4444 invalue-

209 4494 380 4561 rat,
438 4492 509 4548 ut
555 4480 775 4547 Missae
824 4499 943 4566 pro
1005 4480 1249 4567 populo
1313 4479 1545 4545 oblatio
1608 4477 2054 4556 omitteretur,
2106 4479 2256 4545 licet
2302 4478 2662 4565 Apostolica
2726 4480 2924 4549 Sedes

202 4584 543 4654 eiusdem
590 4584 1168 4670 adimplementum
1217 4581 1564 4649 adsereret.
1606 4618 1648 4629 -
1681 4584 1838 4648 348.
1876 4579 1970 4646 Ad
2005 4580 2163 4647 hanc
2195 4601 2333 4648 rem
2367 4582 2553 4649 latius
2590 4601 2919 4669 exponen-

193 4689 394 4759 dam
455 4708 525 4756 ac
569 4686 831 4757 solidius
880 4684 1373 4754 confirmandam
1436 4684 1582 4752 Pius
1629 4687 1734 4752 lX.
1789 4683 2134 4772 specialem
2185 4685 2762 4777 congregationem
2810 4686 2921 4754 de-
