3497 5235
560 285 684 359 0⁸1».
706 285 778 343 11.
817 284 892 342 Do
930 283 1196 358 Upi-eope,
1234 280 1644 355 aetiopiam.
1683 280 1914 340 Prinas·
1954 282 2013 340 ot
2050 280 2376 340 Putriuohc.
2418 283 2471 356 g.
2498 281 2549 338 8.
2774 278 2891 341 175

245 448 272 489 ι
302 413 817 492 clesiasticum't'
859 443 897 488 ι
937 419 1009 490 S.
1051 416 1124 492 C.
1164 414 1378 490 Conc.
1420 416 1809 508 rescripsit:
1856 437 1894 482 α
1923 413 2081 489 Non
2134 434 2340 507 posse
2377 415 2726 491 Mutinen.
2766 414 2890 486 26.

243 530 371 604 lan.
420 533 644 603 1658.
685 525 879 626 (Lib.
920 530 1043 603 21.
1085 531 1343 603 decret.
1378 548 1548 621 paq.
1596 526 1763 602 166.
1771 523 1838 623 ).

359 644 487 715 70.
549 640 1000 714 Dimissorias
1051 660 1178 733 pro
1229 641 1459 732 prima
1512 648 1804 713 tonsura
1862 645 1931 712 et
1983 641 2202 713 sacris
2277 637 2669 712 Ordinibus
2721 639 2901 711 reci-

243 755 504 849 piendis
581 755 898 827 Abbates
964 754 1286 844 aliosque
1353 751 1727 825 inferiores
1775 750 2143 824 Praelatos
2191 751 2501 824 subditis
2551 752 2701 823 suis
2756 767 2903 822 non

244 888 422 961 posse
478 868 829 959 impertiri
867 866 1143 957 absque
1178 864 1467 957 speciali
1507 862 1579 935 S.
1616 862 1820 937 Sedis
1857 864 2226 955 privilegio
2263 871 2419 955 post
2455 861 2667 937 Conc.
2699 858 2893 933 Trid.

243 981 601 1071 impetrato
654 978 826 1050 alibi
879 977 1079 1071 (cap.
1116 977 1186 1050 1.
1225 974 1301 1071 ἓ.
1332 975 1406 1049 3.
1457 996 1628 1069 paq.
1672 974 1769 1050 63
1804 996 1878 1047 n.
1910 970 2078 1072 30.)
2130 976 2777 1048 demonstravimus
2827 978 2902 1047 et

244 1091 511 1165 disertis
561 1090 800 1163 verbis
850 1097 1143 1162 cavetur
1199 1092 1377 1164 Sess.
1417 1088 1542 1162 23.
1583 1107 1740 1179 cap.
1787 1088 1906 1161 10.
1948 1089 2033 1161 de
2069 1087 2224 1177 Res.

365 1206 593 1276 Aliter
643 1221 808 1275 vero
845 1219 993 1273 rem
1029 1219 1106 1273 se
1141 1200 1410 1273 habere
1462 1201 1550 1272 de
1604 1196 1903 1271 vicariis
1952 1198 2481 1290 capitularibus
2517 1202 2716 1271 iuxta
2755 1216 2904 1269 mo-

240 1314 386 1387 dum
439 1336 485 1387 a
539 1313 874 1386 Patribus
925 1309 1361 1384 Tridentinis
1411 1312 1791 1384 definitum
1843 1311 2199 1403 colligitur
2248 1331 2336 1384 ex
2379 1313 2549 1402 Cap.
2587 1310 2704 1384 10.
2751 1312 2906 1384 Ses-

241 1429 323 1498 sio
348 1425 479 1500 23.
515 1426 601 1498 de
638 1425 795 1513 Res.
834 1419 987 1505 Quo
1036 1442 1252 1514 super
1301 1431 1725 1514 argumento
1780 1441 1869 1495 ne
1923 1425 2166 1514 pigeat
2216 1424 2466 1494 audire
2502 1419 2902 1494 Giraldium

244 1539 334 1610 Ius
373 1537 661 1626 Pontis.
707 1537 796 1608 P.
841 1534 937 1607 II.
973 1540 1137 1606 sect.
1176 1534 1342 1607 100.
1386 1536 1486 1606 ita
1522 1535 1795 1607 affabre
1830 1534 2293 1608 scribentem:
2355 1557 2393 1602 ι
2433 1530 2518 1605 In
2561 1535 2733 1625 Cap.
2778 1532 2899 1605 10.

243 1675 276 1719 >
306 1670 466 1722 sess.
505 1649 579 1720 7.
621 1653 979 1720 statuerat
1012 1645 1343 1738 Synodus
1377 1642 1823 1735 Tridentina,
1880 1666 1966 1719 ne
2020 1648 2264 1720 liceret
2299 1645 2645 1737 Capitulis
2681 1646 2907 1718 eccle-

245 1786 278 1830 »
307 1764 578 1834 siarum
615 1762 805 1833 intra
858 1777 1131 1830 annum
1169 1779 1209 1832 a
1246 1759 1363 1831 die
1401 1760 1798 1830 vacationis
1850 1759 2052 1831 Sedis
2105 1758 2489 1830 ordinandi
2542 1758 2907 1830 licentiam

245 1897 276 1941 ι
306 1880 431 1944 aut
483 1873 735 1944 literas
785 1870 1251 1959 dimissorias,
1308 1889 1434 1941 seu
1487 1870 1919 1943 reverendas
1970 1871 2184 1942 alicui
2223 1871 2614 1943 concedere
2668 1871 2907 1962 vigore

242 2009 273 2053 ι
307 1992 454 2056 tarn
509 1984 688 2055 iuris
740 1982 1163 2070 communis,
1219 1999 1440 2071 quam
1492 1981 1882 2073 privilegii,
1949 1989 2075 2054 aut
2124 1984 2709 2072 consuetudiniS,
2769 1983 2908 2054 nisi

245 2121 276 2163 ›
309 2097 475 2183 illis,
537 2096 662 2184 qui
717 2093 1050 2165 beneficii
1103 2094 1562 2166 ecclesiastici
1614 2094 1883 2183 recepti
1934 2112 2063 2165 seu
2110 2094 2500 2186 recipiendi
2536 2095 2909 2167 occasione

242 2229 274 2275 ›
305 2210 561 2281 arctati
597 2207 892 2295 fuerint;
930 2208 991 2279 si
1025 2226 1230 2281 secus
1277 2208 1504 2296 fieret,
1544 2205 1949 2299 Capitulum
1988 2210 2536 2281 contraveniens
2574 2210 2911 2283 ecclesia-

242 2344 276 2387 »
305 2324 484 2393 stico
539 2319 1020 2392 subiiceretur
1070 2320 1475 2407 interdicto:
1516 2327 1590 2393 et
1624 2321 1726 2392 sic
1761 2319 2100 2407 ordinati,
2140 2322 2199 2393 si
2241 2322 2308 2392 in
2347 2321 2746 2393 minoribus
2780 2318 2913 2395 Or-

238 2431 603 2504 ›dinibus
652 2431 1024 2503 constituti
1078 2429 1367 2518 fuerint,
1427 2431 1625 2502 nullo
1675 2431 2046 2523 privilegio
2098 2431 2435 2520 clericali,
2488 2434 2910 2524 praesertim

240 2566 273 2611 ›
308 2545 377 2615 in
432 2542 959 2631 criminalibus,
1003 2542 1425 2634 gauderent:
1467 2543 1856 2615 maioribus
1907 2563 2071 2616 vero
2107 2546 2418 2617 ordinati
2473 2545 2565 2617 ab
2618 2563 2916 2619 exsecu-

238 2657 502 2729 ›tione
569 2652 922 2726 Ordinum
989 2654 1082 2725 ad
1150 2653 1684 2746 beneplacitum
1766 2655 1984 2728 futuri
2055 2653 2362 2730 Praelati
2442 2665 2684 2730 essent
2758 2659 2913 2750 ipso

239 2788 273 2834 s
306 2768 460 2839 iure
511 2767 875 2860 suspensi.
920 2762 1004 2837 In
1058 2766 1192 2838 hoc
1243 2774 1486 2839 autem
1547 2769 1718 2858 Cap.
1766 2767 1883 2840 10.
1926 2787 2094 2841 3633.
2133 2766 2256 2841 23.
2300 2771 2579 2857 statuit,
2623 2775 2700 2841 ut
2753 2789 2917 2861 pro-

242 2900 278 2945 »
312 2880 512 2966 moti,
555 2878 781 2950 literis
833 2877 1252 2950 dimissoriis
1311 2878 1627 2950 obtentis
1679 2899 1720 2950 a
1774 2881 2026 2969 quovis
2077 2881 2152 2951 in
2206 2881 2694 2954 iurisdictione
2744 2878 2917 2973 Epi-

239 3016 276 3060 »
306 3012 552 3085 scopo,
595 2993 746 3066 loco
781 2991 1116 3084 Capituli,
1169 2993 1339 3066 sede
1391 3000 1722 3082 vacante,
1763 2993 2221 3080 succedente,
2280 2993 2355 3064 in
2407 2993 2695 3065 easdem
2744 3011 2915 3084 poe-

243 3129 276 3173 »
313 3124 444 3178 nas
495 3105 823 3178 incidant
873 3110 1246 3177 contentas
1297 3107 1371 3177 in
1425 3107 1616 3178 dicto
1673 3106 1844 3197 Cap.
1891 3105 2009 3178 10.
2068 3124 2235 3177 3633.
2291 3103 2332 3176 7
2344 3126 2399 3176 .:
2437 3106 2916 3178 concedentes

241 3239 277 3284 ›
310 3224 556 3291 autem
608 3218 1054 3290 dimissorias
1105 3203 1351 3289 contra
1406 3217 1706 3290 formam
1776 3218 1947 3290 dicti
2017 3217 2287 3290 decreti
2355 3218 2504 3289 sint
2554 3218 2707 3309 ipso
2761 3219 2916 3290 iure

236 3351 273 3398 ›
309 3330 640 3422 suspensi
696 3346 826 3419 per
879 3348 1154 3401 annum
1207 3329 1299 3401 ab
1353 3329 1584 3402 officio
1637 3338 1708 3402 et
1761 3329 2140 3401 beneficiO.

375 3443 496 3512 71.
562 3465 600 3509 ›
642 3439 1053 3531 Antequam
1104 3459 1270 3513 vero
1324 3434 1457 3534 (ita
1510 3442 1742 3532 pergit
1805 3437 2198 3536 Giraldius)
2251 3442 2633 3513 afferamus
2681 3431 2916 3515 decla-

238 3575 275 3618 »
310 3554 627 3624 rationes
680 3548 754 3623 S.
796 3548 871 3622 C.
913 3550 1158 3640 Conc.,
1200 3571 1387 3642 quae
1421 3552 1534 3624 his
1570 3552 1878 3626 decretis
1915 3560 2399 3642 accesserunt,
2458 3556 2921 3646 praemitten-

239 3686 276 3729 ›
313 3663 484 3734 dum
531 3669 680 3750 est,
722 3663 915 3753 quod
969 3666 1296 3753 quamvis
1347 3665 1424 3735 in
1476 3664 1693 3737 allato
1745 3665 1973 3755 primo
2009 3664 2294 3737 decreto
2330 3664 2719 3739 Concilium
2757 3685 2922 3758 pro-

239 3797 277 3841 »
312 3774 561 3847 hibeat
611 3774 750 3846 sub
806 3775 903 3846 ibi
960 3777 1359 3848 enuntiatis
1411 3777 1664 3868 poenis
1713 3774 2040 3868 Capitulo
2077 3777 2536 3866 cathedraliS,
2576 3780 2744 3852 sede
2796 3797 2924 3851 va·-

237 3907 274 3954 ›
310 3894 555 3966 cante,
614 3886 1008 3959 concedere
1077 3886 1263 3968 infra
1326 3907 1598 3960 annum
1667 3889 2106 3963 dimissorias
2167 3911 2313 3963 non
2374 3894 2690 3979 arctatiS,
2749 3891 2921 3982 quia

237 4020 274 4064 ι
311 4005 563 4070 tamen
619 3998 810 4071 idem
862 3995 1252 4072 Concilium
1310 4000 1480 4091 Cap.
1527 3999 1644 4073 16.
1679 4020 1847 4072 3633.
1885 4001 2010 4073 24.
2068 4002 2151 4074 de
2205 4004 2514 4094 Reform.
2572 4004 2924 4095 praecipit

234 4131 271 4174 ι
308 4106 648 4200 capitulo
698 4109 1250 4201 cathedralium,
1310 4119 1388 4184 ut
1441 4112 1625 4183 infra
1662 4120 1820 4185 octo
1857 4114 2010 4186 dies
2045 4121 2207 4206 post
2243 4125 2544 4202 mortem
2588 4113 2924 4210 Episcopi

231 4241 269 4285 ›
306 4223 712 4316 constituat
762 4218 1123 4294 vicarium
1174 4220 1684 4315 Capitularem,
1727 4224 1889 4298 ideo
1924 4226 2156 4299 dictas
2190 4227 2625 4302 dimissorias
2669 4247 2926 4303 conce-

232 4354 270 4399 »
305 4331 494 4403 dere
543 4333 799 4423 nequit
850 4351 977 4424 per
1009 4352 1085 4406 se
1126 4335 1360 4426 ipsum
1397 4344 1547 4409 tam
1582 4338 1873 4410 arctatis
1924 4339 2110 4410 intra
2166 4358 2464 4428 annum,
2507 4360 2727 4432 quam
2778 4356 2926 4417 non

234 4465 272 4508 ›
311 4445 615 4515 arctatis
668 4451 830 4534 post
883 4465 1182 4534 annum,
1222 4447 1350 4519 sed
1404 4448 1785 4522 dumtaxat
1819 4467 1946 4540 per
1981 4449 2283 4523 electum
2324 4472 2364 4523 a
2402 4472 2479 4526 se
2536 4450 2921 4548 vicarium,

233 4576 270 4623 ›
308 4553 414 4625 ad
474 4573 685 4645 quem
737 4558 1112 4648 privative,
1170 4577 1317 4631 non
1370 4562 1805 4634 cumulative
1873 4580 2036 4634 cum
2107 4563 2356 4637 eodem
2418 4562 2741 4658 Capitulo
2793 4569 2929 4640 hu-

236 4687 276 4733 »
315 4666 634 4740 iusmodi
682 4669 1076 4742 iurisdictio
1129 4677 1433 4762 spectat,
1490 4678 1572 4745 ut
1631 4692 1720 4746 ex
1791 4674 2273 4750 declaratione
2338 4675 2926 4772 congregationis
