<?xml version="1.0" encoding="UTF-8"?>
<!DOCTYPE html PUBLIC "-//W3C//DTD XHTML 1.0 Transitional//EN"
    "http://www.w3.org/TR/xhtml1/DTD/xhtml1-transitional.dtd">
<html xmlns="http://www.w3.org/1999/xhtml" xml:lang="en" lang="en">
 <head>
  <title>
</title>
<meta http-equiv="Content-Type" content="text/html;charset=utf-8" />
  <meta name='ocr-system' content='tesseract 3.04.00' />
  <meta name='ocr-capabilities' content='ocr_page ocr_carea ocr_par ocr_line ocrx_word'/>
</head>
<body>
  <div class='ocr_page' id='page_1' title='image "./devisitationesa00popegoog_0142.png"; bbox 0 0 3497 5235; ppageno 0'>
   <div class='ocr_carea' id='block_1_1' title="bbox 576 218 2481 311">
    <p class='ocr_par' dir='ltr' id='par_1_1' title="bbox 576 218 2481 311">
     <span class='ocr_line' id='line_1_1' title="bbox 576 218 2481 311; baseline 0.004 -24"><span class='ocrx_word' id='word_1_1' title='bbox 576 218 693 288; x_wconf 75' lang='lat'>114</span> <span class='ocrx_word' id='word_1_2' title='bbox 1318 228 1686 291; x_wconf 67' lang='lat' dir='ltr'>Instruetioni·</span> <span class='ocrx_word' id='word_1_3' title='bbox 1727 231 1781 291; x_wconf 81' lang='grc' dir='ltr'>Β.</span> <span class='ocrx_word' id='word_1_4' title='bbox 1812 231 1995 308; x_wconf 72' lang='lat' dir='ltr'>Gongr.</span> <span class='ocrx_word' id='word_1_5' title='bbox 2023 233 2170 293; x_wconf 80' lang='grc' dir='ltr'><strong>ῦοιιο.</strong></span> <span class='ocrx_word' id='word_1_6' title='bbox 2212 234 2481 311; x_wconf 71' lang='lat' dir='ltr'>expositio.</span> 
     </span>
    </p>
   </div>
   <div class='ocr_carea' id='block_1_2' title="bbox 552 364 3233 1922">
    <p class='ocr_par' dir='ltr' id='par_1_2' title="bbox 561 364 3233 1356">
     <span class='ocr_line' id='line_1_2' title="bbox 569 364 3223 466; baseline 0.004 -30"><span class='ocrx_word' id='word_1_7' title='bbox 569 382 711 455; x_wconf 89' lang='lat' dir='ltr'>qua</span> <span class='ocrx_word' id='word_1_8' title='bbox 763 364 1035 448; x_wconf 88' lang='lat' dir='ltr'>ratione</span> <span class='ocrx_word' id='word_1_9' title='bbox 1101 377 1555 462; x_wconf 82' lang='lat' dir='ltr'>peragantur,</span> <span class='ocrx_word' id='word_1_10' title='bbox 1632 378 1711 445; x_wconf 91' lang='lat' dir='ltr'>ut</span> <span class='ocrx_word' id='word_1_11' title='bbox 1777 371 1950 461; x_wconf 87' lang='lat' dir='ltr'>quid</span> <span class='ocrx_word' id='word_1_12' title='bbox 2018 375 2479 447; x_wconf 88' lang='lat' dir='ltr'>statuendum</span> <span class='ocrx_word' id='word_1_13' title='bbox 2549 373 2642 447; x_wconf 90' lang='lat' dir='ltr'>sit</span> <span class='ocrx_word' id='word_1_14' title='bbox 2714 374 3223 466; x_wconf 82' lang='lat' dir='ltr'>intelligamus.</span> 
     </span>
     <span class='ocr_line' id='line_1_3' title="bbox 564 473 3233 578; baseline 0.004 -30"><span class='ocrx_word' id='word_1_15' title='bbox 564 473 916 558; x_wconf 84' lang='lat' dir='ltr'>Quoniam</span> <span class='ocrx_word' id='word_1_16' title='bbox 969 498 1132 552; x_wconf 78' lang='lat' dir='ltr'>vero</span> <span class='ocrx_word' id='word_1_17' title='bbox 1184 480 1276 552; x_wconf 91' lang='lat' dir='ltr'>ad</span> <span class='ocrx_word' id='word_1_18' title='bbox 1329 501 1457 554; x_wconf 86' lang='lat' dir='ltr'>nos</span> <span class='ocrx_word' id='word_1_19' title='bbox 1510 485 1860 574; x_wconf 90' lang='lat' dir='ltr'>pervenit,</span> <span class='ocrx_word' id='word_1_20' title='bbox 1919 487 1993 559; x_wconf 91' lang='lat' dir='ltr'>in</span> <span class='ocrx_word' id='word_1_21' title='bbox 2055 490 2486 578; x_wconf 87' lang='lat' dir='ltr'>quibusdam</span> <span class='ocrx_word' id='word_1_22' title='bbox 2541 488 2711 560; x_wconf 90' lang='lat' dir='ltr'>locis</span> <span class='ocrx_word' id='word_1_23' title='bbox 2759 505 2886 578; x_wconf 91' lang='lat' dir='ltr'>per</span> <span class='ocrx_word' id='word_1_24' title='bbox 2921 489 3233 577; x_wconf 89' lang='lat' dir='ltr'>quadra-</span> 
     </span>
     <span class='ocr_line' id='line_1_4' title="bbox 568 589 3231 692; baseline 0.005 -33"><span class='ocrx_word' id='word_1_25' title='bbox 568 589 764 679; x_wconf 83' lang='lat' dir='ltr'><strong>ginta</strong></span> <span class='ocrx_word' id='word_1_26' title='bbox 816 590 1027 662; x_wconf 89' lang='lat' dir='ltr'>boras</span> <span class='ocrx_word' id='word_1_27' title='bbox 1081 593 1402 665; x_wconf 90' lang='lat' dir='ltr'>divinum</span> <span class='ocrx_word' id='word_1_28' title='bbox 1455 592 1990 672; x_wconf 80' lang='lat' dir='ltr'>Sacramentum</span> <span class='ocrx_word' id='word_1_29' title='bbox 2045 603 2334 692; x_wconf 81' lang='lat' dir='ltr'>exponi,</span> <span class='ocrx_word' id='word_1_30' title='bbox 2394 607 2612 690; x_wconf 89' lang='lat' dir='ltr'>atque</span> <span class='ocrx_word' id='word_1_31' title='bbox 2664 600 3005 673; x_wconf 90' lang='lat' dir='ltr'>ecclesiae</span> <span class='ocrx_word' id='word_1_32' title='bbox 3044 599 3231 672; x_wconf 85' lang='lat' dir='ltr'>fores</span> 
     </span>
     <span class='ocr_line' id='line_1_5' title="bbox 561 704 3232 802; baseline 0.003 -29"><span class='ocrx_word' id='word_1_33' title='bbox 561 719 690 793; x_wconf 90' lang='lat' dir='ltr'>per</span> <span class='ocrx_word' id='word_1_34' title='bbox 741 704 1093 792; x_wconf 72' lang='lat' dir='ltr'>integram</span> <span class='ocrx_word' id='word_1_35' title='bbox 1147 715 1422 778; x_wconf 89' lang='lat' dir='ltr'>noctem</span> <span class='ocrx_word' id='word_1_36' title='bbox 1475 716 1750 799; x_wconf 89' lang='lat' dir='ltr'>patere,</span> <span class='ocrx_word' id='word_1_37' title='bbox 1807 729 2033 802; x_wconf 89' lang='lat' dir='ltr'>eoque</span> <span class='ocrx_word' id='word_1_38' title='bbox 2088 714 2273 785; x_wconf 80' lang='lat' dir='ltr'>viros</span> <span class='ocrx_word' id='word_1_39' title='bbox 2323 712 2656 784; x_wconf 87' lang='lat' dir='ltr'>simulac</span> <span class='ocrx_word' id='word_1_40' title='bbox 2692 712 3025 783; x_wconf 86' lang='lat' dir='ltr'>mulieres</span> <span class='ocrx_word' id='word_1_41' title='bbox 3061 729 3232 783; x_wconf 91' lang='lat' dir='ltr'>con-</span> 
     </span>
     <span class='ocr_line' id='line_1_6' title="bbox 563 812 3227 915; baseline 0.004 -32"><span class='ocrx_word' id='word_1_42' title='bbox 563 812 813 903; x_wconf 88' lang='lat' dir='ltr'>fluere,</span> <span class='ocrx_word' id='word_1_43' title='bbox 856 818 1143 889; x_wconf 90' lang='lat' dir='ltr'>omnino</span> <span class='ocrx_word' id='word_1_44' title='bbox 1180 820 1677 911; x_wconf 89' lang='lat' dir='ltr'>praecipimus,</span> <span class='ocrx_word' id='word_1_45' title='bbox 1721 829 1799 895; x_wconf 89' lang='lat' dir='ltr'>ut</span> <span class='ocrx_word' id='word_1_46' title='bbox 1832 832 1993 915; x_wconf 91' lang='lat' dir='ltr'>post</span> <span class='ocrx_word' id='word_1_47' title='bbox 2031 823 2275 896; x_wconf 91' lang='lat' dir='ltr'>boram</span> <span class='ocrx_word' id='word_1_48' title='bbox 2313 824 2452 896; x_wconf 89' lang='lat' dir='ltr'>diei</span> <span class='ocrx_word' id='word_1_49' title='bbox 2492 825 2907 914; x_wconf 76' lang='lat' dir='ltr'>vigesimam</span> <span class='ocrx_word' id='word_1_50' title='bbox 2946 823 3227 896; x_wconf 75' lang='lat' dir='ltr'>tertiam</span> 
     </span>
     <span class='ocr_line' id='line_1_7' title="bbox 563 929 3224 1027; baseline 0.004 -30"><span class='ocrx_word' id='word_1_51' title='bbox 563 942 722 998; x_wconf 91' lang='lat' dir='ltr'>cum</span> <span class='ocrx_word' id='word_1_52' title='bbox 777 929 1070 1001; x_wconf 92' lang='lat' dir='ltr'>dimidio</span> <span class='ocrx_word' id='word_1_53' title='bbox 1105 933 1450 1022; x_wconf 88' lang='lat' dir='ltr'>templum</span> <span class='ocrx_word' id='word_1_54' title='bbox 1501 935 1907 1007; x_wconf 86' lang='lat' dir='ltr'>claudatur.</span> <span class='ocrx_word' id='word_1_55' title='bbox 1950 934 2020 1008; x_wconf 91' lang='lat' dir='ltr'>Si</span> <span class='ocrx_word' id='word_1_56' title='bbox 2059 955 2183 1027; x_wconf 90' lang='lat' dir='ltr'>per</span> <span class='ocrx_word' id='word_1_57' title='bbox 2222 942 2499 1009; x_wconf 86' lang='lat' dir='ltr'>noctem</span> <span class='ocrx_word' id='word_1_58' title='bbox 2538 955 2739 1008; x_wconf 91' lang='lat' dir='ltr'>sacra</span> <span class='ocrx_word' id='word_1_59' title='bbox 2774 933 3224 1008; x_wconf 89' lang='lat' dir='ltr'>Eucharistia</span> 
     </span>
     <span class='ocr_line' id='line_1_8' title="bbox 562 1041 3225 1136; baseline 0.003 -27"><span class='ocrx_word' id='word_1_60' title='bbox 562 1056 776 1130; x_wconf 89' lang='lat' dir='ltr'>super</span> <span class='ocrx_word' id='word_1_61' title='bbox 831 1041 1034 1113; x_wconf 88' lang='lat' dir='ltr'>altari</span> <span class='ocrx_word' id='word_1_62' title='bbox 1087 1044 1315 1133; x_wconf 88' lang='lat' dir='ltr'>posita</span> <span class='ocrx_word' id='word_1_63' title='bbox 1368 1046 1486 1134; x_wconf 90' lang='lat' dir='ltr'>sit,</span> <span class='ocrx_word' id='word_1_64' title='bbox 1546 1047 1847 1119; x_wconf 82' lang='lat' dir='ltr'>ardeant</span> <span class='ocrx_word' id='word_1_65' title='bbox 1899 1047 2277 1121; x_wconf 76' lang='lat' dir='ltr'>duodecim</span> <span class='ocrx_word' id='word_1_66' title='bbox 2329 1047 2546 1136; x_wconf 89' lang='lat' dir='ltr'>faces,</span> <span class='ocrx_word' id='word_1_67' title='bbox 2588 1055 2658 1121; x_wconf 89' lang='lat' dir='ltr'>et</span> <span class='ocrx_word' id='word_1_68' title='bbox 2696 1048 3056 1134; x_wconf 76' lang='lat' dir='ltr'>sacerdoS‚</span> <span class='ocrx_word' id='word_1_69' title='bbox 3115 1047 3225 1119; x_wconf 90' lang='lat' dir='ltr'>vel</span> 
     </span>
     <span class='ocr_line' id='line_1_9' title="bbox 561 1152 3228 1250; baseline 0.003 -28"><span class='ocrx_word' id='word_1_70' title='bbox 561 1152 813 1223; x_wconf 88' lang='lat' dir='ltr'>saltem</span> <span class='ocrx_word' id='word_1_71' title='bbox 868 1154 1126 1244; x_wconf 90' lang='lat' dir='ltr'>aliquis</span> <span class='ocrx_word' id='word_1_72' title='bbox 1177 1158 1250 1227; x_wconf 89' lang='lat' dir='ltr'>in</span> <span class='ocrx_word' id='word_1_73' title='bbox 1304 1158 1524 1228; x_wconf 91' lang='lat' dir='ltr'>sacris</span> <span class='ocrx_word' id='word_1_74' title='bbox 1575 1156 1964 1243; x_wconf 87' lang='lat' dir='ltr'>Ordinibus</span> <span class='ocrx_word' id='word_1_75' title='bbox 2007 1161 2463 1247; x_wconf 80' lang='lat' dir='ltr'>constitutuS,</span> <span class='ocrx_word' id='word_1_76' title='bbox 2522 1167 2599 1230; x_wconf 91' lang='lat' dir='ltr'>ut</span> <span class='ocrx_word' id='word_1_77' title='bbox 2651 1177 2869 1250; x_wconf 89' lang='lat' dir='ltr'>supra</span> <span class='ocrx_word' id='word_1_78' title='bbox 2906 1159 3228 1231; x_wconf 87' lang='lat' dir='ltr'>declara-</span> 
     </span>
     <span class='ocr_line' id='line_1_10' title="bbox 561 1263 1949 1356; baseline 0.006 -23"><span class='ocrx_word' id='word_1_79' title='bbox 561 1263 818 1352; x_wconf 85' lang='lat' dir='ltr'>vimus,</span> <span class='ocrx_word' id='word_1_80' title='bbox 873 1265 1205 1356; x_wconf 90' lang='lat' dir='ltr'>precibus</span> <span class='ocrx_word' id='word_1_81' title='bbox 1258 1268 1577 1342; x_wconf 89' lang='lat' dir='ltr'>intentus</span> <span class='ocrx_word' id='word_1_82' title='bbox 1631 1273 1949 1343; x_wconf 86' lang='lat' dir='ltr'>assistat.</span> 
     </span>
    </p>

    <p class='ocr_par' dir='ltr' id='par_1_3' title="bbox 552 1374 3223 1922">
     <span class='ocr_line' id='line_1_11' title="bbox 704 1374 3221 1471; baseline 0.002 -23"><span class='ocrx_word' id='word_1_83' title='bbox 704 1377 827 1448; x_wconf 74' lang='lat'>25.</span> <span class='ocrx_word' id='word_1_84' title='bbox 869 1374 1019 1450; x_wconf 91' lang='lat' dir='ltr'>Hoc</span> <span class='ocrx_word' id='word_1_85' title='bbox 1053 1380 1364 1464; x_wconf 87' lang='lat' dir='ltr'>edictum</span> <span class='ocrx_word' id='word_1_86' title='bbox 1418 1389 1592 1454; x_wconf 90' lang='lat' dir='ltr'>tunc</span> <span class='ocrx_word' id='word_1_87' title='bbox 1641 1402 1843 1455; x_wconf 90' lang='lat' dir='ltr'>suam</span> <span class='ocrx_word' id='word_1_88' title='bbox 1898 1385 2040 1455; x_wconf 88' lang='lat' dir='ltr'>vim</span> <span class='ocrx_word' id='word_1_89' title='bbox 2093 1383 2472 1471; x_wconf 85' lang='lat' dir='ltr'>obtinebit,</span> <span class='ocrx_word' id='word_1_90' title='bbox 2530 1401 2689 1454; x_wconf 92' lang='lat' dir='ltr'>cum</span> <span class='ocrx_word' id='word_1_91' title='bbox 2730 1399 2911 1453; x_wconf 90' lang='lat' dir='ltr'>nova</span> <span class='ocrx_word' id='word_1_92' title='bbox 2949 1379 3221 1454; x_wconf 89' lang='lat' dir='ltr'>tabella</span> 
     </span>
     <span class='ocr_line' id='line_1_12' title="bbox 559 1490 3221 1585; baseline 0.003 -24"><span class='ocrx_word' id='word_1_93' title='bbox 559 1490 1045 1582; x_wconf 87' lang='lat' dir='ltr'>ecclesiarum,</span> <span class='ocrx_word' id='word_1_94' title='bbox 1104 1495 1177 1566; x_wconf 91' lang='lat' dir='ltr'>in</span> <span class='ocrx_word' id='word_1_95' title='bbox 1228 1496 1492 1585; x_wconf 87' lang='lat' dir='ltr'>quibus</span> <span class='ocrx_word' id='word_1_96' title='bbox 1543 1501 2069 1571; x_wconf 88' lang='lat' dir='ltr'>sanctissimum</span> <span class='ocrx_word' id='word_1_97' title='bbox 2132 1496 2625 1571; x_wconf 85' lang='lat' dir='ltr'>Eucharistiae</span> <span class='ocrx_word' id='word_1_98' title='bbox 2679 1496 3221 1571; x_wconf 84' lang='lat' dir='ltr'>Sacramentum</span> 
     </span>
     <span class='ocr_line' id='line_1_13' title="bbox 555 1601 3221 1705; baseline 0.003 -32"><span class='ocrx_word' id='word_1_99' title='bbox 555 1601 841 1694; x_wconf 90' lang='lat' dir='ltr'>publice</span> <span class='ocrx_word' id='word_1_100' title='bbox 891 1609 1148 1698; x_wconf 84' lang='lat' dir='ltr'>exponi</span> <span class='ocrx_word' id='word_1_101' title='bbox 1187 1608 1428 1698; x_wconf 91' lang='lat' dir='ltr'>debet,</span> <span class='ocrx_word' id='word_1_102' title='bbox 1469 1613 2083 1704; x_wconf 80' lang='lat' dir='ltr'>promulgabitur3</span> <span class='ocrx_word' id='word_1_103' title='bbox 2140 1613 2355 1703; x_wconf 89' lang='lat' dir='ltr'>idque</span> <span class='ocrx_word' id='word_1_104' title='bbox 2402 1613 2741 1705; x_wconf 91' lang='lat' dir='ltr'>temporis</span> <span class='ocrx_word' id='word_1_105' title='bbox 2776 1613 3091 1702; x_wconf 88' lang='lat' dir='ltr'>spatium</span> <span class='ocrx_word' id='word_1_106' title='bbox 3128 1612 3221 1683; x_wconf 91' lang='lat' dir='ltr'>ob</span> 
     </span>
     <span class='ocr_line' id='line_1_14' title="bbox 555 1721 3223 1816; baseline 0.003 -30"><span class='ocrx_word' id='word_1_107' title='bbox 555 1732 710 1786; x_wconf 91' lang='lat' dir='ltr'>eam</span> <span class='ocrx_word' id='word_1_108' title='bbox 764 1736 1053 1790; x_wconf 90' lang='lat' dir='ltr'>causam</span> <span class='ocrx_word' id='word_1_109' title='bbox 1106 1721 1544 1812; x_wconf 89' lang='lat' dir='ltr'>conceditur,</span> <span class='ocrx_word' id='word_1_110' title='bbox 1604 1731 1681 1796; x_wconf 92' lang='lat' dir='ltr'>ut</span> <span class='ocrx_word' id='word_1_111' title='bbox 1732 1726 2002 1814; x_wconf 89' lang='lat' dir='ltr'>omnia,</span> <span class='ocrx_word' id='word_1_112' title='bbox 2057 1744 2243 1815; x_wconf 88' lang='lat' dir='ltr'>quae</span> <span class='ocrx_word' id='word_1_113' title='bbox 2296 1725 2657 1816; x_wconf 87' lang='lat' dir='ltr'>proposita</span> <span class='ocrx_word' id='word_1_114' title='bbox 2711 1729 2906 1810; x_wconf 91' lang='lat' dir='ltr'>sunt,</span> <span class='ocrx_word' id='word_1_115' title='bbox 2947 1725 3223 1814; x_wconf 91' lang='lat' dir='ltr'>paratis</span> 
     </span>
     <span class='ocr_line' id='line_1_15' title="bbox 552 1825 2633 1922; baseline 0.004 -25"><span class='ocrx_word' id='word_1_116' title='bbox 552 1825 770 1902; x_wconf 90' lang='lat' dir='ltr'>rebus</span> <span class='ocrx_word' id='word_1_117' title='bbox 822 1837 1036 1904; x_wconf 88' lang='lat' dir='ltr'>antea</span> <span class='ocrx_word' id='word_1_118' title='bbox 1089 1834 1533 1922; x_wconf 82' lang='lat' dir='ltr'>necessariiS,</span> <span class='ocrx_word' id='word_1_119' title='bbox 1591 1837 2030 1910; x_wconf 85' lang='lat' dir='ltr'>exsecutioni</span> <span class='ocrx_word' id='word_1_120' title='bbox 2083 1837 2633 1910; x_wconf 87' lang='lat' dir='ltr'>demandentur.</span> 
     </span>
    </p>
   </div>
   <div class='ocr_carea' id='block_1_3' title="bbox 1343 2117 2417 2191">
    <p class='ocr_par' dir='ltr' id='par_1_4' title="bbox 1343 2117 2417 2191">
     <span class='ocr_line' id='line_1_16' title="bbox 1343 2117 2417 2191; baseline -0.001 -15"><span class='ocrx_word' id='word_1_121' title='bbox 1343 2117 1481 2176; x_wconf 76' lang='lat' dir='ltr'>Art.</span> <span class='ocrx_word' id='word_1_122' title='bbox 1510 2118 1617 2176; x_wconf 91' lang='lat' dir='ltr'>1v.</span> <span class='ocrx_word' id='word_1_123' title='bbox 1656 2120 1748 2177; x_wconf 89' lang='lat' dir='ltr'>De</span> <span class='ocrx_word' id='word_1_124' title='bbox 1786 2121 2055 2191; x_wconf 77' lang='lat' dir='ltr'>privatis</span> <span class='ocrx_word' id='word_1_125' title='bbox 2094 2120 2417 2176; x_wconf 78' lang='lat' dir='ltr'>oratoriis.</span> 
     </span>
    </p>
   </div>
   <div class='ocr_carea' id='block_1_4' title="bbox 531 2332 3216 4262">
    <p class='ocr_par' dir='ltr' id='par_1_5' title="bbox 531 2332 3216 4262">
     <span class='ocr_line' id='line_1_17' title="bbox 686 2332 3216 2423; baseline -0.004 -17"><span class='ocrx_word' id='word_1_126' title='bbox 686 2338 1106 2406; x_wconf 63' lang='lat' dir='ltr'>Summarum.</span> <span class='ocrx_word' id='word_1_127' title='bbox 1150 2338 1295 2403; x_wconf 84' lang='grc'><strong>103.</strong></span> <span class='ocrx_word' id='word_1_128' title='bbox 1338 2335 1479 2401; x_wconf 92' lang='lat' dir='ltr'>Non</span> <span class='ocrx_word' id='word_1_129' title='bbox 1510 2338 1707 2402; x_wconf 88' lang='lat' dir='ltr'>semel</span> <span class='ocrx_word' id='word_1_130' title='bbox 1756 2336 2050 2423; x_wconf 88' lang='lat' dir='ltr'>Episcopi</span> <span class='ocrx_word' id='word_1_131' title='bbox 2105 2337 2166 2401; x_wconf 91' lang='lat' dir='ltr'>in</span> <span class='ocrx_word' id='word_1_132' title='bbox 2212 2335 2341 2400; x_wconf 89' lang='lat' dir='ltr'>suis</span> <span class='ocrx_word' id='word_1_133' title='bbox 2390 2333 2801 2400; x_wconf 87' lang='lat' dir='ltr'>relationibus</span> <span class='ocrx_word' id='word_1_134' title='bbox 2850 2332 3216 2398; x_wconf 78' lang='lat' dir='ltr'>facultatem</span> 
     </span>
     <span class='ocr_line' id='line_1_18' title="bbox 550 2436 3216 2525; baseline -0.001 -22"><span class='ocrx_word' id='word_1_135' title='bbox 550 2438 801 2504; x_wconf 89' lang='lat' dir='ltr'>oratorii</span> <span class='ocrx_word' id='word_1_136' title='bbox 853 2441 1115 2525; x_wconf 82' lang='lat' dir='ltr'>privatis</span> <span class='ocrx_word' id='word_1_137' title='bbox 1163 2441 1542 2506; x_wconf 87' lang='lat' dir='ltr'>concessisse</span> <span class='ocrx_word' id='word_1_138' title='bbox 1590 2458 1707 2524; x_wconf 91' lang='lat' dir='ltr'>pro</span> <span class='ocrx_word' id='word_1_139' title='bbox 1754 2460 1928 2505; x_wconf 89' lang='lat' dir='ltr'>sacro</span> <span class='ocrx_word' id='word_1_140' title='bbox 1978 2438 2263 2505; x_wconf 89' lang='lat' dir='ltr'>faciendo</span> <span class='ocrx_word' id='word_1_141' title='bbox 2326 2436 2797 2504; x_wconf 87' lang='lat' dir='ltr'>renuntiarunt.</span> <span class='ocrx_word' id='word_1_142' title='bbox 2832 2472 2874 2482; x_wconf 94' lang='lat'><em>—</em></span> <span class='ocrx_word' id='word_1_143' title='bbox 2928 2436 3076 2502; x_wconf 77' lang='grc'><strong>104.</strong></span> <span class='ocrx_word' id='word_1_144' title='bbox 3132 2441 3216 2502; x_wconf 86' lang='lat' dir='ltr'>At</span> 
     </span>
     <span class='ocr_line' id='line_1_19' title="bbox 545 2538 3214 2629; baseline 0 -25"><span class='ocrx_word' id='word_1_145' title='bbox 545 2559 703 2606; x_wconf 87' lang='lat' dir='ltr'>vero</span> <span class='ocrx_word' id='word_1_146' title='bbox 753 2541 1009 2608; x_wconf 78' lang='lat' dir='ltr'>facultas</span> <span class='ocrx_word' id='word_1_147' title='bbox 1057 2543 1451 2610; x_wconf 87' lang='lat' dir='ltr'>concedendi</span> <span class='ocrx_word' id='word_1_148' title='bbox 1505 2545 1747 2629; x_wconf 87' lang='lat' dir='ltr'>privata</span> <span class='ocrx_word' id='word_1_149' title='bbox 1806 2561 1924 2628; x_wconf 90' lang='lat' dir='ltr'>pro</span> <span class='ocrx_word' id='word_1_150' title='bbox 1971 2561 2144 2607; x_wconf 89' lang='lat' dir='ltr'>sacro</span> <span class='ocrx_word' id='word_1_151' title='bbox 2195 2541 2480 2608; x_wconf 85' lang='lat' dir='ltr'>faciendo</span> <span class='ocrx_word' id='word_1_152' title='bbox 2530 2540 2838 2615; x_wconf 86' lang='lat' dir='ltr'>oratoria,</span> <span class='ocrx_word' id='word_1_153' title='bbox 2890 2538 3214 2626; x_wconf 88' lang='lat' dir='ltr'>quidquid</span> 
     </span>
     <span class='ocr_line' id='line_1_20' title="bbox 546 2643 3213 2730; baseline 0 -22"><span class='ocrx_word' id='word_1_154' title='bbox 546 2643 740 2730; x_wconf 86' lang='lat' dir='ltr'>aliqui</span> <span class='ocrx_word' id='word_1_155' title='bbox 792 2662 1003 2713; x_wconf 86' lang='lat' dir='ltr'>contra</span> <span class='ocrx_word' id='word_1_156' title='bbox 1051 2647 1394 2725; x_wconf 85' lang='lat' dir='ltr'>senserint,</span> <span class='ocrx_word' id='word_1_157' title='bbox 1445 2648 1554 2713; x_wconf 87' lang='lat' dir='ltr'>soli</span> <span class='ocrx_word' id='word_1_158' title='bbox 1608 2653 1868 2717; x_wconf 89' lang='lat' dir='ltr'>Summo</span> <span class='ocrx_word' id='word_1_159' title='bbox 1903 2645 2187 2712; x_wconf 85' lang='lat' dir='ltr'>Pontifici</span> <span class='ocrx_word' id='word_1_160' title='bbox 2224 2654 2541 2712; x_wconf 89' lang='lat' dir='ltr'>reservata</span> <span class='ocrx_word' id='word_1_161' title='bbox 2575 2656 2763 2709; x_wconf 88' lang='lat' dir='ltr'>est.-</span> <span class='ocrx_word' id='word_1_162' title='bbox 2798 2647 2944 2709; x_wconf 81' lang='lat'>105.</span> <span class='ocrx_word' id='word_1_163' title='bbox 2985 2645 3213 2727; x_wconf 87' lang='lat' dir='ltr'>Neque</span> 
     </span>
     <span class='ocr_line' id='line_1_21' title="bbox 543 2747 3206 2839; baseline -0 -28"><span class='ocrx_word' id='word_1_164' title='bbox 543 2764 664 2832; x_wconf 91' lang='lat' dir='ltr'>pro</span> <span class='ocrx_word' id='word_1_165' title='bbox 712 2760 853 2816; x_wconf 88' lang='lat' dir='ltr'>actu</span> <span class='ocrx_word' id='word_1_166' title='bbox 907 2762 1276 2818; x_wconf 86' lang='lat' dir='ltr'>transeunte</span> <span class='ocrx_word' id='word_1_167' title='bbox 1326 2751 1388 2818; x_wconf 88' lang='lat' dir='ltr'>id</span> <span class='ocrx_word' id='word_1_168' title='bbox 1438 2751 1765 2839; x_wconf 83' lang='lat' dir='ltr'>Episcopis</span> <span class='ocrx_word' id='word_1_169' title='bbox 1810 2751 1947 2816; x_wconf 89' lang='grc'><strong>31113</strong></span> <span class='ocrx_word' id='word_1_170' title='bbox 1997 2749 2247 2839; x_wconf 83' lang='lat' dir='ltr'>urgenti</span> <span class='ocrx_word' id='word_1_171' title='bbox 2299 2769 2477 2815; x_wconf 87' lang='lat' dir='ltr'>causa</span> <span class='ocrx_word' id='word_1_172' title='bbox 2527 2750 2719 2814; x_wconf 89' lang='lat' dir='ltr'>licere</span> <span class='ocrx_word' id='word_1_173' title='bbox 2769 2747 2972 2813; x_wconf 84' lang='lat' dir='ltr'>edixit</span> <span class='ocrx_word' id='word_1_174' title='bbox 3023 2751 3090 2813; x_wconf 89' lang='lat' dir='ltr'>S.</span> <span class='ocrx_word' id='word_1_175' title='bbox 3131 2750 3206 2813; x_wconf 90' lang='lat' dir='ltr'>C.</span> 
     </span>
     <span class='ocr_line' id='line_1_22' title="bbox 548 2849 3211 2942; baseline -0.001 -27"><span class='ocrx_word' id='word_1_176' title='bbox 548 2852 774 2931; x_wconf 64' lang='lat' dir='ltr'>Cone„</span> <span class='ocrx_word' id='word_1_177' title='bbox 813 2856 1104 2939; x_wconf 88' lang='lat' dir='ltr'>quamvis</span> <span class='ocrx_word' id='word_1_178' title='bbox 1156 2855 1441 2922; x_wconf 87' lang='lat' dir='ltr'>licentias</span> <span class='ocrx_word' id='word_1_179' title='bbox 1488 2858 1563 2923; x_wconf 91' lang='lat' dir='ltr'>ab</span> <span class='ocrx_word' id='word_1_180' title='bbox 1611 2853 1938 2941; x_wconf 87' lang='lat' dir='ltr'>Episcopis</span> <span class='ocrx_word' id='word_1_181' title='bbox 1981 2865 2126 2920; x_wconf 89' lang='lat' dir='ltr'>ante</span> <span class='ocrx_word' id='word_1_182' title='bbox 2174 2854 2465 2942; x_wconf 83' lang='lat' dir='ltr'>elargitas</span> <span class='ocrx_word' id='word_1_183' title='bbox 2508 2852 2812 2918; x_wconf 86' lang='lat' dir='ltr'>sanandas</span> <span class='ocrx_word' id='word_1_184' title='bbox 2855 2849 3141 2915; x_wconf 87' lang='lat' dir='ltr'>duxerit.</span> <span class='ocrx_word' id='word_1_185' title='bbox 3168 2886 3211 2897; x_wconf 89' lang='lat'>-</span> 
     </span>
     <span class='ocr_line' id='line_1_23' title="bbox 548 2950 3210 3043; baseline -0 -25"><span class='ocrx_word' id='word_1_186' title='bbox 548 2956 695 3020; x_wconf 84' lang='grc'><strong>106.</strong></span> <span class='ocrx_word' id='word_1_187' title='bbox 750 2961 817 3024; x_wconf 89' lang='lat' dir='ltr'>S.</span> <span class='ocrx_word' id='word_1_188' title='bbox 855 2952 1237 3043; x_wconf 69' lang='lat' dir='ltr'>A&#39;lphonsus‚</span> <span class='ocrx_word' id='word_1_189' title='bbox 1291 2971 1356 3026; x_wconf 87' lang='lat' dir='ltr'>et</span> <span class='ocrx_word' id='word_1_190' title='bbox 1402 2959 1502 3026; x_wconf 88' lang='lat' dir='ltr'>alii</span> <span class='ocrx_word' id='word_1_191' title='bbox 1552 2960 1863 3034; x_wconf 83' lang='lat' dir='ltr'>sentiunt,</span> <span class='ocrx_word' id='word_1_192' title='bbox 1920 2958 2079 3026; x_wconf 88' lang='lat' dir='ltr'>iusta</span> <span class='ocrx_word' id='word_1_193' title='bbox 2126 2957 2469 3024; x_wconf 85' lang='lat' dir='ltr'>accedente</span> <span class='ocrx_word' id='word_1_194' title='bbox 2517 2975 2721 3031; x_wconf 87' lang='lat' dir='ltr'>causa,</span> <span class='ocrx_word' id='word_1_195' title='bbox 2774 2972 2893 3039; x_wconf 90' lang='lat' dir='ltr'>per</span> <span class='ocrx_word' id='word_1_196' title='bbox 2939 2950 3210 3018; x_wconf 86' lang='lat' dir='ltr'>modum</span> 
     </span>
     <span class='ocr_line' id='line_1_24' title="bbox 542 3055 3211 3147; baseline -0.001 -25"><span class='ocrx_word' id='word_1_197' title='bbox 542 3068 716 3124; x_wconf 86' lang='lat' dir='ltr'>actus</span> <span class='ocrx_word' id='word_1_198' title='bbox 750 3060 1111 3128; x_wconf 88' lang='lat' dir='ltr'>huiusmodi</span> <span class='ocrx_word' id='word_1_199' title='bbox 1149 3063 1471 3128; x_wconf 86' lang='lat' dir='ltr'>licentiam</span> <span class='ocrx_word' id='word_1_200' title='bbox 1502 3062 1577 3127; x_wconf 89' lang='lat' dir='ltr'>ab</span> <span class='ocrx_word' id='word_1_201' title='bbox 1611 3063 1939 3147; x_wconf 87' lang='lat' dir='ltr'>Episcopis</span> <span class='ocrx_word' id='word_1_202' title='bbox 1978 3060 2239 3128; x_wconf 87' lang='lat' dir='ltr'>concedi</span> <span class='ocrx_word' id='word_1_203' title='bbox 2276 3078 2550 3143; x_wconf 60' lang='grc'><strong>113333-</strong></span> <span class='ocrx_word' id='word_1_204' title='bbox 2588 3061 2739 3123; x_wconf 91' lang='grc'><strong>107.</strong></span> <span class='ocrx_word' id='word_1_205' title='bbox 2777 3055 2901 3127; x_wconf 88' lang='lat' dir='ltr'>Sed</span> <span class='ocrx_word' id='word_1_206' title='bbox 2950 3067 3211 3121; x_wconf 86' lang='lat' dir='ltr'>veteres</span> 
     </span>
     <span class='ocr_line' id='line_1_25' title="bbox 537 3159 3211 3254; baseline 0 -31"><span class='ocrx_word' id='word_1_207' title='bbox 537 3162 959 3230; x_wconf 87' lang='lat' dir='ltr'>resolutiones</span> <span class='ocrx_word' id='word_1_208' title='bbox 1007 3169 1073 3232; x_wconf 90' lang='lat' dir='ltr'>S.</span> <span class='ocrx_word' id='word_1_209' title='bbox 1113 3168 1430 3254; x_wconf 77' lang='lat' dir='ltr'>congreg.</span> <span class='ocrx_word' id='word_1_210' title='bbox 1473 3165 1738 3232; x_wconf 89' lang='lat' dir='ltr'>Concilii</span> <span class='ocrx_word' id='word_1_211' title='bbox 1773 3166 1959 3230; x_wconf 90' lang='lat' dir='ltr'>aliter</span> <span class='ocrx_word' id='word_1_212' title='bbox 1991 3165 2475 3232; x_wconf 85' lang='lat' dir='ltr'>constituerant.</span> <span class='ocrx_word' id='word_1_213' title='bbox 2514 3198 2555 3210; x_wconf 92' lang='lat'>-</span> <span class='ocrx_word' id='word_1_214' title='bbox 2593 3164 2741 3227; x_wconf 87' lang='grc'><strong>108.</strong></span> <span class='ocrx_word' id='word_1_215' title='bbox 2780 3159 3211 3225; x_wconf 83' lang='lat' dir='ltr'>Nihilominus</span> 
     </span>
     <span class='ocr_line' id='line_1_26' title="bbox 541 3263 3209 3356; baseline -0.002 -24"><span class='ocrx_word' id='word_1_216' title='bbox 541 3267 603 3332; x_wconf 91' lang='lat' dir='ltr'>S.</span> <span class='ocrx_word' id='word_1_217' title='bbox 649 3267 718 3330; x_wconf 91' lang='lat' dir='ltr'>C.</span> <span class='ocrx_word' id='word_1_218' title='bbox 762 3269 954 3334; x_wconf 90' lang='lat' dir='ltr'>Conc.</span> <span class='ocrx_word' id='word_1_219' title='bbox 1009 3286 1229 3334; x_wconf 86' lang='lat' dir='ltr'>recens</span> <span class='ocrx_word' id='word_1_220' title='bbox 1279 3269 1607 3356; x_wconf 88' lang='lat' dir='ltr'>Episcopis</span> <span class='ocrx_word' id='word_1_221' title='bbox 1653 3268 1813 3333; x_wconf 86' lang='lat' dir='ltr'>banc</span> <span class='ocrx_word' id='word_1_222' title='bbox 1864 3268 2225 3334; x_wconf 77' lang='lat' dir='ltr'>facultatem</span> <span class='ocrx_word' id='word_1_223' title='bbox 2271 3264 2578 3341; x_wconf 88' lang='lat' dir='ltr'>adseruit,</span> <span class='ocrx_word' id='word_1_224' title='bbox 2613 3263 2664 3328; x_wconf 89' lang='lat' dir='ltr'>si</span> <span class='ocrx_word' id='word_1_225' title='bbox 2698 3281 2961 3349; x_wconf 82' lang='lat' dir='ltr'>magnae</span> <span class='ocrx_word' id='word_1_226' title='bbox 2997 3273 3059 3327; x_wconf 91' lang='lat' dir='ltr'>et</span> <span class='ocrx_word' id='word_1_227' title='bbox 3095 3280 3209 3327; x_wconf 85' lang='lat' dir='ltr'>ur·</span> 
     </span>
     <span class='ocr_line' id='line_1_27' title="bbox 536 3364 3211 3457; baseline -0 -26"><span class='ocrx_word' id='word_1_228' title='bbox 536 3380 763 3452; x_wconf 81' lang='lat' dir='ltr'>gentes</span> <span class='ocrx_word' id='word_1_229' title='bbox 810 3389 963 3436; x_wconf 82' lang='lat' dir='ltr'>vere</span> <span class='ocrx_word' id='word_1_230' title='bbox 1011 3370 1216 3436; x_wconf 87' lang='lat' dir='ltr'>adsint</span> <span class='ocrx_word' id='word_1_231' title='bbox 1266 3389 1507 3449; x_wconf 87' lang='lat' dir='ltr'>causae,</span> <span class='ocrx_word' id='word_1_232' title='bbox 1563 3371 1757 3457; x_wconf 90' lang='lat' dir='ltr'>idque</span> <span class='ocrx_word' id='word_1_233' title='bbox 1805 3390 1925 3456; x_wconf 91' lang='lat' dir='ltr'>per</span> <span class='ocrx_word' id='word_1_234' title='bbox 1969 3370 2233 3437; x_wconf 90' lang='lat' dir='ltr'>modum</span> <span class='ocrx_word' id='word_1_235' title='bbox 2274 3380 2447 3434; x_wconf 90' lang='lat' dir='ltr'>actus</span> <span class='ocrx_word' id='word_1_236' title='bbox 2483 3364 2945 3434; x_wconf 89' lang='lat' dir='ltr'>tantummodo.</span> <span class='ocrx_word' id='word_1_237' title='bbox 2984 3364 3211 3431; x_wconf 84' lang='lat' dir='ltr'>Bullae</span> 
     </span>
     <span class='ocr_line' id='line_1_28' title="bbox 540 3466 3212 3559; baseline -0.001 -21"><span class='ocrx_word' id='word_1_238' title='bbox 540 3474 865 3539; x_wconf 89' lang='lat' dir='ltr'>Cruciatae</span> <span class='ocrx_word' id='word_1_239' title='bbox 899 3473 1310 3559; x_wconf 82' lang='lat' dir='ltr'>privilegium</span> <span class='ocrx_word' id='word_1_240' title='bbox 1359 3492 1485 3541; x_wconf 90' lang='lat' dir='ltr'>non</span> <span class='ocrx_word' id='word_1_241' title='bbox 1532 3473 1912 3559; x_wconf 80' lang='lat' dir='ltr'>suffragatur</span> <span class='ocrx_word' id='word_1_242' title='bbox 1945 3474 2009 3538; x_wconf 91' lang='lat' dir='ltr'>in</span> <span class='ocrx_word' id='word_1_243' title='bbox 2042 3473 2153 3538; x_wconf 89' lang='lat' dir='ltr'>bac</span> <span class='ocrx_word' id='word_1_244' title='bbox 2188 3472 2476 3539; x_wconf 88' lang='lat' dir='ltr'>materia.</span> <span class='ocrx_word' id='word_1_245' title='bbox 2510 3508 2552 3519; x_wconf 97' lang='lat'>-</span> <span class='ocrx_word' id='word_1_246' title='bbox 2591 3471 2735 3536; x_wconf 86' lang='grc'><strong>109.</strong></span> <span class='ocrx_word' id='word_1_247' title='bbox 2777 3466 3212 3554; x_wconf 83' lang='lat' dir='ltr'>Excipiuntur</span> 
     </span>
     <span class='ocr_line' id='line_1_29' title="bbox 537 3571 3210 3664; baseline -0.001 -22"><span class='ocrx_word' id='word_1_248' title='bbox 537 3579 805 3642; x_wconf 85' lang='lat' dir='ltr'>oratoria</span> <span class='ocrx_word' id='word_1_249' title='bbox 858 3578 921 3641; x_wconf 90' lang='grc'>111</span> <span class='ocrx_word' id='word_1_250' title='bbox 969 3576 1091 3662; x_wconf 88' lang='lat' dir='ltr'>piis</span> <span class='ocrx_word' id='word_1_251' title='bbox 1139 3576 1441 3644; x_wconf 88' lang='lat' dir='ltr'>institutis</span> <span class='ocrx_word' id='word_1_252' title='bbox 1488 3578 1785 3664; x_wconf 77' lang='lat' dir='ltr'>publiciS,</span> <span class='ocrx_word' id='word_1_253' title='bbox 1841 3576 1930 3641; x_wconf 89' lang='lat' dir='ltr'>uti</span> <span class='ocrx_word' id='word_1_254' title='bbox 1979 3586 2128 3642; x_wconf 90' lang='lat' dir='ltr'>sunt</span> <span class='ocrx_word' id='word_1_255' title='bbox 2176 3595 2483 3651; x_wconf 78' lang='lat' dir='ltr'>carcereS,</span> <span class='ocrx_word' id='word_1_256' title='bbox 2536 3584 2599 3640; x_wconf 90' lang='lat' dir='ltr'>et</span> <span class='ocrx_word' id='word_1_257' title='bbox 2646 3575 2872 3640; x_wconf 89' lang='lat' dir='ltr'>domus</span> <span class='ocrx_word' id='word_1_258' title='bbox 2904 3571 3210 3659; x_wconf 88' lang='lat' dir='ltr'>spiritua-</span> 
     </span>
     <span class='ocr_line' id='line_1_30' title="bbox 534 3676 3208 3766; baseline -0.001 -23"><span class='ocrx_word' id='word_1_259' title='bbox 534 3678 689 3743; x_wconf 92' lang='lat' dir='ltr'>lium</span> <span class='ocrx_word' id='word_1_260' title='bbox 729 3679 1202 3745; x_wconf 83' lang='lat' dir='ltr'>exercitiorum.</span> <span class='ocrx_word' id='word_1_261' title='bbox 1234 3716 1276 3726; x_wconf 94' lang='lat'><em>—</em></span> <span class='ocrx_word' id='word_1_262' title='bbox 1312 3683 1458 3747; x_wconf 90' lang='grc'><strong>110.</strong></span> <span class='ocrx_word' id='word_1_263' title='bbox 1504 3685 1565 3750; x_wconf 91' lang='lat' dir='ltr'>S.</span> <span class='ocrx_word' id='word_1_264' title='bbox 1601 3683 1670 3746; x_wconf 92' lang='lat' dir='ltr'>C.</span> <span class='ocrx_word' id='word_1_265' title='bbox 1702 3681 1831 3745; x_wconf 85' lang='lat' dir='ltr'>Rit.</span> <span class='ocrx_word' id='word_1_266' title='bbox 1870 3679 2095 3756; x_wconf 81' lang='lat' dir='ltr'>edixit,</span> <span class='ocrx_word' id='word_1_267' title='bbox 2132 3678 2477 3766; x_wconf 88' lang='lat' dir='ltr'>parochnm</span> <span class='ocrx_word' id='word_1_268' title='bbox 2526 3679 2592 3743; x_wconf 92' lang='lat' dir='ltr'>in</span> <span class='ocrx_word' id='word_1_269' title='bbox 2640 3676 2883 3763; x_wconf 88' lang='lat' dir='ltr'>privato</span> <span class='ocrx_word' id='word_1_270' title='bbox 2919 3676 3208 3741; x_wconf 89' lang='lat' dir='ltr'>oratorio</span> 
     </span>
     <span class='ocr_line' id='line_1_31' title="bbox 534 3776 3205 3867; baseline -0.001 -22"><span class='ocrx_word' id='word_1_271' title='bbox 534 3781 964 3849; x_wconf 89' lang='lat' dir='ltr'>celebrantem</span> <span class='ocrx_word' id='word_1_272' title='bbox 1012 3801 1221 3867; x_wconf 87' lang='lat' dir='ltr'>posse,</span> <span class='ocrx_word' id='word_1_273' title='bbox 1275 3782 1466 3849; x_wconf 90' lang='lat' dir='ltr'>etiam</span> <span class='ocrx_word' id='word_1_274' title='bbox 1512 3782 1773 3849; x_wconf 83' lang='lat' dir='ltr'>absente</span> <span class='ocrx_word' id='word_1_275' title='bbox 1832 3780 2202 3859; x_wconf 87' lang='lat' dir='ltr'>indultario,</span> <span class='ocrx_word' id='word_1_276' title='bbox 2257 3780 2509 3847; x_wconf 90' lang='lat' dir='ltr'>deferre</span> <span class='ocrx_word' id='word_1_277' title='bbox 2559 3778 2876 3845; x_wconf 83' lang='lat' dir='ltr'>Viaticum</span> <span class='ocrx_word' id='word_1_278' title='bbox 2920 3776 2998 3844; x_wconf 89' lang='lat' dir='ltr'>ad</span> <span class='ocrx_word' id='word_1_279' title='bbox 3048 3797 3205 3863; x_wconf 88' lang='lat' dir='ltr'>pro-</span> 
     </span>
     <span class='ocr_line' id='line_1_32' title="bbox 535 3881 3208 3963; baseline -0.001 -15"><span class='ocrx_word' id='word_1_280' title='bbox 535 3885 765 3950; x_wconf 86' lang='lat' dir='ltr'>ximam</span> <span class='ocrx_word' id='word_1_281' title='bbox 815 3884 1046 3949; x_wconf 85' lang='lat' dir='ltr'>infirmi</span> <span class='ocrx_word' id='word_1_282' title='bbox 1097 3884 1386 3951; x_wconf 88' lang='lat' dir='ltr'>domum.</span> <span class='ocrx_word' id='word_1_283' title='bbox 1419 3889 1647 3951; x_wconf 78' lang='grc'><strong>-111,</strong></span> <span class='ocrx_word' id='word_1_284' title='bbox 1701 3888 1860 3951; x_wconf 90' lang='lat' dir='ltr'>Item</span> <span class='ocrx_word' id='word_1_285' title='bbox 1909 3884 2134 3963; x_wconf 84' lang='lat' dir='ltr'>edixit,</span> <span class='ocrx_word' id='word_1_286' title='bbox 2190 3883 2419 3950; x_wconf 89' lang='lat' dir='ltr'>festum</span> <span class='ocrx_word' id='word_1_287' title='bbox 2466 3882 2758 3949; x_wconf 84' lang='lat' dir='ltr'>Titularis</span> <span class='ocrx_word' id='word_1_288' title='bbox 2805 3881 3060 3948; x_wconf 88' lang='lat' dir='ltr'>aedium</span> <span class='ocrx_word' id='word_1_289' title='bbox 3105 3902 3208 3947; x_wconf 88' lang='lat' dir='ltr'>sa-</span> 
     </span>
     <span class='ocr_line' id='line_1_33' title="bbox 533 3987 3206 4075; baseline 0 -25"><span class='ocrx_word' id='word_1_290' title='bbox 533 4004 781 4055; x_wconf 90' lang='lat' dir='ltr'>crarum</span> <span class='ocrx_word' id='word_1_291' title='bbox 828 3988 1226 4074; x_wconf 88' lang='lat' dir='ltr'>publicarum</span> <span class='ocrx_word' id='word_1_292' title='bbox 1277 4001 1339 4055; x_wconf 92' lang='lat' dir='ltr'>et</span> <span class='ocrx_word' id='word_1_293' title='bbox 1387 3989 1799 4075; x_wconf 87' lang='lat' dir='ltr'>privatarum,</span> <span class='ocrx_word' id='word_1_294' title='bbox 1854 4007 2014 4075; x_wconf 88' lang='lat' dir='ltr'>quae</span> <span class='ocrx_word' id='word_1_295' title='bbox 2061 3990 2138 4056; x_wconf 88' lang='lat' dir='ltr'>ad</span> <span class='ocrx_word' id='word_1_296' title='bbox 2186 3987 2557 4073; x_wconf 87' lang='lat' dir='ltr'>Episcopos,</span> <span class='ocrx_word' id='word_1_297' title='bbox 2608 3988 2963 4064; x_wconf 87' lang='lat' dir='ltr'>seminaria,</span> <span class='ocrx_word' id='word_1_298' title='bbox 3002 4003 3206 4074; x_wconf 83' lang='lat' dir='ltr'>regn·</span> 
     </span>
     <span class='ocr_line' id='line_1_34' title="bbox 531 4088 3203 4179; baseline 0 -25"><span class='ocrx_word' id='word_1_299' title='bbox 531 4089 716 4168; x_wconf 87' lang='lat' dir='ltr'>lares,</span> <span class='ocrx_word' id='word_1_300' title='bbox 769 4102 833 4156; x_wconf 92' lang='lat' dir='ltr'>et</span> <span class='ocrx_word' id='word_1_301' title='bbox 879 4094 1030 4158; x_wconf 89' lang='lat' dir='ltr'>alios</span> <span class='ocrx_word' id='word_1_302' title='bbox 1075 4092 1425 4177; x_wconf 87' lang='lat' dir='ltr'>pertinent,</span> <span class='ocrx_word' id='word_1_303' title='bbox 1479 4091 1783 4159; x_wconf 88' lang='lat' dir='ltr'>celebrari</span> <span class='ocrx_word' id='word_1_304' title='bbox 1832 4111 1960 4158; x_wconf 91' lang='lat' dir='ltr'>non</span> <span class='ocrx_word' id='word_1_305' title='bbox 2008 4111 2190 4179; x_wconf 90' lang='lat' dir='ltr'>posse</span> <span class='ocrx_word' id='word_1_306' title='bbox 2236 4092 2353 4158; x_wconf 88' lang='lat' dir='ltr'>sub</span> <span class='ocrx_word' id='word_1_307' title='bbox 2403 4090 2529 4155; x_wconf 88' lang='lat' dir='ltr'>ritu</span> <span class='ocrx_word' id='word_1_308' title='bbox 2578 4088 2820 4176; x_wconf 86' lang='lat' dir='ltr'>duplici</span> <span class='ocrx_word' id='word_1_309' title='bbox 2871 4093 2932 4154; x_wconf 73' lang='lat'>2.</span> <span class='ocrx_word' id='word_1_310' title='bbox 2984 4088 3203 4155; x_wconf 86' lang='lat' dir='ltr'>classis</span> 
     </span>
     <span class='ocr_line' id='line_1_35' title="bbox 535 4194 1343 4262; baseline 0 -3"><span class='ocrx_word' id='word_1_311' title='bbox 535 4212 682 4260; x_wconf 86' lang='lat' dir='ltr'>cum</span> <span class='ocrx_word' id='word_1_312' title='bbox 732 4194 938 4261; x_wconf 86' lang='lat' dir='ltr'>Credo</span> <span class='ocrx_word' id='word_1_313' title='bbox 986 4205 1052 4261; x_wconf 89' lang='lat' dir='ltr'>et</span> <span class='ocrx_word' id='word_1_314' title='bbox 1097 4198 1343 4262; x_wconf 84' lang='lat' dir='ltr'>Octava.</span> 
     </span>
    </p>
   </div>
   <div class='ocr_carea' id='block_1_5' title="bbox 528 4411 3217 4745">
    <p class='ocr_par' dir='ltr' id='par_1_6' title="bbox 528 4411 3217 4745">
     <span class='ocr_line' id='line_1_36' title="bbox 686 4411 3217 4511; baseline 0.002 -28"><span class='ocrx_word' id='word_1_315' title='bbox 686 4413 850 4486; x_wconf 87' lang='lat'>103.</span> <span class='ocrx_word' id='word_1_316' title='bbox 907 4411 1440 4506; x_wconf 86' lang='lat' dir='ltr'>Nonnunquam</span> <span class='ocrx_word' id='word_1_317' title='bbox 1494 4415 1757 4506; x_wconf 88' lang='lat' dir='ltr'>aliquis</span> <span class='ocrx_word' id='word_1_318' title='bbox 1807 4435 1894 4490; x_wconf 81' lang='lat' dir='ltr'>ex</span> <span class='ocrx_word' id='word_1_319' title='bbox 1946 4413 2339 4511; x_wconf 89' lang='lat' dir='ltr'>Episcopis,</span> <span class='ocrx_word' id='word_1_320' title='bbox 2396 4422 2774 4508; x_wconf 88' lang='lat' dir='ltr'>postquam</span> <span class='ocrx_word' id='word_1_321' title='bbox 2822 4430 3068 4493; x_wconf 89' lang='lat' dir='ltr'>omnes</span> <span class='ocrx_word' id='word_1_322' title='bbox 3121 4417 3217 4487; x_wconf 85' lang='lat' dir='ltr'>et-</span> 
     </span>
     <span class='ocr_line' id='line_1_37' title="bbox 531 4521 3201 4625; baseline 0 -27"><span class='ocrx_word' id='word_1_323' title='bbox 531 4521 851 4625; x_wconf 75' lang='lat' dir='ltr'>singulas</span> <span class='ocrx_word' id='word_1_324' title='bbox 902 4528 1245 4601; x_wconf 90' lang='lat' dir='ltr'>dioecesis</span> <span class='ocrx_word' id='word_1_325' title='bbox 1297 4528 1630 4601; x_wconf 86' lang='lat' dir='ltr'>ecclesias</span> <span class='ocrx_word' id='word_1_326' title='bbox 1682 4530 2144 4619; x_wconf 90' lang='lat' dir='ltr'>recensuerit,</span> <span class='ocrx_word' id='word_1_327' title='bbox 2202 4530 2505 4601; x_wconf 91' lang='lat' dir='ltr'>oratoria</span> <span class='ocrx_word' id='word_1_328' title='bbox 2549 4529 2825 4619; x_wconf 88' lang='lat' dir='ltr'>privata</span> <span class='ocrx_word' id='word_1_329' title='bbox 2859 4527 3201 4599; x_wconf 90' lang='lat' dir='ltr'>dinume-</span> 
     </span>
     <span class='ocr_line' id='line_1_38' title="bbox 528 4641 3195 4745; baseline 0.001 -33"><span class='ocrx_word' id='word_1_330' title='bbox 528 4646 666 4732; x_wconf 89' lang='lat' dir='ltr'>rat,</span> <span class='ocrx_word' id='word_1_331' title='bbox 725 4656 911 4731; x_wconf 87' lang='lat' dir='ltr'>quae</span> <span class='ocrx_word' id='word_1_332' title='bbox 963 4657 1217 4734; x_wconf 90' lang='lat' dir='ltr'>nempe</span> <span class='ocrx_word' id='word_1_333' title='bbox 1270 4646 1438 4715; x_wconf 87' lang='lat' dir='ltr'>sunt</span> <span class='ocrx_word' id='word_1_334' title='bbox 1488 4642 1563 4713; x_wconf 91' lang='lat' dir='ltr'>in</span> <span class='ocrx_word' id='word_1_335' title='bbox 1613 4642 2050 4733; x_wconf 88' lang='lat' dir='ltr'>privatorum</span> <span class='ocrx_word' id='word_1_336' title='bbox 2102 4641 2471 4745; x_wconf 85' lang='lat' dir='ltr'>bominum</span> <span class='ocrx_word' id='word_1_337' title='bbox 2523 4641 2899 4733; x_wconf 88' lang='lat' dir='ltr'>domibus;</span> <span class='ocrx_word' id='word_1_338' title='bbox 2955 4659 3195 4733; x_wconf 85' lang='lat' dir='ltr'>eaque</span> 
     </span>
    </p>
   </div>
  </div>
 </body>
</html>
