3497 5235
881 177 1003 252 ⁰⁸1²·
1029 178 1186 280 1.D0
1226 179 1380 240 statu
1417 179 1679 239 noel-niu
1718 179 1996 249 materiali.
2039 183 2093 257 ἓ.
2121 181 2245 239 4-7.
2819 180 2897 244 91

373 310 494 382 86.
550 305 641 383 In
698 312 772 386 8.
826 312 1150 388 Miniatis
1214 311 1354 387 VV.
1400 314 1528 387 88.
1570 315 1715 388 LL.
1779 314 1897 384 14.
1954 309 2162 387 Mart.
2230 315 2443 386 1733.
2501 310 2901 405 Episcopus

240 422 808 504 animadvertens
858 442 1104 498 omnes
1155 425 1621 499 canonicatus
1670 442 1846 498 suae
1894 423 2331 500 cathedralis
2371 425 2524 498 iure
2561 434 2907 518 patrona-

237 542 342 607 tus
389 531 548 607 esse
603 533 924 624 affectoS,
964 536 1193 628 petiit,
1251 554 1348 608 an
1398 536 1536 609 sibi
1590 537 1836 610 liceret
1873 537 2158 610 eosdem
2196 537 2269 608 in
2308 537 2901 629 poenitentialem

240 652 299 722 et
348 646 827 738 theologalem
878 648 1254 722 distinctas
1302 648 1754 741 praebendas
1802 646 2098 740 erigere.
2159 645 2234 720 S.
2276 646 2355 720 C.
2394 648 2899 722 resolutionem

239 758 529 847 distulit,
565 763 639 832 et
674 758 1134 833 scribendum
1161 755 1512 853 Episcopo
1549 761 1832 834 censuit
1866 759 2064 833 iuxta
2090 760 2663 848 instructionem,
2698 759 2904 833 cuius

237 877 546 942 tenorem
576 870 654 946 in
681 870 886 960 haec,
918 888 1104 962 quae
1138 876 1541 962 sequuntur
1575 870 1796 945 verba
1832 889 1871 943 e
1903 872 2056 945 Lib.
2081 871 2412 945 liter.28.
2435 871 2547 945 die
2570 870 2911 948 ‘ILMar-

239 982 310 1053 tii
334 979 556 1056 1733.
599 983 974 1074 exscripsit
1008 980 1350 1055 Zambon.
1396 981 1680 1057 collect.
1720 982 1897 1055 decl.
1943 985 2018 1058 S.
2058 984 2133 1058 C.
2174 988 2341 1058 tom.
2375 983 2471 1056 ΙΙ.
2513 983 2731 1057 verbo
2771 984 2906 1058 Ca·

239 1094 604 1168 nonicatus
652 1091 728 1189 ἓ.
782 1095 933 1174 VII.
975 1115 1051 1170 n.
1090 1094 1214 1172 27.
1261 1116 1342 1189 p.
1386 1095 1505 1170 66.
1548 1101 1717 1168 nota
1751 1092 1873 1169 83.
1932 1094 2032 1168 ibi
2095 1117 2133 1162 α
2175 1096 2368 1168 Scire
2419 1096 2615 1188 cupit
2667 1098 2741 1168 S.
2785 1094 2898 1187 C.,

241 1229 272 1273 ι
304 1213 484 1297 quot
535 1209 686 1280 sint
752 1210 829 1281 in
879 1206 1069 1281 dicta
1122 1210 1421 1282 ecclesia
1471 1208 1982 1295 canonicatuS,
2037 1225 2132 1279 an
2186 1207 2279 1280 ad
2331 1206 2548 1280 laicos
2617 1212 2911 1299 spectet

244 1340 275 1383 ιι
307 1317 417 1396 ius
468 1324 902 1409 patronatus
965 1338 1111 1393 non
1162 1322 1392 1393 solum
1446 1320 1757 1394 activum
1809 1319 1940 1392 sed
1989 1320 2204 1391 etiam
2256 1320 2664 1413 passivum,
2724 1328 2902 1411 quot

244 1452 275 1495 ›
309 1431 456 1502 sint
508 1447 756 1502 eorum
805 1430 1032 1506 annui
1064 1431 1363 1518 redituS,
1404 1449 1684 1504 necnon
1719 1436 1896 1521 quot
1929 1436 2002 1503 et
2037 1431 2276 1520 qualia
2329 1430 2682 1505 beneficia
2734 1432 2911 1503 sim·
3041 1459 3052 1470 ·

247 1564 277 1606 ›
309 1541 525 1632 plicia
581 1542 897 1616 existant
951 1544 1026 1613 in
1075 1543 1213 1614 ista
1265 1543 1616 1616 dioecesi:
1674 1542 1848 1614 item
1897 1538 2297 1633 Episcopus
2350 1549 2516 1635 agat
2568 1560 2728 1615 cum
2776 1560 2911 1634 pa-

245 1675 280 1720 »
311 1653 581 1741 troniS,
654 1670 752 1725 an
800 1653 1025 1744 aliqui
1076 1672 1320 1727 eorum
1386 1654 1531 1727 sint
1598 1654 2014 1747 praestituri
2082 1671 2511 1726 consensum
2562 1654 2907 1727 erectioni

245 1785 277 1830 ›
313 1763 622 1836 duarum
675 1763 1249 1856 praebendarum
1303 1765 1380 1838 in
1430 1765 1902 1856 theologalem
1939 1770 2011 1838 et
2044 1765 2701 1857 poenitentiariam,
2741 1765 2900 1839 sine

243 1898 276 1944 ›
309 1883 555 1949 tamen
589 1876 1030 1968 praeiudicio
1065 1876 1241 1948 iuris
1274 1883 1726 1970 patronatuS,
1767 1876 1896 1950 sed
1931 1893 2091 1949 cum
2120 1875 2304 1968 lege,
2345 1879 2425 1948 ut
2459 1876 2911 1966 praesentati

245 2009 280 2054 ›
314 2007 458 2061 non
514 1988 834 2061 debeant
883 1987 1196 2078 admitti,
1252 1988 1391 2061 nisi
1438 1988 1530 2060 ab
1568 1986 2181 2062 examinatoribus
2231 1986 2701 2078 synodalibus
2741 2004 2913 2059 exa-

245 2120 277 2165 ›
312 2099 570 2171 minati
621 2106 695 2171 et
745 2098 1122 2191 approbati
1174 2098 1442 2173 fuerint
1491 2106 1864 2190 tamquam
1902 2098 2166 2187 idonei,
2217 2104 2289 2171 et
2340 2096 2414 2169 S.
2457 2095 2532 2170 C.
2574 2099 2904 2171 certioret

246 2233 281 2278 ›
315 2209 401 2283 de
438 2209 990 2283 resultantibus·
1026 2235 1065 2280 ›
1120 2208 1306 2292 Quid
1357 2212 1658 2284 ulterius
1693 2211 2037 2300 evenerit,
2077 2211 2491 2284 nullatenus
2544 2210 2899 2284 innuitur.

377 2321 504 2393 87.
548 2317 638 2391 In
663 2322 1026 2395 Asculano
1059 2324 1400 2397 Commut.
1431 2322 1701 2397 volunt.
1737 2324 1812 2394 3.
1840 2323 2016 2415 Aug.
2048 2323 2261 2396 1801.
2284 2320 2705 2395 Franciscus
2741 2320 2908 2394 Fazi

245 2452 441 2507 suam
494 2435 1016 2509 haereditatem
1069 2436 1439 2510 addixerat
1490 2433 1944 2509 canonicatui
1995 2433 2361 2526 erigendo,
2417 2432 2620 2506 cuius
2670 2438 2915 2524 patro-

246 2554 493 2620 natum
529 2549 846 2622 activum
896 2545 1249 2641 Capitulo,
1302 2550 1664 2642 passivum
1717 2546 2155 2640 presbyteris
2188 2545 2432 2639 oppidi
2477 2551 2901 2619 reservarat.

244 2653 640 2754 Episcopus
688 2662 762 2732 S.
794 2658 869 2732 C.
910 2661 1236 2753 rogabat,
1278 2668 1358 2734 ut
1393 2660 1807 2753 praebenda
1845 2661 1916 2731 in
1952 2658 2422 2751 theologalem
2474 2658 2909 2750 erigeretur:

246 2776 318 2841 at
365 2772 767 2844 reluctante
819 2769 1141 2862 Capitulo
1199 2768 1358 2845 Emi
1410 2770 1655 2845 Patres
1715 2772 2256 2863 dispositionem
2314 2768 2673 2843 Francisci
2743 2767 2911 2840 Fazi

252 2882 826 2955 commutandam
880 2901 1025 2956 non
1077 2902 1232 2957 esse
1282 2882 1834 2975 responderunt.

381 2990 470 3065 In
524 2996 955 3067 Macer-atera.
999 2995 1394 3069 Praebend.
1450 2995 1654 3068 theol.
1717 2995 1835 3066 14.
1892 2990 2054 3067 Ian.
2100 2993 2316 3065 1804.
2372 2987 2781 3083 Episcopus
2831 2997 2919 3064 ut

248 3104 685 3180 satisfaceret
753 3104 826 3178 S.
883 3103 1462 3200 congregationis
1528 3106 1797 3194 literiS,
1869 3103 2344 3196 theologalem
2406 3103 2483 3174 in
2535 3101 2911 3193 collegiata

248 3210 498 3288 Montis
535 3212 846 3305 Milonis,
886 3217 1372 3308 praebendam
1423 3225 1801 3293 vacantem
1853 3217 2009 3289 iure
2059 3218 2483 3308 patronatus
2520 3212 2907 3303 municipio

252 3325 605 3400 addictam
660 3330 735 3401 in
787 3348 996 3402 usum
1052 3330 1469 3422 theologalis
1504 3329 1899 3424 proposuit,
1939 3334 2011 3400 et
2043 3327 2208 3399 licet
2246 3324 2718 3417 municipium
2756 3342 2917 3417 gra-

249 3438 425 3510 viter
474 3439 880 3528 obsisteret,
937 3438 1012 3512 S.
1052 3437 1519 3533 Congregatio
1570 3458 1728 3514 eam
1764 3437 2254 3531 praebendam
2307 3438 2381 3509 in
2434 3435 2914 3529 theologalem

253 3562 406 3620 esse
456 3550 867 3642 erigendam
919 3552 1309 3643 rescripsit,
1355 3552 1566 3625 nulla
1614 3558 1985 3644 praeterea
2040 3549 2288 3624 addita
2341 3549 2694 3622 clausula.

399 3661 516 3731 88.
573 3656 662 3733 In
705 3662 1044 3735 Amerina
1094 3663 1327 3736 Erect.
1381 3663 1621 3754 praeb.
1677 3664 1884 3737 theol.
1942 3664 2014 3734 2.
2057 3658 2222 3735 Iun.
2271 3661 2482 3734 1860.
2534 3679 2664 3751 per
2713 3661 2913 3734 Sum.

245 3787 438 3858 pree.
489 3768 886 3864 Episcopus
936 3774 1013 3844 in
1065 3773 1371 3847 adsimili
1424 3792 1595 3848 casu
1646 3774 1722 3848 S.
1771 3773 2314 3868 Congregationi
2365 3772 2778 3864 proposuit,
2835 3776 2921 3842 ut

254 3881 331 3953 in
379 3885 858 3973 praebendam
911 3885 1377 3980 theologalem
1430 3887 1846 3981 collegiatae
1895 3886 2229 3980 Lugnani
2273 3885 2664 3977 erigeretur
2700 3899 2919 3955 cano-

250 3994 528 4069 nicatus
573 4015 869 4084 vacanS,
925 3997 1195 4088 Aloysii
1248 4006 1732 4091 nuncupatus,
1789 3999 1878 4072 de
1930 4001 2082 4071 iure
2133 4003 2561 4090 patronatus
2597 3993 2912 4065 familiae

248 4101 588 4197 Pagliacci
627 4105 1098 4181 viterbiensis
1135 4125 1297 4181 cum
1332 4110 1568 4182 reditu
1604 4128 1847 4182 annuo
1898 4118 2082 4183 scut.
2130 4109 2271 4182 150
2306 4108 2608 4181 circiter.
2652 4102 2915 4197 Rogati

253 4221 529 4309 patroni
576 4237 1010 4295 consensum
1060 4219 1545 4314 denegabant,
1586 4221 1817 4310 veriti,
1860 4239 1950 4293 ne
1983 4221 2120 4294 sibi
2157 4217 2580 4293 nominandi
2614 4216 2919 4290 libertas

253 4329 822 4424 interciperetur.
882 4331 971 4404 At
1022 4330 1096 4406 S.
1125 4333 1200 4407 C.
1241 4336 1645 4427 rescripsit:
1706 4357 1743 4402 <
1779 4334 2192 4426 erigendam
2229 4347 2387 4405 esse
2421 4328 2915 4422 praebendam

260 4464 299 4509 ›
341 4441 807 4538 theologalem
859 4462 948 4516 ex
997 4446 1425 4519 canonicatu
1458 4447 1786 4538 Aloysii,·
1837 4446 1939 4520 ita
1989 4451 2265 4532 tamen,
2319 4449 2403 4516 ut
2452 4442 2738 4536 patroni
2793 4458 2924 4513 no·

262 4578 307 4623 ι
347 4557 602 4634 minare
654 4557 975 4632 debeant
1025 4564 1193 4633 actu
1241 4559 1580 4633 idoneum
1632 4559 1724 4633 ad
1779 4577 2042 4633 munus
2091 4556 2534 4632 obeundum.
2579 4581 2617 4627 »
