3497 5235
518 275 635 338 196
1278 273 1650 333 Iusti-notioni·
1689 272 1745 329 8.
1775 271 1957 347 Oongr.
1985 271 2133 331 Oeno.
2171 273 2443 348 expetitio.

515 415 589 481 et
638 408 735 480 ad
785 408 976 480 Nota
1011 425 1228 488 nono,
1278 406 1405 478 ubi
1441 407 1531 479 de
1567 424 1678 494 eo,
1718 405 1846 495 qui
1883 405 2202 477 animum
2256 404 2732 498 permanendi
2785 409 2951 476 ante
3005 405 3191 477 iura-

511 524 836 591 mentum
889 536 1034 590 non
1085 517 1419 606 haberet,
1468 516 1740 590 babeat
1792 535 1958 588 vero
1993 534 2075 588 eo
2112 523 2459 608 tempore,
2518 534 2660 606 quo
2696 517 3195 590 iusiurandum

512 630 777 703 eliciat.
834 626 987 701 Hae
1039 647 1249 721 porro
1304 630 1764 719 quaestiones
1816 626 2047 700 forum
2100 629 2464 702 internum
2499 627 2849 719 afficiunt,
2907 629 2998 702 de
3050 648 3196 720 quo

511 741 672 814 heic
725 759 870 813 non
925 742 1228 833 agimus,

658 855 778 925 93.
837 849 1040 935 Quod
1092 853 1152 924 si
1203 858 1407 943 pater
1460 851 1536 923 in
1587 870 1772 924 novo
1826 851 2180 924 domicilio
2232 852 2606 942 permultis
2658 853 2869 925 annis
2920 872 3190 926 moram

511 965 923 1039 continuam
977 964 1288 1052 duxerit,
1348 964 1686 1035 maiorem
1736 963 2089 1036 bonorum
2144 968 2420 1056 partem
2474 965 2869 1055 possideat,
2935 972 3008 1038 et
3066 966 3193 1038 do-

510 1094 707 1148 mum
758 1082 1080 1168 apertam
1130 1074 1427 1165 babeat,
1482 1075 1651 1147 licet
1701 1075 1794 1146 ad
1845 1076 2079 1148 locum
2131 1075 2425 1166 originis
2477 1076 2869 1166 aliquando
2902 1094 2991 1149 ex
3028 1096 3201 1169 pre-
3266 1106 3282 1135 ·

509 1190 699 1262 caria
753 1208 970 1262 causa
1020 1190 1254 1262 redire
1309 1194 1758 1276 consuescat,
1801 1205 1947 1260 non
1985 1186 2248 1260 idcirco
2299 1183 2373 1258 S.
2415 1185 2490 1260 C.
2533 1188 2670 1260 boc
2705 1188 3190 1261 iuramentum

507 1301 752 1392 exigit,
806 1307 889 1373 ut
940 1302 1014 1372 in
1073 1301 1429 1374 Umentina
1481 1306 1553 1372 et
1605 1299 2022 1372 Neritonen.
2069 1300 2323 1373 Ordin.
2389 1301 2504 1371 17.
2547 1296 2712 1371 Iun.
2761 1301 3011 1390 1719.,
3059 1300 3189 1372 ubi

504 1418 710 1502 pater
760 1413 902 1483 iam
955 1432 998 1483 a
1051 1412 1346 1504 triginta
1403 1412 1613 1483 annis
1664 1411 2101 1485 domicilium
2152 1418 2543 1502 posuerat;
2600 1429 2748 1501 qua
2783 1411 2872 1484 de
2910 1430 2986 1484 re
3027 1413 3190 1485 nul-

502 1522 645 1594 lam
699 1523 789 1596 ab
844 1525 1171 1596 ordinato
1229 1541 1606 1596 censuram
1657 1523 1795 1595 boc
1846 1524 1920 1595 in
1973 1542 2146 1596 casu
2198 1529 2606 1614 susceptam
2656 1522 2879 1595 fuisse
2930 1524 3187 1597 eadem

505 1631 578 1706 S.
619 1633 693 1708 C.
753 1635 1169 1709 declaravit.

645 1747 769 1818 94.
826 1743 1161 1829 Quaestio
1214 1753 1349 1835 est,
1409 1764 1505 1817 an
1557 1746 1787 1819 literis
1823 1744 2428 1819 testimonialibus
2463 1763 2644 1837 opus
2687 1746 2808 1834 sit,
2850 1747 3181 1836 quando,

500 1865 580 1931 ut
632 1876 847 1950 saepe
901 1858 1025 1946 fit,
1083 1858 1660 1930 adolescentulus
1713 1858 1790 1928 in
1843 1858 2225 1930 seminario
2286 1859 2564 1930 alienae
2617 1857 2963 1931 dioecesis
3033 1866 3188 1932 stu-

498 1969 778 2042 diorum
831 1970 1260 2041 curriculum
1313 1969 1671 2041 conficiat.
1729 1966 1882 2041 Hoc
1933 1970 2123 2041 enim
2176 1970 2252 2040 in
2303 1971 2535 2061 spatio
2588 1969 2739 2042 fieri
2792 1976 3058 2061 potest,
3100 1978 3191 2043 ut

497 2080 600 2153 ibi
653 2081 942 2171 aliquod
995 2081 1587 2173 impedimentum
1640 2082 2065 2154 canonicum
2118 2081 2538 2152 contrahere
2580 2082 2918 2171 potuerit.
2961 2079 3180 2155 Porro

498 2194 573 2265 in
624 2201 1006 2284 utramque
1058 2201 1337 2285 partem
1376 2194 1699 2266 doctores
1752 2193 2153 2284 disputant,
2195 2200 2266 2266 et
2304 2194 2825 2266 declarationes
2877 2192 2951 2265 S.
2995 2193 3180 2266 Con-

497 2306 928 2397 gregationis
963 2306 1384 2378 afferuntur.
1430 2302 1562 2377 Pro
1596 2306 1954 2377 sententia
1992 2306 2326 2395 negativa
2362 2304 2568 2377 adest
2603 2307 2971 2397 responsio
3008 2324 3185 2379 con-

492 2417 718 2509 ceptis
769 2417 1005 2490 verbis
1059 2418 1133 2489 in
1171 2420 1528 2490 Bosanen.
1575 2417 1837 2489 Iurisd.
1903 2416 2020 2487 17.
2062 2412 2270 2488 Mart.
2320 2417 2533 2490 1709.
2593 2424 2664 2490 et
2717 2418 2876 2490 aliis
2928 2420 3178 2494 relatis

493 2547 536 2599 a
587 2524 923 2619 Rigantio
974 2529 1084 2601 Ad
1137 2531 1303 2623 Req.
1371 2529 1651 2604 Cancel.
1689 2528 1817 2601 24.
1888 2525 1962 2623 g.
2023 2529 2096 2598 3.
2158 2534 2327 2600 tom.
2385 2524 2485 2599 II.
2544 2530 2716 2602 386.
2782 2548 2950 2623 pag.
3000 2533 3171 2606 193.

491 2659 771 2713 necnon
807 2661 848 2712 a
885 2643 956 2713 S.
992 2640 1067 2715 C.
1102 2641 1313 2716 Conc.
1355 2644 1431 2714 in
1467 2641 1591 2715 fol.
1631 2642 1890 2735 Spolet.
1933 2648 2005 2714 et
2033 2644 2236 2716 Reat.
2266 2642 2584 2715 ordinat.
2623 2639 2906 2716 11.1u1.
2949 2646 3164 2718 1840.

485 2750 561 2848 g.
601 2755 727 2827 Ast
779 2774 947 2827 non.
1007 2751 1137 2826 Pro
1193 2753 1620 2826 affirmativa
1676 2760 1920 2826 tamen
1971 2760 2432 2845 opponuntur
2483 2754 3006 2828 declarationes
3057 2776 3171 2831 re·

489 2866 822 2938 centioris
858 2867 1042 2955 aevi,
1082 2867 1302 2938 veluti
1357 2867 1433 2938 in
1468 2866 1866 2947 Asculano,
1918 2884 2044 2937 seu
2089 2864 2487 2938 Montisalti
2539 2865 2609 2935 7.
2653 2862 2861 2937 Febr.
2912 2868 3171 2958 1733.,

486 2977 876 3050 Bononien.
911 2997 1040 3051 seu
1072 2978 1478 3050 Ferrarien.
1525 2977 1637 3048 14.
1672 2973 1850 3048 Nov.
1891 2978 2106 3048 1733.
2140 2981 2209 3048 et
2238 2977 2511 3048 Lunen.
2546 2977 2668 3047 29.
2701 2972 2869 3048 Maii
2910 2978 3162 3067 1824„

486 3089 991 3182 Montisfalisci
1048 3091 1163 3161 17.
1210 3088 1377 3161 Maii
1438 3090 1685 3177 1828,
1728 3089 2067 3178 quodque
2117 3087 2255 3159 bae
2293 3088 2813 3161 declarationes
2849 3089 3167 3182 discipli-

482 3217 621 3273 nae
675 3203 868 3292 apud
921 3202 992 3273 S.
1036 3202 1108 3273 S.
1167 3202 1524 3275 recentius
1576 3201 1904 3272 invectae
1956 3199 2184 3290 magis
2236 3217 2592 3272 consonae
2642 3200 2814 3288 sint,
2854 3201 3163 3274 traditur

479 3312 557 3385 in
602 3314 1055 3386 Terracinen.
1097 3315 1217 3387 26.
1260 3310 1553 3385 Ianuar.
1602 3315 1815 3386 1833.
1873 3309 1948 3405 ἓ.
1991 3310 2183 3383 Illud
2219 3316 2478 3384 autem.
2535 3308 2961 3383 Huiusmodi
2997 3330 3166 3386 sen-

477 3426 867 3512 tentiarum
920 3426 1478 3517 discrepantiam
1531 3425 1864 3497 conciliat
1911 3423 1999 3495 cl.
2044 3442 2181 3494 me.
2226 3420 2450 3495 Eliius
2484 3421 2689 3495 Card.
2732 3419 3033 3495 Bianchi
3087 3425 3165 3495 in

474 3542 665 3624 voto,
724 3537 917 3627 quod
970 3538 1043 3609 in
1097 3538 1287 3610 dicta
1343 3555 1557 3608 causa
1601 3536 1858 3628 Spolet.
1900 3540 1972 3608 et
2009 3537 2207 3608 Reat.
2255 3535 2510 3609 ordin.
2577 3535 2693 3603 11.
2735 3531 2897 3606 Iulii
2940 3536 3156 3608 1840.

473 3648 795 3738 protulit,
825 3648 952 3721 ubi
986 3647 1060 3744 g.
1091 3650 1204 3721 Ex
1240 3650 1510 3722 duabus
1548 3647 2047 3721 auctoritatem
2075 3643 2512 3719 Honorantis
2547 3647 2623 3717 in
2653 3647 2885 3718 Prax.
2924 3648 3169 3719 Secre-

474 3763 618 3829 tar.
663 3760 809 3832 Vic.
850 3780 926 3852 p.
967 3762 1129 3832 162.
1173 3768 1243 3833 et
1286 3762 1453 3833 163.
1498 3762 1827 3851 sequitur
1862 3762 1962 3831 ita
1996 3759 2372 3831 sentientis
2428 3781 2465 3825 α
2497 3756 2888 3852 Episcopos
2927 3760 3155 3831 teneri

475 3892 514 3936 »
556 3872 844 3959 quidem
875 3873 1389 3946 testimoniales
1427 3873 1670 3945 literas
1697 3872 1978 3964 exigere
2010 3890 2049 3942 a
2077 3872 2225 3943 suis
2260 3870 2596 3958 subditiS‚
2629 3871 2754 3961 qui
2791 3872 2865 3941 in
2894 3869 3148 3942 alienis

474 4007 513 4051 »
555 3982 998 4057 dioecesibus
1059 3986 1502 4072 studiorum,
1559 3985 1670 4056 vel
1724 3985 1865 4057 alia
1918 3984 2006 4056 de
2061 4001 2277 4056 causa
2344 4000 2578 4054 moras
2646 3987 3151 4071 temporaneas

474 4118 513 4162 »
554 4101 969 4185 traxerunt3
1025 4098 1151 4170 sed
1203 4115 1349 4168 non
1400 4097 1500 4169 ita
1554 4098 1891 4189 rigorose,
1949 4096 2132 4168 sicut
2186 4096 2373 4187 exigi
2422 4093 2691 4167 debent
2725 4093 2800 4163 in
2837 4098 3146 4181 quatuor

471 4231 510 4275 »
552 4209 836 4280 casibus
888 4211 961 4281 in
1014 4209 1204 4281 dicta
1256 4206 1778 4281 Constitutione
1817 4207 2295 4299 Speculatores
2350 4205 2732 4297 expressiS‚
2775 4202 3017 4276 taliter
3065 4208 3151 4274 ut

469 4342 508 4386 »
545 4323 822 4411 possint
876 4321 1249 4411 arbitrium
1305 4321 1786 4411 interponere,
1843 4318 2192 4411 exigendo
2248 4318 2538 4408 quidem
2591 4314 3135 4402 testimonialeS‚

466 4453 506 4500 ›
548 4431 674 4502 sed
709 4432 991 4503 illorum
1027 4433 1403 4504 dumtaxat
1441 4428 2007 4519 Ordinariorum,
2049 4431 2124 4501 in
2162 4448 2462 4519 quorum
2502 4426 2949 4501 dioecesibus
2986 4426 3143 4498 diu-

464 4565 504 4612 >
543 4542 715 4630 tiuS‚
756 4548 828 4613 et
861 4543 1110 4615 ultimo
1147 4545 1304 4616 eius
1341 4543 1612 4617 subditi
1649 4543 2042 4635 respective
2081 4547 2657 4633 permanserunt.
2685 4565 2723 4608 a>
2773 4536 2859 4612 Id
2895 4544 3134 4611 autem

462 4655 738 4727 nonita
767 4655 911 4726 late
939 4655 1434 4748 accipiendum
1463 4662 1596 4746 est,
1629 4656 1850 4729 veluti
1887 4660 2216 4729 monetur
2249 4654 2327 4726 in
2354 4653 2544 4726 dicto
2578 4660 2740 4726 voto
2773 4649 2849 4747 g.
2877 4652 3139 4732 Porro,
