3497 5235
546 227 624 290 90
1300 225 1669 284 humationi·
1711 226 1765 283 8.
1792 225 1975 298 Oougr.
2003 224 2149 284 Oeno.
2189 227 2459 301 expositio.

550 360 984 452 plurimum,
1040 359 1402 447 sentiant,
1458 355 1850 451 Episcopos
1899 376 2109 451 posse
2158 361 2235 432 in
2287 359 2750 451 theologalem
2805 358 2915 430 vel
2967 359 3214 449 poeni-

545 471 955 547 tentiariam
991 473 1364 546 instituere
1393 471 1745 545 beneficia
1772 472 1862 543 de
1888 472 2038 544 iure
2064 479 2490 563 patronatus
2515 470 2887 558 laicorum;
2926 465 3212 566 (Garzia

545 586 629 660 de
664 586 837 658 Ben.
878 603 1036 676 cap.
1082 585 1152 659 6.
1194 604 1269 657 n.
1313 583 1472 667 16„
1523 580 1806 657 Moneta
1843 586 1925 658 de
1958 584 2091 658 ult.
2132 584 2272 656 vol.
2312 603 2471 676 cap.
2511 584 2585 657 2.
2628 602 2702 655 n.
2742 582 2952 664 262„
3004 579 3214 655 Petra

550 699 680 771 loc.
714 698 837 771 cit.
871 716 947 769 n.
983 695 1102 770 19.
1143 696 1221 767 in
1253 691 1449 793 fin.);
1505 698 1681 787 quin
1718 693 2033 768 Barbosa
2072 689 2206 792 (ad
2245 694 2451 769 Cone.
2494 694 2690 767 Trid.
2731 713 2897 766 sess.
2929 695 3001 766 5.
3034 713 3098 765 c.
3138 691 3208 766 1.

548 809 631 883 de
661 809 969 902 Reform.
1012 828 1087 881 η.
1122 802 1284 902 16.)
1318 808 1419 879 ita
1453 807 1896 882 declaratum
1934 808 2150 881 tuisse
2187 828 2228 879 a
2265 808 2339 880 S.
2370 803 2448 878 C.
2480 806 2721 881 refert.
2762 805 2932 883 Cum
2966 814 3213 879 tamen

548 916 709 1016 post
760 917 1055 993 Constit.
1102 919 1499 993 Pastoralis
1552 920 1757 1014 officii
1806 920 2032 993 forma
2083 939 2471 994 concursus
2514 918 2926 991 adhibenda
2962 920 3037 992 in
3073 919 3217 990 col-

547 1032 816 1107 latione
867 1032 1004 1120 sit,
1061 1030 1445 1105 difficultas
1497 1034 1722 1106 oritur
1774 1051 1859 1106 ex
1913 1050 2023 1124 eo,
2080 1032 2273 1123 quod
2325 1051 2453 1126 per
2504 1051 2923 1105 concursum
2980 1033 3218 1123 ipsum

549 1145 684 1217 iuri
737 1149 1196 1237 patronorum
1250 1143 1512 1216 vulnus
1561 1144 1935 1236 infligitur,
1993 1162 2123 1217 ceu
2175 1163 2427 1237 reapse
2465 1145 2968 1219 animadvertit
3019 1143 3092 1216 S.
3133 1143 3209 1216 C.

547 1257 626 1328 in
681 1259 754 1329 S.
794 1256 1118 1333 Miniatis
1168 1256 1309 1328 VV.
1356 1258 1482 1332 SS.
1524 1258 1669 1330 LL.
1716 1257 1833 1327 14.
1874 1253 2082 1328 Mart.
2131 1258 2344 1329 1733.
2383 1254 2458 1351 ξ.
2504 1256 2637 1332 Sed
2671 1258 2900 1339 circa,
2935 1265 3007 1330 et
3040 1256 3218 1328 alibi

547 1370 622 1440 in
672 1369 832 1442 aliis
885 1368 1145 1456 causis,
1195 1367 1268 1440 id
1305 1367 1498 1457 quod
1548 1363 1940 1464 (loquendo
1979 1369 2367 1461 generatim
2404 1369 2493 1442 de
2529 1373 2988 1460 patronorum
3023 1365 3215 1465 iure)

548 1480 897 1571 aequitati
939 1479 1233 1551 minime
1268 1486 1829 1552 consentaneum
1881 1497 2035 1553 esse
2088 1481 2293 1553 aiunt
2344 1475 2536 1552 Trid.
2577 1477 2824 1552 Patres
2862 1483 3043 1554 Sess.
3084 1480 3212 1553 25.

548 1612 706 1685 cap.
749 1592 820 1666 9.
862 1592 944 1666 de
983 1592 1290 1684 Reform.
1348 1590 1773 1682 ceteroquin
1826 1594 2022 1665 citati
2076 1599 2401 1666 auctores
2438 1594 2530 1665 ad
2566 1593 2745 1666 illud
2789 1602 3070 1686 tempus
3105 1612 3221 1667 re-

547 1703 904 1793 feruntur,
963 1704 1034 1775 in
1087 1721 1229 1793 quo
1281 1703 1479 1775 nulla
1532 1702 1785 1777 aderat
1818 1702 1907 1777 de
1943 1722 2289 1778 concursu
2326 1704 2551 1778 forma
2589 1727 2629 1777 a
2666 1707 2819 1797 lege
2853 1724 2982 1797 pro
3016 1705 3219 1777 hisce

550 1818 985 1911 praebendis
1026 1817 1495 1911 praescripta.
1538 1813 1861 1890 Iamvero
1917 1818 1988 1890 S.
2029 1815 2107 1889 C.
2147 1817 2225 1891 C.
2266 1819 2341 1891 in
2376 1819 2511 1891 hoc
2545 1838 2779 1892 rerum
2817 1826 3010 1892 statu
3046 1836 3227 1890 con-

548 1930 740 2003 sulta
794 1945 986 2000 nunc
1036 1929 1468 2019 negativam,
1509 1947 1703 2002 nunc
1737 1928 2239 2003 affirmativam
2291 1932 2829 2024 responsionem
2883 1930 3222 2021 praebuit

547 2057 678 2131 pro
729 2040 1423 2113 circumstantiarum
1475 2040 1862 2114 varietate:
1921 2047 2145 2131 utque
2198 2042 2489 2131 aliquod
2541 2040 2908 2136 Episcopis
2969 2043 3218 2115 lumen

554 2151 917 2238 afferatur,
973 2168 1349 2224 causarum
1399 2152 1812 2228 huiusmodi
1861 2152 2029 2227 facti
2085 2156 2397 2248 speciem
2449 2157 2861 2229 referemus.

699 2264 817 2335 85.
876 2258 962 2334 In
1018 2263 1338 2336 Cremon.
1380 2264 1612 2336 Erect.
1662 2264 1908 2357 praeb.
1958 2266 2165 2337 theol.
2222 2268 2293 2337 Ξ.
2336 2261 2474 2337 Iul.
2522 2267 2737 2339 1729.
2792 2264 3223 2338 Franciscus

549 2371 711 2446 Biffi
763 2392 963 2446 suam
1018 2375 1403 2447 haeredem
1451 2375 1861 2448 instituerat
1911 2375 2396 2469 praebendam
2451 2378 2524 2448 in
2579 2377 2879 2450 ecclesia
2933 2373 3005 2447 S.
3058 2378 3225 2449 Ste-

548 2485 773 2578 phani
799 2486 1241 2576 erigendam,
1273 2494 1344 2561 et
1382 2487 1491 2559 ius
1525 2495 1951 2579 patronatus
1987 2486 2297 2560 familiae
2332 2485 2493 2560 Biffi
2530 2497 3044 2577 reservaverat;
3084 2490 3221 2561 sed

552 2599 614 2672 si
649 2616 731 2671 ea
770 2597 1071 2672 ecclesia
1123 2598 1214 2673 ad
1268 2600 1712 2691 collegiatam
1755 2599 2200 2690 eveheretur,
2259 2599 2447 2672 idem
2501 2601 2610 2674 ius
2662 2601 2754 2674 ad
2805 2598 3221 2692 Capitulum

551 2711 738 2785 illico
774 2717 1094 2802 spectare
1138 2698 1483 2800 voluerat,
1525 2713 1910 2785 dummodo
1944 2712 2360 2803 praebenda
2396 2714 2470 2784 in
2508 2715 3004 2786 canonicatum
3044 2731 3226 2785 con-

550 2830 972 2897 verteretur.
1029 2821 1232 2895 Anno
1288 2824 1504 2896 1771.
1546 2824 1638 2895 ad
1674 2826 2111 2916 municipum
2163 2824 2581 2916 petitionem
2634 2826 2706 2897 S.
2748 2822 3223 2917 congregatio

553 2935 1000 3026 collegiatam
1052 2936 1224 3028 erigi
1278 2954 1485 3027 posse
1537 2936 1997 3027 permiserat,
2053 2945 2125 3010 et
2174 2939 2640 3012 canonicatus
2710 2955 2935 3010 novae
3001 2937 3224 3009 colle-

554 3047 787 3138 giatae
840 3046 931 3118 ab
985 3044 1360 3120 Ordinatio
1393 3046 1616 3120 libere
1653 3047 1953 3121 conferri
1993 3049 2679 3143 edixerat,·excepto
2718 3057 2999 3143 praeter
3036 3050 3225 3121 alios

556 3179 593 3223 ‹
633 3158 1062 3233 canonicatu
1095 3157 1506 3250 theologali,
1547 3159 1671 3249 qui
1724 3160 1818 3231 sit
1868 3160 2041 3232 iuris
2075 3167 2497 3250 patronatus
2532 3161 2843 3234 familiae
2878 3159 3066 3248 Bini,
3109 3168 3215 3251 et,

554 3294 593 3339 ›
631 3270 786 3361 ipsa
838 3272 1218 3360 exstincta,
1279 3280 1594 3345 transeat
1648 3272 1739 3346 ad
1793 3272 2236 3366 collegiatam
2283 3266 2483 3346 iuxta
2520 3274 3057 3368 dispositionem
3113 3282 3231 3346 te-

551 3406 590 3450 »
629 3382 946 3454 statoriS.
982 3407 1020 3451 ›
1075 3378 1389 3472 Interea,
1446 3391 1839 3475 antequam
1893 3387 2117 3477 gratia
2169 3386 2257 3457 de
2310 3386 2729 3478 collegiatae
2783 3386 3138 3458 erectione
3178 3406 3225 3457 a

551 3491 842 3565 Summo
893 3491 1235 3567 Pontifice
1283 3496 1713 3587 signaretur,
1763 3498 2041 3569 vacavit
2077 3498 2567 3583 canonicatuS,
2624 3504 2696 3569 et
2748 3496 3015 3569 familia
3052 3494 3225 3569 Biffi

548 3605 946 3679 nominavit
997 3604 1329 3679 clericum
1384 3607 1473 3679 de
1504 3594 1774 3680 'eadem
1828 3605 2123 3679 familia.
2182 3605 2578 3701 Episcopus
2647 3608 3223 3680 nominationem

550 3717 808 3790 abnuit
858 3716 1276 3805 admittere,
1333 3726 1403 3793 et
1456 3714 1531 3790 S.
1572 3716 1646 3791 C.
1704 3720 1934 3810 prima
1990 3720 2137 3791 vice
2197 3720 2617 3811 respondit:
2693 3740 2733 3786 ‹
2771 3717 3225 3791 Beneficium

553 3855 592 3900 ›
633 3847 898 3901 vacans
951 3829 1366 3921 erigendum
1436 3847 1592 3902 esse
1658 3831 1733 3903 in
1799 3831 2298 3904 canonicatum
2368 3832 2887 3922 theologalem,
2962 3830 3227 3903 electio

552 3965 591 4010 ›
633 3946 876 4012 autem
912 3957 1259 4031 personae
1294 3939 1421 4015 fiat
1458 3941 1550 4013 ab
1585 3940 1964 4034 EpiscopO,
2005 3949 2077 4014 et
2112 3944 2434 4018 canonici
2482 3944 2710 4016 eidem
2748 3949 3229 4034 praesentent

555 4076 592 4120 >
631 4068 1008 4143 personam
1060 4051 1151 4124 ab
1204 4053 1358 4144 ipso
1396 4054 1721 4143 electam,
1766 4061 1842 4125 ut
1878 4072 2032 4125 eam
2073 4055 2426 4130 instituat.
2466 4081 2503 4124 ›
2561 4057 2649 4129 At
2683 4056 3230 4131 contradicente

552 4162 824 4235 familia
875 4161 1064 4253 Biffi,
1119 4166 1482 4255 proposita
1537 4167 1793 4239 iterum
1845 4185 2059 4240 causa
2112 4168 2186 4239 in
2238 4167 2471 4260 plenis
2524 4169 2855 4254 comitiis,
2912 4165 2984 4239 S.
3037 4165 3115 4239 C.
3179 4190 3229 4241 a

548 4292 680 4347 sua
733 4275 1163 4350 resolutione
1217 4276 1539 4349 resiliens
1589 4279 1994 4371 rescripsit:
2057 4300 2094 4344 ‹
2132 4282 2785 4369 praesentationem
2838 4281 3074 4353 clerici
3129 4282 3230 4356 de

555 4410 594 4455 ›
636 4385 903 4458 familia
955 4383 1117 4460 Biffi
1169 4386 1431 4461 factam
1485 4390 1577 4462 ad
1627 4389 2057 4463 beneficium
2111 4399 2481 4480 tamquam
2533 4392 2833 4485 simplex
2881 4410 3037 4465 esse
3092 4394 3233 4467 ad—

554 4523 594 4571 >
636 4498 1091 4590 mittendam,
1145 4499 1573 4576 beneficium
1625 4521 1835 4594 posse
1887 4503 2063 4594 erigi
2115 4502 2189 4574 in
2240 4503 2632 4596 simplicem
2682 4506 3225 4595 canonicatum,

557 4635 596 4680 ›
636 4616 707 4682 et
758 4611 870 4683 ius
921 4618 1344 4704 patronatus
1397 4615 1819 4687 continuare
1869 4613 2129 4688 debere
2182 4616 2257 4686 in
2308 4615 2580 4687 familia
2615 4612 2818 4688 Biffi.
2857 4640 2895 4684 ›
