3497 5235
549 258 669 321 25⁰
1304 255 1675 316 motioni·
1714 255 1772 313 8.
1798 255 1980 330 Gongr.
2007 255 2154 315 Oeno.
2193 256 2465 331 expetitio.

553 418 591 463 ι
634 395 890 485 gative.
935 390 1041 465 Ad
1091 394 1165 464 2.
1208 390 1314 463 Ad
1352 389 1437 462 b.
1478 391 1949 463 Secretarium
1988 407 2147 461 cum
2200 388 2417 462 SSriio
2460 409 2589 481 pro
2639 391 3089 468 absolutione
3121 397 3206 471 ad

549 531 587 577 ›
627 506 985 579 cautelam
1036 512 1108 578 et
1162 503 1712 577 condonatione.
1759 527 1797 569 ι
1839 501 2375 589 Adnotandum‚
2434 505 2624 594 quod
2679 525 2822 577 non
2879 509 3088 580 modo
3139 510 3207 581 in

549 636 635 690 ea
687 618 1021 705 dioecesi,
1062 615 1189 689 sed
1226 624 1296 689 et
1332 618 1404 687 in
1458 616 1616 687 aliis
1655 616 1845 686 illius
1897 615 2097 705 regni
2151 615 2479 704 partibus
2525 617 2616 689 ab
2670 620 3208 694 immemorabili

545 729 942 820 quidquam
996 729 1160 821 plus
1212 729 1450 800 minus
1501 744 1627 817 pro
1677 726 2204 816 subscriptione
2255 746 2339 799 ac
2373 729 2607 819 sigillo
2643 722 2867 821 accipi
2903 731 3200 805 solebat.

542 838 733 914 Illud
787 843 999 913 etiam
1055 840 1548 912 adnotandum
1583 845 1719 926 est,
1778 838 1969 928 quod
2022 836 2097 910 S.
2138 835 2213 909 C.
2273 840 2347 910 in
2401 844 2860 931 responsione
2914 843 3208 917 sortasse

541 971 688 1025 non
742 954 1227 1044 praeteriisset
1279 951 1544 1024 addere
1597 951 1919 1039 neqative
1969 950 2463 1023 iuxtaterram
2500 953 3121 1038 Innocentiaiiam,
3153 957 3207 1027 si

544 1066 735 1138 hanc
786 1085 870 1138 eo
922 1069 993 1138 in
1048 1084 1269 1157 regno
1319 1066 1460 1135 vim
1513 1064 1783 1137 habere
1835 1063 2322 1134 iudicavisset.

687 1179 858 1250 220.
899 1174 1260 1268 Quidquid
1300 1195 1464 1248 vero
1514 1176 1610 1248 sit
1643 1175 1733 1247 de
1780 1174 2186 1247 huiusmodi
2226 1178 2700 1248 controversia
2738 1177 2829 1249 ad
2865 1179 3208 1252 trutinam

539 1288 717 1361 iuris
768 1296 1126 1378 revocata,
1170 1289 1498 1379 quamvis
1549 1294 1714 1359 taxa
1784 1287 1921 1358 ista
1976 1286 2366 1357 universim
2437 1289 2761 1378 inspecta
2811 1296 3010 1362 extra
3068 1287 3210 1363 lta-

535 1400 707 1472 liam
760 1401 1079 1492 obligare
1131 1405 1287 1473 tuto
1338 1402 1476 1472 dici
1548 1400 1726 1471 [orte
1781 1418 1923 1471 non
1981 1400 2254 1490 possit,
2320 1405 2639 1473 attamen
2711 1402 3210 1492 dispositiones

538 1512 808 1585 ibidem
838 1513 1204 1602 collectae,
1232 1513 1569 1603 quoniam
1598 1511 1909 1584 Concilio
1934 1508 2125 1584 Trid.
2162 1516 2233 1583 et
2262 1511 2867 1584 declarationibus
2894 1511 3214 1587 SS.Con-

539 1627 1026 1718 gregationum
1066 1627 1386 1716 apprime
1442 1626 1855 1716 respondet,
1912 1626 2203 1697 seorsim
2260 1631 2625 1714 spectatae
2662 1626 2978 1716 proiecto
3015 1637 3212 1719 post-

535 1735 786 1809 haberi
841 1755 925 1809 ac
975 1738 1240 1829 negligi
1295 1759 1332 1808 a
1389 1736 1588 1809 nullo
1641 1734 1993 1827 Episcopo
2046 1737 2447 1809 debebunt.

683 1848 852 1919 221.
895 1846 1221 1921 Ceterum
1276 1850 1459 1921 intra
1517 1846 1915 1919 Romanam
1989 1850 2423 1937 provinciam
2480 1850 2634 1921 eius
2685 1856 2897 1922 taxae
2967 1850 3214 1924 obser-

535 1961 854 2032 vantiam
910 1962 1118 2032 enixe
1170 1961 1517 2053 praecipit
1568 1966 1641 2031 et
1692 1960 2003 2032 inculcat
2056 1958 2326 2031 Bened.
2370 1957 2575 2031 xm.
2634 1962 2707 2032 in
2761 1964 2932 2053 Syn.
2991 1961 3205 2035 Rom.

534 2072 708 2144 anni
751 2073 964 2143 1725.
1008 2073 1122 2145 tit.
1162 2073 1250 2145 X.
1287 2092 1445 2163 cap.
1481 2072 1676 2143 unic.
1712 2068 2034 2143 Subinde
2075 2089 2233 2143 vero
2270 2071 2612 2161 disponit:
2659 2070 2960 2156 «Quoad
2998 2093 3214 2148 casus

539 2207 579 2250 v
617 2184 693 2254 in
750 2183 901 2273 ipsa
955 2188 1120 2254 taxa
1170 2202 1314 2254 non
1365 2181 1917 2271 comprehensos
1972 2183 2329 2272 propriam
2391 2184 2959 2274 uniuscuiusque
3011 2186 3214 2257 dioe-

535 2321 573 2367 ›
614 2296 793 2368 cesis
843 2294 1271 2366 servandam
1323 2293 1796 2365 declaramus.
1846 2291 2136 2385 Propria
2191 2302 2428 2366 autem
2488 2295 2609 2366 ubi
2664 2313 2809 2368 non
2865 2296 3207 2385 habetur,

538 2432 578 2475 ι»
618 2425 775 2479 eam
814 2402 1181 2479 Romanae
1219 2407 1625 2496 provinciae
1661 2403 1993 2496 Episcopi
2031 2407 2107 2477 in
2144 2408 2370 2496 prima
2409 2425 2648 2479 eorum
2689 2405 2973 2497 Synodo
3010 2410 3215 2480 dioe-

537 2543 575 2589 ›
618 2535 901 2605 cesana,
958 2519 1270 2609 regionis
1323 2537 1513 2589 more
1565 2523 1924 2608 spectate,
1981 2523 2310 2589 statuant
2361 2536 2444 2590 ac
2494 2519 2917 2606 conficiant,
2975 2526 3052 2590 et
3117 2519 3209 2591 ad

537 2656 577 2699 v
614 2626 759 2703 Nos
809 2648 936 2722 pro
973 2630 1489 2722 approbatione
1542 2631 2076 2702 transmittant:
2135 2631 2255 2700 alii
2292 2648 2483 2717 vero,
2539 2628 2762 2703 Nobis
2795 2637 2865 2703 et
2917 2628 2991 2701 S.
3034 2631 3209 2704 Sedi

533 2768 572 2815 >
612 2743 1022 2816 immediate
1057 2743 1388 2830 subiecti,
1434 2743 1644 2814 vicini
1682 2738 2208 2831 Metropolitani
2254 2749 2523 2830 taxam‚
2563 2745 2638 2815 in
2692 2761 2935 2815 eorum
2974 2743 3215 2815 tribu-

532 2880 570 2926 ›
611 2855 760 2926 nali
794 2856 1250 2943 servandam,
1291 2855 1673 2946 accipiant.
1709 2850 2000 2942 Reliqui
2037 2852 2325 2924 demum
2361 2855 2658 2925 aliorum
2699 2873 3216 2943 quorumcum-

530 2989 568 3035 ι»
611 2985 751 3056 que
789 2967 1104 3038 locorum
1139 2964 1499 3057 Episcopi,
1534 2967 1656 3054 qui
1693 2966 2019 3046 similiter
2055 2967 2338 3056 propria
2381 2973 2541 3036 taxa
2579 2972 2854 3053 carent,
2896 2973 2978 3038 ut
3012 2984 3214 3056 quae

530 3100 568 3146 ›
609 3078 865 3149 notarii
904 3078 1170 3168 aliique
1208 3077 1549 3150 officiales
1602 3079 1674 3148 in
1729 3079 2030 3169 singulis
2064 3096 2470 3166 causarum,
2512 3077 2988 3164 functionum,
3031 3079 3218 3150 scri-

527 3212 566 3259 >
608 3194 1010 3278 pturarum,
1051 3195 1596 3279 ceterarumque
1632 3190 1994 3261 actionum
2037 3189 2447 3280 generibnS‚
2487 3190 2802 3280 recipere
2824 3190 3213 3279 stipendia

526 3324 564 3366 »
605 3299 897 3387 debent,
941 3301 1372 3389 innotescat,
1412 3319 1570 3373 eam
1610 3303 1682 3373 in
1722 3304 1949 3391 prima
1988 3301 2260 3391 pariter
2294 3318 2542 3373 eorum
2594 3300 2906 3390 Synod0‚
2946 3302 3212 3373 eadem

526 3433 564 3478 >
603 3409 854 3483 habita
927 3411 1240 3483 locorum
1312 3413 1992 3502 circumscriptione,
2056 3413 2544 3498 constituant,
2588 3419 2669 3483 ⁴et
2740 3411 2831 3482 ad
2890 3413 3215 3503 primum

526 3546 566 3589 v
605 3539 851 3593 eorum
904 3523 1337 3613 provinciale
1390 3522 1776 3596 Concilium
1832 3523 2160 3596 deferant
2212 3523 2784 3614 approbandam.
2823 3519 3021 3604 Quae
3082 3524 3219 3595 de-

525 3657 563 3703 ›
601 3633 770 3706 inde
822 3640 1062 3721 taxae,
1104 3636 1294 3727 typis
1345 3635 1583 3722 datae,
1624 3652 1754 3724 pro
1807 3636 2165 3707 communi
2218 3637 2537 3706 omnium
2578 3635 2828 3706 notitia
2882 3635 3034 3706 suis
3095 3653 3216 3707 re-

523 3769 563 3812 »
602 3746 917 3836 spective
969 3745 1227 3817 affixae
1279 3755 1560 3836 semper
1614 3753 1955 3819 maneant
2010 3748 2083 3818 in
2135 3747 2609 3818 cancellariis.
2656 3771 2696 3814 ι»

666 3859 836 3929 222.
878 3854 1069 3928 Taxa
1123 3853 1641 3928 Innocentiana
1694 3858 2193 3930 tautummodo
2244 3865 2568 3929 versatur
2606 3859 2676 3929 in
2730 3855 2950 3930 rebus
3002 3875 3218 3930 mere

521 3968 1044 4059 spiritualibuS,
1103 3968 1392 4039 minime
1445 3987 1611 4039 vero
1664 3969 1738 4039 in
1794 3971 2028 4041 causis
2097 3971 2559 4042 contentiosis
2610 3971 2758 4041 sive
2820 3969 3213 4059 civilibus,

518 4081 667 4152 sive
719 4079 1216 4153 criminalibus
1268 4085 1339 4151 et
1390 4080 1657 4167 mixtiS,
1699 4080 1919 4152 veluti
1972 4081 2235 4152 diserte
2304 4087 2811 4170 praemonetur
2863 4080 2936 4151 in
2993 4100 3221 4152 exor-

520 4189 638 4263 dio
692 4192 1010 4264 eiusdem
1066 4186 1661 4278 Innocentianae‚
1711 4199 1932 4281 atque
1985 4191 2164 4264 adeo
2214 4189 2289 4286 ἓ.
2351 4194 2433 4263 In
2485 4191 2830 4281 beneficiis
2883 4191 3223 4263 adverti-

517 4308 659 4389 tur,
700 4303 850 4375 fieri
889 4303 1150 4377 debere
1191 4325 1229 4369 ‹
1263 4303 1568 4376 alteram
1604 4308 1856 4374 laxam
1890 4323 2271 4375 causarum
2294 4305 2812 4395 profanarum,
2839 4301 3222 4387 civilium,

516 4414 1034 4503 criminalium,
1075 4421 1142 4488 et
1193 4416 1615 4487 mixtarum.
1662 4439 1700 4485 ›

667 4525 835 4594 223.
879 4523 962 4596 In
1000 4527 1271 4598 ditione
1308 4523 1675 4597 Pontificia
1716 4527 1911 4598 iuxta
1950 4527 2260 4598 edictum
2298 4523 2455 4597 Emi
2494 4524 2701 4598 Card.
2743 4523 3219 4616 Gamberini,

517 4631 890 4708 secretarii
927 4632 1198 4724 Status,
1239 4635 1379 4708 diei
1423 4637 1541 4708 17.
1582 4635 1752 4708 Dec.
1797 4637 2011 4708 1834.
2050 4634 2127 4732 ἓ.
2160 4638 2331 4708 351.
2372 4640 2718 4725 sancitur,
2757 4656 2852 4710 ne
2887 4638 3217 4729 indicam,
