3497 5235
598 288 718 372 302
1357 289 1727 350 lustrationis
1768 291 1824 348 Β.
1851 290 2033 364 Oongr.
2062 289 2209 349 Oeno.
2249 292 2521 366 expositio.

601 447 639 493 >
682 423 869 495 inter
922 432 1362 513 praesenteS‚
1402 432 1697 497 onerata
1752 425 2196 497 strictissime
2242 427 2541 498 oratoris
2580 426 3012 499 conscientia
3048 431 3255 520 super

601 558 639 601 ›
679 534 1039 607 omnibus.
1098 534 1203 607 Ad
1256 537 1327 607 2.
1388 554 1471 608 ac
1522 538 1597 608 3.
1656 537 1730 608 in
1785 553 1983 625 casu,
2024 538 2115 609 de
2169 556 2309 627 quo
2364 541 2601 629 agitur
2635 559 2779 611 non
2831 539 3255 630 expedire.»

594 644 807 719 Porro
861 647 1161 720 aderant
1219 647 1292 719 in
1344 646 1673 739 Capitulo
1722 643 2080 721 Nucerino
2145 650 2504 739 quaedam
2555 650 3101 725 distributiones
3149 672 3264 725 ex-

596 758 1140 848 traordinariae,
1183 778 1368 851 quae
1423 779 1509 831 ex
1548 763 1917 834 voluntate
1955 767 2379 834 testatorum
2417 762 2918 852 praesentibus
2953 771 3263 837 tantum-

598 874 808 945 modo
859 875 1154 966 rependi
1216 873 1589 963 solebant,
1648 893 1830 964 quas
1880 874 2183 968 proinde
2234 872 2307 945 S.
2348 871 2424 945 C.
2485 875 2714 947 noluit
2767 874 2858 946 ab
2916 873 3260 950 Antisario

596 985 892 1075 percipi.
935 983 1021 1058 Id
1058 994 1297 1059 autem
1335 1003 1725 1058 consonum
1766 993 1873 1058 est
1910 986 2067 1058 aliis
2104 985 2709 1058 declarationibus
2743 1007 2783 1057 a
2815 985 2887 1058 S.
2921 985 2996 1060 C.
3027 989 3258 1079 editis,

598 1099 1017 1187 praesertim
1069 1098 1144 1169 in
1197 1098 1557 1190 Aquilone
1609 1098 1880 1170 Indult.
1924 1098 2046 1169 26.
2083 1094 2246 1169 Iun.
2296 1098 2543 1186 1745„
2600 1099 2675 1170 in
2727 1116 2871 1188 qua
2923 1101 3260 1172 canonico

597 1208 877 1281 infirmo
931 1210 1196 1282 edixit:
1258 1232 1296 1274 ι
1330 1206 1581 1281 Deberi
1645 1210 1886 1281 omnia
1940 1208 2469 1298 emolumenta,
2526 1211 2841 1302 exceptis
2894 1211 3021 1300 iis,
3083 1231 3261 1302 quae

598 1343 638 1387 »
675 1320 826 1393 sive
877 1339 964 1393 ex
1016 1321 1607 1412 dispositionibus
1657 1325 2127 1410 testatorum,
2193 1321 2343 1394 sive
2393 1339 2484 1394 ex
2526 1326 2794 1395 statuto
2846 1327 2918 1393 et
2967 1341 3261 1396 consue-

597 1455 636 1499 »
677 1432 926 1504 tudine
946 1434 1285 1506 ecclesiae
1303 1432 1660 1505 debentur
1689 1438 1973 1503 tantum
2004 1439 2169 1505 actu
2198 1432 2756 1505 inservientibus
2774 1439 2848 1505 et
2874 1434 3258 1525 amplius.»

742 1545 864 1617 60.
921 1542 1172 1635 Neque
1222 1562 1387 1616 vero
1436 1544 1733 1618 eaedem
1783 1545 2253 1618 resolutiones
2291 1547 2365 1617 in
2402 1545 2766 1618 Nucerina
2803 1554 2872 1620 et
2909 1548 3261 1638 Aquilam

591 1656 683 1728 de
736 1656 1151 1730 amittendis
1177 1656 1810 1731 distributionibus
1846 1656 2035 1728 inter
2058 1662 2472 1747 praesentes
2497 1652 2892 1751 (quatenus
2927 1677 3263 1750 augmen-

593 1773 746 1841 tum
799 1769 1442 1860 comprebendunt,
1485 1769 1678 1858 quod
1728 1768 2024 1841 obvenit
2077 1788 2165 1842 ex
2217 1787 2359 1840 non
2395 1769 2976 1843 interessentium
3013 1769 3262 1843 fallen-

591 1877 746 1976 tiis)
798 1887 1127 1971 pugnant
1180 1898 1339 1951 cum
1393 1880 1527 1969 iis,
1589 1899 1782 1969 quae
1834 1880 1923 1952 de
1980 1881 2132 1953 iure
2185 1881 2472 1953 easdem
2524 1881 2970 1974 percipiendi
3022 1900 3105 1954 n.
3143 1882 3256 1954 54.

592 1991 801 2065 modo
856 1993 1265 2083 posuimus3
1323 1991 1421 2063 ibi
1476 1991 1664 2064 enim
1721 1992 1970 2083 regula
2010 1992 2362 2083 generalis
2417 1993 2797 2080 indicatur,
2838 2010 3025 2082 quae
3065 2011 3262 2066 exce-

592 2104 908 2194 ptionem
945 2104 1244 2193 patitur,
1279 2103 1569 2192 quando
1607 2102 1849 2175 obstat
1880 2109 2306 2177 testatorum
2337 2103 2691 2191 voluntas,
2725 2109 2848 2175 aut
2884 2110 3259 2195 statutum,

589 2214 703 2286 vel
757 2214 1226 2287 consuetudo.
1284 2212 1375 2286 Et
1425 2214 1611 2287 bene
1649 2213 1990 2287 distinxit
2027 2211 2100 2285 S.
2133 2213 2207 2286 C.
2249 2214 2441 2305 apud
2478 2212 2750 2287 Bened.
2791 2211 2984 2285 XIV.
3028 2217 3256 2288 Instit.

589 2327 757 2398 eccl.
803 2324 970 2398 107.
1012 2346 1088 2397 η.
1129 2326 1290 2408 46..
1328 2325 1451 2398 ubi
1495 2327 1784 2398 tametsi
1822 2325 1913 2397 ab
1953 2326 2234 2397 infirmo
2270 2325 2811 2398 distributiones
2850 2327 3108 2397 lucrari
3146 2328 3261 2399 de-

590 2436 957 2526 clarasset,
1016 2439 1263 2510 eodem
1321 2443 1636 2529 tempore
1689 2437 2003 2529 idipsum
2058 2440 2375 2530 negavit,
2418 2437 2708 2527 quando
2745 2437 2932 2510 adsit
2967 2457 3261 2511 consue-

589 2548 763 2620 tudo
816 2549 1212 2622 contraria:
1275 2572 1312 2613 ε
1343 2550 1403 2623 si
1455 2549 1900 2624 consuetudo
1952 2550 2047 2624 sit
2096 2551 2410 2644 legitime
2461 2551 2904 2642 praescripta
2940 2573 3009 2620 ›.

736 2663 855 2733 61.
889 2659 977 2732 In
1002 2662 1138 2735 bac
1166 2681 1240 2734 re
1268 2681 1438 2753 prae
1470 2662 1698 2735 oculis
1725 2662 2111 2735 habendae
2148 2669 2319 2735 sunt
2352 2661 2875 2736 declarationes
2903 2682 2944 2732 a
2975 2663 3049 2733 S.
3082 2660 3156 2734 C.
3180 2659 3253 2733 C.

588 2773 821 2846 editae
849 2775 924 2846 in
953 2775 1382 2848 Avenionen.
1414 2776 1672 2848 servit.
1714 2774 1904 2846 chor.
1928 2776 2049 2848 20.
2084 2772 2244 2846 Ian.
2276 2776 2520 2862 1787„
2555 2774 2628 2845 in
2656 2791 2799 2862 qua
2827 2773 3011 2846 haec
3046 2773 3258 2845 dubia

588 2884 1203 2977 proponebantur.
1266 2908 1303 2949 <c
1338 2886 1404 2956 1.
1447 2884 1558 2956 An
1611 2893 1683 2958 et
1737 2885 2093 2975 quomodo
2138 2886 2577 2958 sustineatur
2612 2885 2953 2957 resolutio
2987 2886 3254 2977 capitu-

590 3022 630 3065 »
670 2997 839 3069 laris
866 2996 956 3068 ab
988 2995 1535 3088 Archiepiscopo
1564 2997 2015 3085 confirmata,
2049 2997 2124 3069 in
2149 3016 2291 3087 qua
2321 2996 2635 3085 iubetur,
2667 3014 2759 3067 ne
2786 2997 2859 3067 in
2895 3004 3251 3088 posterum

589 3135 629 3178 ι»
672 3110 1169 3182 attestationes
1218 3109 1658 3199 recipiantur
1711 3109 1805 3180 ad
1861 3126 1980 3181 eos
2023 3110 2471 3182 excusandos
2506 3108 2598 3180 ab
2633 3109 2826 3181 boris
2862 3109 3244 3194 matutiniS‚

590 3246 628 3289 »
671 3222 795 3310 qui
856 3221 1043 3292 soliti
1112 3240 1258 3293 non
1310 3226 1480 3293 sunt
1550 3216 1947 3292 interesse?
2001 3222 2073 3291 2.
2136 3219 2240 3292 An
2292 3227 2363 3293 et
2415 3219 2769 3311 quomodo
2820 3222 3257 3293 sustineatur

589 3357 627 3400 ›
668 3332 917 3404 eadem
955 3333 1292 3404 resolutio
1328 3334 1596 3423 pariter
1634 3332 2086 3418 confirmata,
2129 3333 2201 3402 in
2233 3351 2375 3421 qua
2415 3339 2706 3404 cautum
2741 3338 2879 3421 est,
2922 3350 3013 3405 ne
3046 3332 3256 3404 binae

588 3467 626 3510 »
668 3444 1164 3515 attestationes
1199 3443 1698 3516 consecutivae
1739 3443 1981 3515 favore
2017 3444 2231 3516 unius
2268 3443 2730 3533 eiusdemque
2768 3462 3119 3535 personae
3155 3461 3257 3515 re-

588 3578 625 3621 >
668 3557 1051 3646 cipiantur,
1110 3556 1247 3627 nisi
1301 3555 1681 3627 infirmitas
1735 3556 1911 3627 satis
1964 3557 2081 3643 sit,
2140 3574 2327 3645 quae
2380 3577 2419 3627 a
2472 3552 2727 3629 Missae
2783 3557 3254 3630 celebratione

587 3693 625 3736 ›
666 3663 1034 3741 detineat?
1091 3671 1161 3740 3.
1212 3667 1312 3740 An
1365 3674 1435 3740 et
1491 3667 1852 3758 quomodo
1919 3670 2361 3742 sustineatur
2413 3668 2663 3741 eadem
2715 3670 3054 3743 resolutio
3104 3668 3248 3760 pari

586 3806 626 3849 ι»
668 3781 876 3852 modo
930 3781 1376 3868 confirmata,
1418 3781 1492 3853 in
1548 3798 1694 3869 qua
1745 3787 2041 3853 cautum
2077 3787 2211 3869 est,
2253 3797 2343 3852 ne
2380 3782 2880 3854 attestationes
2915 3783 3254 3872 recipian-

584 3915 623 3962 ιι
664 3900 808 3980 tur,
867 3910 1053 3981 quae
1104 3891 1572 3965 habitualiter
1626 3912 1708 3962 ac
1764 3892 2120 3982 periodice
2175 3892 2633 3980 exhibentur,
2690 3894 2829 3964 nisi
2884 3893 3252 3965 infirmitas

585 4028 624 4072 ›
666 4005 759 4075 sit
809 4003 1028 4096 probe
1082 4004 1362 4095 cognita
1417 4009 1486 4075 et
1540 3999 1961 4076 declarata?
2018 4003 2087 4073 4.
2153 4002 2256 4074 An
2308 4010 2380 4075 et
2417 4003 2769 4094 quomodo
2821 4006 3253 4077 sustineatur

585 4140 624 4184 ›
666 4116 919 4187 eadem
970 4115 1333 4201 resoluti0‚
1389 4121 1470 4187 ut
1523 4134 1748 4206 supra
1801 4115 2248 4203 confirmata,
2306 4115 2381 4186 in
2435 4134 2577 4205 qua
2631 4121 2923 4188 cautum
2978 4123 3107 4203 est,
3161 4128 3250 4183 ne

584 4250 622 4296 »
665 4228 1161 4298 attestationes
1236 4226 1677 4316 recipiantur
1745 4245 1874 4316 pro
1947 4228 2395 4318 exemptione
2447 4227 2539 4298 ab
2593 4226 2929 4299 omnibus
2982 4224 3244 4309 officiiS,

583 4361 621 4407 »
662 4338 801 4409 nisi
855 4338 1235 4411 infirmitas
1283 4338 1451 4410 talis
1504 4338 1623 4425 sit,
1686 4356 1878 4427 quae
1915 4358 1955 4408 a
1993 4339 2472 4411 celebratione
2526 4335 2783 4411 Missae
2831 4338 3139 4412 detineat
3172 4336 3250 4404 in

583 4472 621 4516 ι
661 4444 874 4521 casu?
907 4475 946 4517 ι»
1002 4449 1077 4522 S.
1117 4448 1192 4521 C.
1235 4450 1649 4541 rescripsit:
1696 4472 1734 4514 «
1776 4447 1878 4520 Ad
1912 4452 2263 4541 primum:
2305 4448 2745 4523 Affirmative
2780 4452 2856 4522 in
2896 4448 3240 4522 omnibuS.

582 4585 621 4629 ›
660 4558 768 4632 Ad
820 4563 892 4632 2.
928 4564 999 4632 3.
1043 4569 1114 4635 et
1167 4563 1268 4633 4.:
1324 4559 1667 4654 Negative
1721 4568 1793 4634 et
1849 4564 2182 4656 ampliuS‚
2242 4569 2312 4634 et
2366 4561 2459 4633 ad
2509 4569 2880 4652 mentem;
2938 4570 3005 4635 et
3053 4572 3251 4630 mens

582 4696 621 4740 ›
661 4677 797 4760 est,
839 4675 1334 4746 attestationes
1369 4693 1410 4746 a
1448 4673 1740 4746 medicis
1795 4690 1950 4747 esse
2004 4694 2166 4747 cum
2220 4675 2618 4748 iuramento
2666 4670 3243 4754 subscribendaS‚
