3497 5235
1035 305 1156 381 esp:
1182 305 1280 365 111.
1317 307 1391 365 n.
1431 273 1564 365 «ιη’.
1606 305 1879 364 mantnt
1923 308 1976 382 g.
2006 306 2054 365 ι.
2758 302 2878 368 293

262 434 512 524 »liqui,
566 437 826 526 quavis
874 437 1267 511 collusione
1320 445 1445 511 aut
1500 440 1917 511 remissione
1972 438 2290 528 exclusa,
2328 438 2442 511 bis
2477 446 2878 512 careant».

259 568 291 613 ‹
320 543 593 619 Collusio
630 549 869 621 evenit
903 543 1153 642 (verba
1189 557 1360 623 sunt
1393 547 1664 623 Bened.
1706 547 1901 621 XIV.
1945 551 2121 623 1ηεί.
2161 551 2329 622 eccl.
2368 549 2535 624 107.
2589 570 2663 622 n.
2694 549 2884 649 42),

260 659 580 747 »quando
633 660 848 732 choro
898 661 1166 734 addicti
1219 663 1525 734 invicem
1561 662 2001 734 conveniunt
2037 663 2126 735 de
2186 681 2328 735 non
2392 664 2728 736 notandis
2763 663 2893 736 ab-

258 794 288 837 ›
317 769 565 860 seutiis,
607 775 936 861 quamvis
972 773 1308 848 absentes
1344 792 1589 847 revera
1624 772 1917 846 fuerint.
1951 770 2306 846 Remissio
2342 779 2515 846 tunc
2549 775 2884 865 habetur,

258 903 287 946 ›
319 898 453 951 cum
503 901 673 973 pars
723 904 868 956 una
936 892 1191 977 sponte
1256 905 1340 958 ac
1391 887 1546 957 sine
1597 885 1747 956 ulla
1810 886 2284 957 conventione
2348 885 2891 959 distributiones

258 1012 288 1057 ›
318 993 754 1080 quotidianas
788 997 992 1070 alteri
1043 999 1234 1090 parti
1270 998 1566 1070 remittit
1617 1015 1702 1068 ac
1755 996 2124 1086 relinquit.
2168 993 2566 1086 Utrumque
2603 1015 2886 1069 sacrum

257 1100 680 1177 »Concilium
754 1109 1163 1198 gravissime
1231 1108 1590 1199 improbat
1660 1115 1881 1198 atque
1933 1107 2323 1181 interdicit.
2360 1132 2398 1175 ›
2452 1105 2639 1180 Hinc
2690 1107 2762 1179 S.
2803 1106 2878 1181 C.

253 1210 425 1286 Conc.
455 1219 650 1310 apud
685 1221 1014 1293 eumdem
1047 1219 1463 1294 Pontificem
1492 1222 1622 1293 loc.
1658 1221 1782 1293 cit.
1814 1240 2006 1293 anno
2028 1219 2243 1294 1621.
2277 1215 2440 1315 (lib.
2474 1219 2590 1294 12.
2624 1221 2880 1293 decret.

247 1345 383 1420 paq.
416 1326 626 1426 149.)
658 1353 695 1399 ‹
728 1334 1032 1421 censuit,
1065 1333 1513 1421 canonicum,
1548 1338 1626 1404 ut
1663 1334 2109 1426 proponitur,
2143 1332 2517 1404 absentem
2554 1332 2886 1424 punctari

253 1440 580 1530 ulchere,
637 1461 771 1516 nec
823 1444 1033 1517 licere
1087 1445 1451 1517 canonicis
1502 1445 1754 1517 eadem
1809 1451 2106 1536 puncta,
2164 1462 2290 1517 seu
2344 1445 2886 1518 distributiones

253 1573 284 1615 ν
315 1553 753 1641 quotidianas
804 1543 1181 1629 remittere
1217 1564 1342 1629 aut
1377 1557 1812 1645 condonare,
1855 1575 2019 1629 cum
2057 1557 2404 1629 eiusmodi
2460 1556 2887 1628 collusiones

252 1684 282 1729 ›
315 1671 425 1737 aut
457 1666 908 1741 remissiones
958 1686 1248 1759 prorsus
1299 1669 1665 1742 sustulerit
1716 1668 2037 1740 eiusdem
2090 1665 2379 1741 Concilii
2418 1668 2780 1740 decretum
2809 1690 2880 1738 ›.

250 1770 322 1846 Et
351 1777 457 1849 die
486 1778 603 1848 14.
647 1774 983 1850 Decemb.
1025 1779 1343 1852 eiusdem
1380 1782 1553 1852 anni
1589 1775 1744 1874 (lib.
1779 1779 1895 1853 12.
1930 1780 2185 1852 decret.
2212 1798 2383 1872 paq.
2413 1774 2632 1875 235.)
2669 1797 2892 1869 quae·

246 1886 434 1958 situm
484 1888 660 1962 fuit:
724 1910 761 1956 α
806 1887 911 1961 An
960 1886 1355 1983 Episcopus
1406 1911 1534 1965 seu
1585 1891 1994 1985 Capitulum
2052 1893 2276 1984 possit
2326 1890 2729 1964 condonare
2783 1891 2891 1963 di·

244 1997 683 2073 stributiones
737 2002 1196 2090 quotidianas
1245 2005 1638 2093 canoniciS,
1680 2005 1945 2094 quibus
1998 2005 2179 2077 alias
2230 2021 2376 2075 non
2428 1999 2884 2076 debentur‘ss»

245 2103 307 2177 S.
355 2108 429 2182 C.
479 2110 553 2183 C.
611 2114 914 2185 censuit:
978 2136 1016 2181 ι
1046 2110 1203 2186 Non
1255 2134 1465 2210 posse
1498 2139 1566 2185 ›.

373 2223 487 2294 43.
545 2221 638 2297 Ut
674 2233 912 2297 autem
965 2226 1436 2300 saluberrima
1490 2227 1764 2299 isthaec
1816 2227 2198 2317 disciplina
2235 2225 2324 2297 de
2361 2225 2888 2298 distributioni-

242 2328 389 2421 bus,
438 2353 563 2407 seu
612 2339 1064 2427 punctaturis
1114 2339 1555 2411 exsecutioni
1609 2337 1890 2411 facilius
1960 2357 2044 2410 ac
2113 2337 2395 2409 fidelius
2467 2336 2888 2409 demandari

239 2454 482 2536 posset,
524 2445 597 2519 S.
654 2446 945 2521 Carolus
994 2447 1463 2523 Borromaeus
1515 2450 1891 2523 officialem
1946 2450 2111 2540 eligi
2162 2449 2554 2540 praecepit,
2598 2449 2886 2523 nomine

235 2564 756 2647 punctatorem,
815 2561 1016 2634 cuius
1086 2581 1346 2635 munus
1398 2580 1553 2635 esse
1604 2561 1869 2636 debeat
1940 2561 2271 2634 notandi·
2309 2579 2608 2650 omneS,
2667 2562 2792 2650 qui
2842 2580 2888 2633 a

237 2666 433 2743 choro
457 2679 701 2745 contra
728 2692 938 2744 suum
966 2673 1276 2747 officium
1307 2673 1693 2747 abfuerint.
1722 2673 2243 2746 Animadvertit
2270 2670 2541 2745 Bened.
2582 2669 2770 2743 XIV.
2804 2673 2888 2746 de

237 2779 399 2869 Syn.
452 2783 667 2856 dioec.
726 2785 848 2856 lib.
908 2785 1029 2857 IV.
1088 2806 1246 2878 cap.
1302 2786 1375 2857 A.
1434 2805 1509 2857 n.
1565 2785 1638 2858 2.
1680 2785 2089 2858 huiusmodi
2141 2784 2518 2857 officialem
2572 2784 2888 2873 antiqui-

233 2894 341 2964 tus
391 2897 830 2968 nominatum
887 2897 1105 2970 fuisse
1159 2898 1744 2981 obedientialem,
1799 2898 2006 2988 quasi
2083 2915 2173 2968 ex
2229 2914 2422 2968 mera
2474 2895 2889 2967 obedientia

231 3019 480 3079 munus
530 3009 842 3080 invisum
894 3009 1154 3097 obiret,
1194 3010 1388 3099 quod
1440 3010 1653 3082 situm
1707 3016 1819 3083 est
1871 3011 1944 3082 in
1996 3009 2230 3081 aliena
2270 3007 2709 3100 negligentia
2760 3025 2891 3077 no-

235 3118 473 3190 tanda.
543 3138 550 3145 ·

364 3227 513 3303 Hoc
564 3233 971 3322 exemplum
1022 3233 1493 3305 communiter
1541 3230 1866 3323 Capitula
1919 3235 1993 3305 in
2045 3233 2197 3305 suis
2259 3230 2892 3304 constitutionibus

220 3342 529 3435 recipere
566 3350 639 3416 et
673 3345 937 3416 imitari
973 3350 1476 3418 consuescunt.
1516 3341 1751 3417 Huius
1785 3362 1995 3435 porro
2031 3343 2341 3416 officium
2391 3343 2890 3434 gravissimum

220 3467 373 3525 esse
424 3455 632 3527 docet
680 3453 950 3528 Bened.
1008 3452 1200 3527 XIV.
1259 3458 1437 3529 Inst.
1501 3454 1666 3529 107.
1723 3476 1800 3528 n.
1857 3456 2019 3539 43„
2048 3463 2119 3529 et
2171 3453 2244 3528 S.
2301 3454 2590 3527 Carolus
2640 3450 2894 3525 Borro-

218 3579 463 3639 maeus
515 3567 608 3638 ab
661 3568 816 3658 ipso
867 3567 1133 3639 ibidem
1171 3565 1517 3659 allegatus
1579 3566 2145 3660 praescribebat,
2179 3572 2259 3639 ut
2309 3571 2714 3660 punctator,
2762 3586 2799 3629 ‹
2828 3563 2891 3637 si

220 3697 258 3740 ›
299 3678 613 3769 aliquem
649 3680 909 3751 iniuria
948 3680 1238 3767 notarit,
1280 3680 1368 3751 de
1404 3698 1532 3751 suo
1569 3681 1633 3751 ei
1687 3678 2120 3766 satisfaciet3
2179 3680 2239 3750 si
2283 3696 2442 3749 vero
2493 3674 2889 3748 notandum

216 3809 256 3854 ›
296 3791 906 3879 praetermiserit,
965 3789 1054 3863 de
1106 3810 1233 3863 suo
1287 3791 1472 3863 idem
1528 3789 1979 3863 tantumdem
2033 3790 2207 3877 det,
2267 3789 2459 3878 quod
2533 3789 2607 3859 in
2666 3787 2894 3861 eccle-

217 3923 251 3965 »
293 3901 445 3973 siae
496 3920 707 3973 usum
760 3908 1240 3990 convertatur,
1298 3909 1369 3973 et
1421 3903 1735 3994 integras
1789 3903 2006 3975 unius
2084 3899 2583 3974 hebdomadae
2655 3898 2894 3971 distri-

211 4034 249 4078 »
290 4012 635 4087 butiones
689 4015 998 4088 amittat.
1027 4040 1065 4083 ›

364 4126 486 4198 44.
543 4125 1045 4200 Punctatorem
1097 4144 1241 4198 non
1293 4127 1626 4198 convenit
1696 4144 1853 4198 esse
1930 4124 2383 4218 capellanum
2437 4121 2891 4193 amovibilem

202 4238 300 4310 ad
361 4247 621 4311 nutum
673 4238 1007 4328 Capituli,
1050 4238 1342 4327 quando
1393 4238 1482 4309 de
1533 4234 1858 4328 Capitulo
1898 4255 2041 4308 non
2090 4237 2214 4323 sit,
2256 4240 2329 4306 et
2382 4234 2455 4303 in
2508 4232 2721 4306 choro
2760 4232 2890 4303 mi-

195 4350 412 4422 nime
446 4350 798 4438 resideat;
855 4350 954 4420 ita
1010 4345 1081 4419 S.
1125 4346 1198 4420 C.
1241 4346 1391 4421 Rit.
1436 4348 1552 4420 die
1594 4349 1708 4420 10.
1755 4345 1952 4437 Sept.
2000 4346 2214 4417 1701.
2274 4345 2349 4416 in
2393 4344 2674 4435 Corton.
2733 4361 2897 4433 pro·

195 4462 452 4554 posito
506 4462 622 4533 17.
682 4460 946 4533 dubio:
1024 4482 1061 4528 α
1112 4458 1218 4531 An
1269 4465 1653 4552 punctator
1704 4458 1899 4531 chori
1969 4458 2193 4548 possit
2246 4473 2403 4528 esse
2469 4454 2891 4547 capellanus

192 4597 233 4641 ›
279 4574 701 4646 amovibilis
735 4573 830 4645 ad
883 4577 1139 4645 nutum
1190 4564 1544 4662 Capituli?
1587 4594 1624 4638 »
1680 4569 2079 4660 respondit:
2143 4591 2180 4634 ι
2221 4573 2682 4659 punctatores
2734 4586 2889 4640 esse

186 4686 551 4758 convenit
601 4685 692 4758 de
744 4685 1010 4777 gremio
1060 4681 1366 4775 Capituli
1406 4680 1841 4755 cathedralis
1887 4686 1958 4754 et
2008 4679 2412 4753 residentes
2449 4681 2528 4752 in
2585 4679 2885 4753 choro».
