3497 5235
810 344 1086 420 Amris.
1123 344 1197 404 n·
1236 342 1603 403 sautu-inu
1641 342 2003 404 nme-uu
2043 300 2374 419 ‚xpo-iam.
2640 399 2649 411 ,
2808 338 2920 406 105

273 479 664 555 Grimaldus
717 499 848 573 per
896 478 1195 553 Galliam
1238 480 1755 569 disseminavit,
1813 498 1970 553 cum
2021 477 2267 551 Nuntii
2324 495 2612 550 munere
2666 478 2920 571 funge-

272 603 496 681 retur;
553 593 750 684 quod
796 594 1060 684 pariter
1095 593 1186 665 ab
1225 591 1714 664 Aurelianensi
1752 591 2036 682 Synodo
2073 593 2147 663 in
2185 591 2496 664 medium
2531 590 2910 681 profertur,

271 708 516 797 hisque
585 706 825 778 verbis
877 713 1241 778 exaratum
1294 704 1603 777 dicitur:
1680 727 1716 769 ι
1758 701 2217 796 congregatio
2268 700 2553 775 Consilii
2606 703 2912 790 censuit,

272 849 306 888 ν
347 839 488 892 non
525 821 739 894 licere
776 816 1290 912 RegularibuS,
1324 820 1539 893 etiam
1585 822 1658 893 in
1695 837 1939 892 eorum
1975 818 2318 906 ecclesiiS,
2378 816 2915 888 Sanctissimum

271 962 306 999 ι»
341 932 837 1008 Eucharistiae
888 930 1424 1005 Sacramentum
1476 932 1761 1024 publice
1816 929 2301 1003 venerandum
2355 946 2737 1020 exponere,
2778 928 2914 1000 nisi

273 1074 307 1112 ι
342 1065 430 1119 ex
484 1066 700 1119 causa
756 1044 1071 1138 publica,
1130 1063 1311 1135 quae
1364 1043 1663 1136 probata
1715 1045 1807 1116 sit
1861 1042 1952 1114 ab
2005 1037 2408 1113 Ordinatio.
2445 1065 2481 1108 »

333 1166 348 1173 ‘
410 1160 527 1229 11.
570 1158 740 1229 Cum
794 1165 1033 1230 tamen
1084 1158 1400 1228 veritatis
1451 1156 1856 1229 amicissimi
1893 1156 2140 1242 simuS,
2182 1161 2254 1226 et
2290 1153 2729 1244 transalpino
2764 1152 2915 1225 viro

265 1271 464 1343 facile
514 1271 907 1344 condonari
948 1276 1296 1359 oporteat,
1353 1270 1410 1341 si
1462 1267 1837 1343 Decretum
1875 1269 2226 1359 integrum
2267 1283 2411 1336 non
2446 1265 2910 1356 evulgaverit,

263 1402 412 1456 cum
468 1379 729 1456 Sacrae
780 1379 1360 1473 Congregationis
1412 1389 1570 1455 acta
1625 1398 1995 1471 nunquam
2050 1378 2465 1470 inspexerit,
2508 1377 2665 1449 ideo
2701 1377 2913 1469 plene

259 1496 483 1588 ipsum
558 1491 934 1567 Decretum
1005 1493 1550 1568 describendum
1620 1493 2233 1579 existimavimuS,
2308 1490 2910 1581 quemadmodum

260 1608 364 1679 die
420 1607 542 1678 17.
595 1607 885 1698 Augusti
939 1625 1125 1678 anno
1184 1607 1394 1680 1630.
1453 1607 1723 1679 editum
1777 1606 1934 1695 fuit,
1991 1624 2153 1678 cum
2188 1605 2277 1677 de
2314 1622 2529 1675 causa
2579 1598 2914 1692 Neapoli-

263 1728 425 1792 tana
462 1727 835 1811 ageretur:
897 1743 933 1785 ι
966 1716 1179 1793 Sacra
1207 1725 1343 1792 etc.
1379 1720 1683 1808 censuit,
1725 1737 1866 1791 non
1906 1719 2115 1790 licere
2149 1714 2658 1808 Regularibus‚
2692 1714 2906 1785 etiam

265 1857 298 1899 ›
335 1834 409 1904 in
444 1851 694 1904 eorum
730 1832 1031 1924 propriis
1066 1831 1381 1903 ecclesiis
1409 1828 1546 1928 (1),
1580 1829 2115 1912 Sanctissimum
2143 1825 2630 1901 Eucharistiae
2668 1823 2916 1898 Sacra-

269 1969 301 2010 »
341 1953 664 2018 mentum
716 1943 1001 2036 publice
1053 1943 1495 2017 adorandum
1552 1962 1933 2037 exponere,
1990 1943 2127 2014 nisi
2187 1960 2274 2013 ex
2326 1959 2540 2012 causa
2591 1939 2907 2032 publica,

267 2081 302 2122 ν
340 2074 529 2146 quae
582 2055 882 2148 probata
932 2057 1024 2127 sit
1076 2055 1167 2127 ab
1220 2053 1638 2144 Ordinari03
1695 2074 1782 2127 ex
1834 2074 2048 2129 causa
2087 2063 2324 2128 autem
2362 2053 2638 2146 privata
2673 2067 2907 2144 posse,

270 2194 304 2232 ι
337 2167 727 2240 dummodo
780 2165 1315 2241 Sanctissimum
1354 2165 1891 2242 Sacramentum
1928 2186 1966 2240 e
2002 2166 2463 2241 tabernaculo
2500 2183 2643 2236 non
2679 2169 2915 2236 extra-

270 2304 302 2345 »
333 2279 578 2366 batur,
611 2285 684 2351 et
718 2280 807 2352 sit
843 2279 1154 2352 velatum
1192 2280 1317 2369 ita,
1349 2288 1427 2354 ut
1463 2281 1619 2372 ipsa
1655 2299 1856 2353 sacra
1890 2277 2137 2351 Hostia
2175 2278 2394 2351 videri
2432 2294 2577 2349 non
2606 2275 2905 2368 possit.»

402 2393 518 2464 12.
562 2388 901 2474 Quamvis
951 2395 1084 2467 hoc
1134 2396 1494 2468 decretum
1544 2414 1672 2488 pro
1707 2394 2046 2488 peculiari
2083 2412 2297 2466 causa
2334 2391 2716 2465 iudicanda
2753 2408 2914 2482 pro-

267 2504 652 2596 mulgatum
703 2507 822 2594 sit,
877 2512 1114 2579 tamen
1170 2525 1296 2599 pro
1350 2508 1656 2600 generali
1709 2526 1954 2580 norma
1992 2507 2328 2596 deinceps
2379 2524 2421 2575 a
2476 2503 2686 2577 Sacra
2724 2500 2905 2576 Con-

268 2619 667 2709 gregatione
735 2626 1096 2713 receptum
1155 2619 1330 2708 fuit,
1386 2621 1485 2692 ita
1539 2627 1618 2693 ut
1669 2621 1947 2711 quoties
2012 2619 2226 2691 huius
2298 2619 2576 2710 generis
2645 2634 2902 2690 causae

267 2733 656 2822 propositae
708 2738 920 2822 sunt,
986 2732 1173 2806 idem
1241 2734 1699 2807 statuendum
1770 2731 2258 2824 responderit,
2315 2731 2504 2821 quod
2558 2731 2632 2802 in
2685 2748 2898 2802 causa

268 2838 724 2935 Neapolitana
764 2852 974 2917 antea
1011 2849 1363 2919 sancitum
1420 2847 1576 2920 [uit.
1615 2844 1726 2919 Ita
1766 2848 2059 2939 contigit
2111 2846 2225 2919 die
2275 2846 2394 2916 28.
2439 2842 2610 2916 Feb.
2651 2843 2900 2931 1654„

270 2949 373 3047 (in
396 2975 618 3028 causa
642 2964 774 3030 etc.
809 2958 929 3029 lib.
960 2957 1076 3033 19.
1107 2960 1375 3033 Decret.
1403 2960 1757 3053 pa9.316.
1792 2953 2299 3056 sequentibus),
2336 2976 2417 3031 ac
2452 2958 2566 3029 die
2601 2956 2715 3027 14.
2742 2954 2900 3048 Apr.

268 3084 443 3139 anno
481 3070 734 3158 1674„
775 3065 891 3166 (in
936 3091 1153 3144 causa
1186 3080 1314 3146 etc.
1360 3074 1477 3144 lib.
1512 3073 1635 3146 28.
1684 3092 1855 3165 paq.
1890 3067 2081 3168 72).
2139 3068 2337 3143 Idem
2392 3090 2432 3141 a
2486 3067 2695 3143 Sacra
2729 3065 2909 3141 Con-

269 3182 661 3272 gregatione
715 3179 1174 3274 Regularium
1228 3191 1299 3257 et
1348 3182 1855 3278 Episcoporum
1909 3183 2211 3275 negotiis
2278 3181 2681 3274 praeposita
2742 3197 2910 3253 con-

266 3294 578 3366 stitutum
636 3293 771 3366 fuit
821 3312 1010 3367 anno
1068 3297 1280 3368 1692.
1337 3297 1535 3369 velut
1586 3298 1770 3370 infra
1825 3295 2320 3388 explicabitur.

404 3406 515 3476 13.
557 3402 845 3496 Itaque,
886 3396 1061 3478 Qum
1108 3408 1318 3480 Sacra
1353 3405 1801 3481 Eucharistia
1840 3407 2113 3499 absque
2150 3406 2488 3481 facultate
2524 3413 2795 3496 nostra,
2834 3415 2906 3480 et

263 3515 536 3604 publica
587 3536 806 3589 causa
859 3520 1114 3614 exponi
1169 3528 1508 3610 nequeat,
1550 3527 1811 3593 etcum
1850 3519 2206 3593 Ecclesiae
2259 3520 2476 3613 legeS,
2517 3521 2905 3613 populique

264 3627 519 3700 cultum
587 3647 758 3721 erga
826 3631 1146 3705 divinum
1213 3632 1704 3706 Eucharistiae
1774 3632 2309 3706 Sacramentum
2377 3636 2651 3726 integre
2720 3634 2903 3706 tueri

263 3741 552 3813 maxime
604 3747 956 3834 optemuS‚
1017 3745 1172 3818 ideo
1223 3763 1668 3837 summopere
1721 3748 2297 3820 commendamus
2351 3767 2434 3819 ac
2488 3746 2897 3838 probamu8‚

262 3852 448 3939 quod
494 3854 567 3926 in
619 3853 756 3926 bac
797 3854 1082 3929 civitate
1117 3857 1418 3950 singulis
1456 3857 1711 3931 diebus
1746 3856 2193 3931 Eucharistia
2231 3859 2517 3952 publice
2554 3860 2625 3930 in
2664 3859 2903 3948 aliquo
2972 3862 2977 3869 ’

393 4242 472 4318 (1)
507 4249 588 4301 Ad
627 4265 740 4302 rem
779 4251 999 4303 faciunt
1037 4253 1164 4304 haec
1203 4254 1258 4308 S.
1292 4255 1359 4306 B.
1390 4257 1447 4309 C.
1490 4254 1818 4308 decretam
1845 4256 1935 4308 An
1974 4258 2193 4321 praeter
2232 4259 2535 4309 consuetas·
2563 4273 2773 4327 usuque
2821 4276 2904 4314 re

255 4335 442 4395 reptas
474 4333 626 4387 88ῶί
665 4337 1008 4388 Sacri-amenti
1045 4339 1436 4402 expositionem
1481 4340 1966 4392 extraordinariae
2005 4357 2216 4408 qnoque
2256 4343 2315 4393 in
2348 4343 2603 4394 ecclesiis
2630 4347 2903 4409 exemptis

255 4413 372 4466 fleri
411 4419 624 4480 possint
650 4420 857 4485 absque
885 4421 1119 4473 licentia
1145 4422 1474 4475 Ordinarii'?
1513 4425 1821 4490 Respondit
1848 4428 2143 4490 Negative.
2178 4429 2265 4479 31.
2296 4430 2462 4481 Mart.
2496 4429 2701 4485 1821.»
2678 4431 2905 4504 »-(Gar
2986 4442 2994 4452 ·

254 4498 455 4553 dellini
493 4518 633 4555 num.
662 4506 822 4559 4578.
854 4505 924 4557 ad
949 4505 1004 4558 4.
1013 4503 1051 4575 ).
1098 4509 1350 4561 «Utrum
1389 4510 1663 4561 servanda.
1690 4512 1771 4562 sit
1798 4512 2135 4563 consuetudo
2161 4514 2465 4578 exponendi
2492 4515 2749 4581 publicae
2779 4517 2907 4571 ado-

256 4586 468 4637 rationi
502 4585 720 4642 SSmum
757 4590 1169 4643 Sacramentum
1207 4595 1325 4645 tum
1364 4595 1424 4645 in
1463 4595 1716 4647 ecclesiis
1758 4597 2153 4662 Regularium‚
2194 4600 2314 4650 tum
2351 4599 2413 4651 in
2451 4601 2554 4666 iia,
2599 4602 2658 4653 in
2698 4603 2901 4668 quibus

258 4669 409 4721 adest
452 4671 721 4725 indultum
759 4676 1140 4740 Apostoh'cum
1179 4678 1508 4730 asservandi
1537 4680 1977 4747 Eucharistiam,
2011 4684 2130 4734 sine
2158 4683 2445 4737 ordinarii
2484 4686 2758 4739 licentia?
2796 4688 2902 4739 Re-

264 4754 486 4821 spondit
516 4758 783 4824 negative
823 4762 908 4814 16.
938 4762 1137 4815 Martii
1168 4761 1326 4817 1861.
1349 4782 1374 4811 n
1416 4760 1754 4835 (Gardellini
1793 4779 1943 4820 num.
1974 4767 2130 4822 5310.
2160 4767 2290 4824 dub.
2325 4767 2459 4839 13.).
