3497 5235
985 288 1104 362 (lap.
1130 287 1227 345 111.
1268 288 1339 344 Do
1380 286 1515 344 clero
1555 287 1825 345 saecului.
1871 288 1923 360 Ε.
1951 291 2009 344 3.·
2711 288 2833 350 339
2874 277 2877 280 ’

229 425 854 500 administrationem
893 441 935 491 a
972 439 1190 492 censu
1229 421 1602 509 capitulari
1643 423 2039 492 seiunctam
2076 426 2461 495 retineant.
2496 420 2646 504 Quo
2675 426 2834 513 qui-

229 544 356 614 dem
385 542 447 611 in
480 557 669 623 casu,
711 537 768 606 si
807 549 952 608 non
1005 535 1191 607 adsit
1232 554 1468 607 massa
1513 554 1639 625 pro
1677 536 2019 608 solvenda
2074 538 2523 629 eleemosyna
2577 537 2835 611 Missae

227 650 618 724 conventuali
656 647 926 734 debita,
967 647 1291 735 quaestio
1327 646 1717 734 suboritur,
1750 666 1836 718 ex
1865 649 2128 736 quibus
2164 650 2375 721 bonis
2410 670 2642 722 massa
2672 669 2833 722 eum
2876 701 2880 705 Α

228 765 284 835 in
324 764 510 833 finem
552 758 996 831 conficienda
1032 757 1311 829 desumi
1347 757 1652 829 debeat:
1713 760 2022 830 iamvero
2059 780 2363 850 pronum
2400 770 2508 833 est
2543 782 2839 853 respon-

227 877 380 962 dere,
415 893 493 945 ex
524 872 734 944 bonis
788 870 879 942 ad
925 888 1179 962 corpus
1215 871 1748 959 capellanorum
1802 870 2329 961 pertinentibus
2383 875 2833 947 conflandam
2872 896 2881 932 ss

227 1006 347 1059 esse
377 1005 491 1076 pro
524 983 993 1076 persolvenda
1044 984 1496 1071 eleemosyna
1542 983 1826 1053 illarum
1863 979 2264 1071 lllissarum,
2306 1004 2491 1074 quae
2516 1006 2565 1055 a
2602 987 2840 1077 capel-

222 1100 369 1170 lanis
398 1097 704 1188 perlitari
743 1095 1052 1181 debent3
1111 1115 1193 1166 ac
1243 1094 1566 1166 similiter
1599 1114 1686 1166 ex
1724 1113 1944 1167 censu
1981 1097 2356 1187 capitulari
2395 1099 2838 1169 constituen-

222 1210 352 1280 dam
396 1228 545 1283 esse
608 1226 915 1279 massam
984 1225 1109 1296 pro
1164 1207 1632 1296 eleemosynis
1699 1225 1829 1297 per
1879 1209 2256 1279 canonicos
2316 1208 2830 1299 persolvendis,

221 1324 394 1395 veluti
428 1326 497 1395 S.
523 1321 602 1395 C.
636 1323 870 1394 tenuit
897 1322 970 1390 in
999 1320 1296 1391 Ianuen.
1333 1316 1527 1390 Miss.
1561 1338 1765 1390 conv.
1800 1316 2039 1392 8.1ul.
2071 1321 2283 1391 1843.
2318 1339 2400 1390 ac
2431 1321 2836 1410 nuperrime

219 1440 344 1523 post
387 1454 540 1508 acre
596 1441 956 1506 certamen
1036 1435 1110 1503 in
1175 1432 1641 1505 Volaterrana
1709 1431 1903 1506 miss,
1963 1453 2168 1505 conv.
2229 1435 2301 1505 6.
2360 1430 2528 1502 Maii
2586 1434 2835 1521 1865.;

219 1546 275 1616 in
319 1566 444 1636 qua
478 1548 775 1636 insuper
812 1547 1265 1636 eleemosyna
1305 1549 1735 1635 praestituta
1775 1546 1910 1617 suit
1962 1546 2053 1617 ad
2090 1550 2332 1616 taxam
2384 1544 2831 1632 synodalem.

334 1659 484 1729 133.
529 1656 744 1730 Missa
782 1658 1277 1729 conventualis
1314 1657 1640 1728 canenda
1677 1664 1786 1728 est
1820 1658 2022 1744 bora,
2059 1676 2277 1746 quam
2315 1654 2598 1728 rubrica
2635 1673 2843 1745 prae-

213 1767 443 1853 scribit,
485 1789 728 1859 neque
793 1769 1070 1840 attendi
1140 1775 1376 1860 potest
1439 1770 1877 1840 consuetudo
1948 1771 2161 1839 etiam
2225 1767 2836 1855 immemorabilis,

211 1886 272 1949 ut
312 1883 552 1954 eadem
594 1889 754 1972 post
800 1877 1078 1950 Nonam
1130 1881 1580 1952 decantetur.
1627 1877 1831 1967 Nam,
1874 1887 1953 1951 ut
1989 1887 2225 1952 exstat
2277 1881 2469 1970 apud
2522 1877 2834 1951 Gardell.

209 2011 266 2061 n.
314 1993 522 2067 4293.
585 1995 662 2063 in
728 1993 1128 2065 Venusino:
1177 2014 1214 2055 (ι
1253 1988 1582 2064 Porrecto
1636 1992 1708 2061 S.
1752 1988 1903 2062 Rit.
1960 1991 2501 2084 Congregationi
2557 1991 2877 2062 nomine-

211 2104 561 2197 »Capituli
619 2112 691 2175 et
742 2104 1243 2176 canonicorum
1296 2103 1635 2175 ecclesiae
1705 2104 2135 2174 cathedralis
2206 2102 2613 2175 Venusinae
2676 2120 2853 2192 sup-¹

206 2242 236 2283 ›
269 2217 419 2306 plici
473 2217 719 2288 libello
756 2233 882 2306 pro
933 2215 1362 2286 resolutione
1399 2217 1769 2304 sequentis
1822 2216 2058 2288 dubii:
2124 2218 2224 2287 An
2273 2213 2487 2285 Missa
2540 2208 2878 2286 comen--

208 2352 234 2390 ν
267 2330 495 2415 tualis,
541 2333 818 2399 attenta
858 2326 1399 2398 immemorabili
1439 2329 1982 2416 consuetudine,
2026 2330 2184 2399 caui
2238 2328 2462 2418 possit
2515 2334 2675 2417 post
2710 2322 2881 2397 No->

204 2464 233 2503 »
267 2459 450 2527 nam,
493 2457 647 2510 non
700 2437 1155 2509 obstantibus
1208 2438 1510 2510 rubricis
1567 2440 2021 2530 generalibus
2082 2437 2387 2512 Missalis
2439 2442 2515 2511 in
2568 2448 2849 2510 contra-
2876 2455 2884 2492 1

201 2553 434 2624 >rium
492 2549 1090 2643 disponentibus?
1147 2549 1218 2645 S.
1280 2549 1496 2644 Cong.
1555 2551 1647 2624 ad
1699 2554 2118 2626 relationem
2197 2555 2332 2624 mei
2411 2551 2850 2642 infrascripti

197 2686 226 2725 ι
261 2662 637 2736 Secretarii
691 2648 1270 2755 respondendum
1309 2666 1625 2736 censuit:
1667 2663 2039 2757 Negative,
2080 2674 2152 2738 et
2204 2666 2441 2756 quoad
2485 2666 2698 2736 horas
2734 2678 2887 2735 ce-·

194 2774 591 2847 »lebrandi
648 2772 898 2846 Missas
951 2777 1458 2848 conventuales
1511 2777 1599 2848 de
1637 2777 1919 2850 Sanctis
1964 2785 2034 2849 et
2073 2778 2160 2849 de
2213 2777 2416 2864 feria,
2458 2776 2849 2847 servandas

195 2911 228 2949 ν
259 2905 407 2959 esse
461 2888 794 2959 rubricas
847 2884 1153 2959 Missalis
1203 2885 1539 2958 Romani.
1585 2890 1712 2960 Dle
1768 2890 1838 2961 9.
1882 2891 2059 2980 Auq.
2106 2889 2194 2961 17
2203 2890 2320 2961 60.
2368 2912 2405 2956 »

321 3001 493 3071 134.
542 2997 895 3081 Quoniam
948 3017 1112 3071 vero
1165 3000 1254 3071 de
1308 3000 1621 3072 secunda
1693 3020 1774 3070 ac
1837 3003 2048 3073 tertia
2111 2998 2326 3070 Missa
2397 2996 2851 3069 conventuali

187 3108 266 3181 de
315 3112 611 3183 Sanctis
659 3118 729 3182 et
782 3110 869 3181 de
906 3111 1082 3182 seria
1120 3111 1370 3183 incidit
1426 3113 1718 3199 mentm,
1762 3131 1905 3182 non
1945 3113 2078 3183 erit
2130 3113 2691 3200 inopportunum
2726 3107 2854 3178 ad-

182 3222 336 3294 dere
388 3225 649 3312 aliqua
706 3221 798 3292 ad
848 3222 1255 3294 huiusmodi
1337 3218 1588 3295 Missas
1662 3224 2123 3313 pertinentia.
2183 3219 2268 3293 In
2333 3220 2853 3292 Constitutione

179 3331 338 3404 Cum
394 3352 676 3424 semper
712 3318 978 3405 Bened.
1030 3329 1222 3404 XIV.
1290 3335 1731 3407 declaratum
1785 3342 1936 3423 est,
1997 3334 2549 3425 applicationem
2600 3331 2855 3401 barum

177 3440 566 3517 Missarurn
635 3446 779 3516 vim
839 3444 1105 3517 habere
1179 3446 1546 3538 obligandi
1607 3450 1684 3518 in
1744 3448 1831 3517 iis
1900 3445 2284 3537 CapituliS,
2367 3445 2490 3516 ubi
2562 3461 2859 3515 consue-

171 3556 341 3629 tudo
397 3557 705 3630 easdem
759 3558 1171 3649 applicandi
1225 3559 1574 3648 viguerit:
1633 3558 1924 3630 minime
1986 3575 2148 3629 vero
2203 3557 2638 3646 ubicumque
2692 3573 2860 3626 con-

170 3670 486 3741 suetudo
544 3669 750 3740 aliter
802 3669 1010 3741 ferat.
1052 3667 1160 3740 Ex
1215 3689 1356 3759 quo
1409 3673 1585 3742 satis
1636 3671 2008 3760 perspicue
2073 3670 2467 3762 colligitur,
2534 3667 2857 3739 eiusdem

166 3780 743 3853 celebrationem
795 3782 942 3853 sive
995 3800 1154 3852 cum
1219 3781 1734 3872 applicatione,
1794 3783 1942 3853 sive
2006 3784 2236 3854 secius
2287 3784 2362 3853 in
2415 3800 2544 3853 suo
2606 3779 2857 3852 robore

159 3909 611 3982 permanere
666 3894 863 3964 iuxta
917 3894 1550 3984 praescriptionem
1603 3894 1934 3975 rubricae
1989 3894 2370 3985 generaliS,
2435 3892 2639 3964 cuius
2693 3909 2862 3962 exa·-

159 4006 580 4077 ctissimam
634 4004 1031 4078 custodiam
1084 4006 1346 4078 diserte
1402 4006 1855 4077 commendat
1890 4011 1961 4076 et
2012 4006 2323 4076 inculcat
2361 4021 2443 4074 eo
2493 4003 2626 4073 loci
2681 3998 2862 4072 Pon·-

159 4116 337 4189 tisex
398 4118 897 4190 doctissimus
941 4113 1186 4207 Neque
1225 4118 1619 4204 immerito;
1669 4135 1839 4187 nam
1892 4118 1963 4186 S.
2005 4111 2077 4188 C.
2121 4112 2416 4186 Rituum
2451 4110 2861 4185 renovando

155 4229 342 4300 alias
405 4228 617 4301 edita
668 4227 984 4318 decreta,
1051 4246 1138 4299 ex
1191 4229 1478 4300 oraculo
1542 4225 1738 4299 SSmi
1807 4227 2129 4298 rubricas
2180 4223 2484 4296 Missalis
2553 4222 2861 4297 Romani

145 4343 454 4413 servari
513 4342 589 4411 in
642 4339 976 4411 omnibus
1029 4347 1099 4412 et
1152 4359 1278 4431 per
1329 4341 1568 4411 omnia
1632 4339 2047 4430 praecepit,
2107 4355 2252 4407 non
2303 4336 2638 4409 obstante
2690 4356 2869 4427 quo-

149 4470 501 4544 cumque
555 4458 935 4543 praetextu
989 4457 1062 4524 et
1113 4453 1470 4524 contraria
1506 4449 2053 4537 consuetudine,
2094 4466 2313 4538 quam
2349 4447 2654 4521 abusum
2709 4467 2867 4522 esse

138 4563 611 4653 declaravit,
653 4581 784 4636 ceu
834 4562 1051 4636 refert
1101 4560 1485 4656 Fagnanus
1538 4563 1613 4636 in
1660 4563 1829 4655 Cap.
1871 4557 2044 4633 Cum
2097 4569 2426 4635 creatura
2478 4562 2563 4637 de
2613 4564 2859 4638 celebr.

125 4675 369 4751 Alias.
450 4694 650 4750 num.
706 4674 835 4750 29.
