3497 5235
529 272 650 336 202
1284 272 1654 330 humationi·
1695 271 1746 330 Β.
1779 272 1961 347 Oongr.
1990 272 2136 332 Onne.
2176 274 2450 349 expositio.

530 438 569 480 ›
609 413 888 485 dierum
925 411 1048 481 24.
1088 409 1382 501 Augusti
1426 410 1638 481 1619.
1680 415 1752 481 et
1794 409 2008 481 1675.
2050 409 2185 481 sub
2223 410 2339 482 die
2375 412 2496 482 20.
2524 405 2717 495 Iulii,
2763 409 2945 483 [acto
2982 412 3189 485 verbo
3296 422 3299 423 *

533 548 573 593 »
614 542 774 596 cum
830 524 1071 595 SSmo.
1102 548 1138 591 »

671 632 869 706 Haec
921 641 1161 707 autem
1217 632 1502 707 decreta
1555 639 1804 724 utpote
1859 633 2114 705 iisdem
2183 634 2421 706 verbis
2474 635 2778 725 repetita
2830 635 2922 707 ad
2973 654 3193 707 unum

529 745 1072 838 redigebantur,
1131 745 1322 836 quod
1377 751 1529 817 erat
1579 746 1879 831 tenoris,
1938 750 2017 816 ut
2070 746 2398 834 sequitur
2449 764 2537 817 ex
2590 743 2751 815 Lib.
2800 747 2914 817 12.
2970 748 3198 819 decre-

527 865 757 932 torum
810 878 976 950 pag.
1018 859 1138 929 22.
1182 876 1264 928 ac
1300 858 1420 929 23.
1485 878 1522 923 ‹
1563 853 1637 927 S.
1679 855 1753 930 C.
1797 857 2103 939 censuit,
2145 856 2558 947 Superiores
2594 856 2956 947 regulares
2991 874 3193 947 posse

527 995 566 1039 »
607 989 737 1042 suo
789 970 1082 1041 arbitrio
1134 969 1379 1041 itidem
1433 965 1803 1059 Regulari,
1862 969 1986 1058 qui
2039 968 2411 1059 praeditus
2447 967 2923 1058 qualitatibus
2956 971 3197 1059 requi-

530 1107 568 1147 ι»
609 1082 766 1152 sitis
819 1077 1123 1152 Ordines
1184 1080 1547 1170 suscipere
1617 1080 1964 1168 voluerit,
2023 1080 2268 1151 literas
2318 1080 2755 1151 dimissorias
2808 1082 3195 1154 concedere

526 1217 564 1260 »
605 1193 697 1264 ad
750 1190 1180 1284 Episcopum
1233 1197 1478 1265 tamen
1530 1193 2062 1279 dioecesanum,
2112 1210 2369 1283 nempe
2408 1193 2604 1264 illius
2641 1196 3084 1283 monasterii,
3127 1197 3197 1265 in

529 1328 567 1370 ι»
606 1304 813 1376 cuius
866 1302 1137 1375 familia
1189 1304 1280 1376 ah
1335 1306 1447 1389 iis,
1491 1304 1581 1376 ad
1618 1322 1800 1394 quos
1838 1305 2175 1395 pertinet,
2219 1305 2277 1376 is
2313 1301 2696 1396 Regularis
2731 1306 3010 1395 positus
3048 1306 3201 1379 tue-

527 1438 566 1482 »
608 1416 725 1501 rit,
783 1420 856 1486 et
907 1416 967 1486 si
1020 1415 1487 1488 dioecesanus
1532 1414 1872 1502 abfuerit,
1928 1414 2038 1486 vel
2095 1433 2238 1487 non
2276 1422 2462 1488 esset
2499 1415 2879 1489 habiturus
2914 1417 3204 1489 ordina·

525 1550 563 1593 a>
603 1527 902 1615 tionem,
961 1527 1071 1600 vel
1126 1527 1345 1599 Sedes
1398 1527 1829 1619 episcopalis
1882 1533 2192 1615 vacaret,
2252 1528 2342 1599 ad
2395 1545 2925 1617 quemcumque
2976 1530 3199 1602 alium

528 1661 566 1704 a>
606 1634 1063 1730 Episcopum,
1123 1639 1507 1710 dummodo
1557 1644 1803 1710 tamen
1848 1637 1940 1709 ab
1977 1657 2060 1709 eo
2096 1635 2476 1731 Episcopo,
2520 1639 2645 1728 qui
2682 1634 2987 1711 Ordines
3025 1658 3199 1713 con-

513 1758 564 1816 s
602 1751 873 1838 tulerit,
931 1751 1376 1822 examinetur
1429 1750 1667 1840 quoad
1719 1751 2173 1837 doctrinam3
2230 1757 2300 1823 et
2352 1752 2522 1824 dum
2595 1751 2728 1842 ipsi
2798 1749 3202 1843 Regulares

525 1884 564 1929 ›
605 1879 750 1932 non
801 1863 1216 1934 distulerint
1268 1863 1356 1935 de
1409 1864 1768 1935 industria
1803 1863 2334 1934 concessionem
2371 1862 2954 1935 dimissorialium
2996 1864 3088 1935 ad
3132 1867 3203 1939 id

524 1996 563 2041 ›
605 1978 916 2065 tempuS,
973 1992 1115 2063 quo
1166 1971 1564 2066 Episcopus
1615 1975 2085 2046 dioecesanus
2122 1974 2229 2047 vel
2267 1972 2604 2059 abfuerit,
2644 1975 2756 2047 vel
2795 1976 3034 2047 nullas
3069 1978 3205 2048 ha-

525 2106 564 2144 »
604 2082 887 2155 biturus
939 2091 1048 2157 est
1096 2086 1607 2158 ordinationes,
1667 2082 1947 2158 Verum.
1982 2104 2144 2157 cum
2199 2105 2239 2156 a
2293 2084 2797 2177 Superioribus
2849 2089 3204 2179 regulari-

529 2218 565 2262 »
605 2193 769 2283 hus,
801 2193 1152 2287 Episcopo
1187 2197 1610 2270 dioecesano
1646 2197 1974 2284 absente,
2009 2198 2118 2270 vel
2147 2199 2631 2271 ordinationes
2668 2218 2809 2271 non
2845 2199 3199 2290 habente,

526 2306 853 2378 »literae
904 2307 1348 2380 dimissoriae
1400 2308 1794 2397 dabuntur,
1854 2310 1928 2379 in
1982 2310 2088 2380 eis
2140 2310 2389 2399 utique
2441 2309 2852 2382 huiusmodi
2899 2329 3201 2384 causam

527 2440 567 2485 »
606 2417 980 2491 absentiae
1028 2418 1431 2492 dioecesani
1468 2418 1829 2513 Episcopi,
1890 2420 1997 2493 vel
2035 2421 2568 2493 ordinationum
2626 2441 2765 2494 non
2819 2422 3205 2497 habenda-

525 2551 564 2596 »
602 2547 761 2599 rum
814 2531 1350 2622 exprimendam
1403 2550 1582 2603 esse.
1641 2529 1845 2613 Quod
1881 2532 1940 2602 si
1980 2528 2374 2625 Regulares
2410 2533 2791 2605 ordinandi
2829 2542 3209 2608 morentur

524 2665 562 2708 »
604 2640 679 2711 in
715 2645 1142 2715 monasterio
1170 2644 1456 2716 Nullius
1487 2644 1849 2725 dioecesis,
1877 2644 2289 2717 huiusmodi
2319 2646 2759 2717 dimissorias
2795 2647 3203 2720 conceden-

528 2776 567 2821 ›
607 2751 737 2824 das
790 2771 944 2826 esse
996 2755 1088 2826 ad
1140 2753 1572 2847 Episcopum
1626 2757 2064 2843 viciniorem,
2108 2757 2182 2828 in
2221 2774 2447 2846 eoque
2499 2758 2881 2847 procedere
2918 2761 3199 2847 omnia,

526 2888 563 2933 »
604 2883 790 2954 quae
843 2866 932 2938 de
984 2862 1336 2958 Episcopo
1389 2868 1815 2940 dioecesano
1865 2868 2194 2959 superius
2246 2870 2686 2961 praescripta
2739 2876 2934 2941 sunt.
2973 2894 3012 2939 ›

678 2979 840 3052 108.
900 2979 970 3053 Si
1024 2979 1463 3074 EpiscopuS,
1523 2983 1597 3052 in
1649 2983 1853 3054 cuius
1905 2982 2208 3055 dioecesi
2278 2981 2609 3073 religiosa
2663 2981 2915 3053 domus
2966 2984 3211 3056 conti-

521 3097 758 3177 netur,
816 3092 970 3164 sine
1023 3094 1208 3164 iusta
1263 3111 1479 3165 causa
1532 3092 1837 3165 Ordines
1889 3093 2394 3185 denegaverit,
2453 3100 2652 3185 patet
2705 3112 3037 3166 recursus
3112 3094 3212 3166 ad

526 3201 994 3292 Apostolicam
1050 3205 1332 3292 Sedem,
1390 3212 1469 3277 ut
1521 3206 1748 3295 liquet
1799 3206 2123 3296 exemplo
2158 3207 2518 3295 sequenti.
2560 3203 2864 3287 Quidam
2902 3205 3211 3297 Episco-

520 3331 657 3402 pus
692 3333 780 3386 ex
806 3333 915 3403 e0,
950 3318 1142 3406 quod
1170 3337 1209 3387 a
1242 3319 1585 3409 religiosis
1620 3315 1953 3408 Episcopi
1991 3318 2355 3409 originarii
2393 3318 2839 3390 dimissoriae
2876 3319 3013 3411 ipsi
3052 3337 3212 3390 non

521 3425 1076 3516 exhibebantur,
1133 3448 1254 3501 eos
1307 3430 1639 3502 ordinare
1692 3429 2083 3517 renuebat,
2140 3430 2273 3502 etsi
2326 3448 2412 3501 ex
2464 3430 2836 3502 sanctione
2888 3427 3209 3502 Constit.

519 3537 835 3629 Impositi
886 3541 1082 3612 nobis
1135 3541 1207 3612 id
1262 3543 1740 3614 necessarium
1788 3560 1931 3612 non
1968 3559 2124 3613 esse
2161 3541 2560 3632 colligatur.
2601 3538 2866 3612 Habito
2904 3559 2944 3609 a
2984 3537 3216 3612 Prae-

520 3652 664 3723 lato
699 3654 1006 3744 regulari
1046 3672 1332 3726 recursu
1386 3654 1477 3726 ad
1532 3652 1604 3725 S.
1648 3650 1931 3740 Sedem,
1973 3654 2047 3723 in
2085 3653 2396 3741 quadam
2434 3650 2994 3743 Congregatione
3032 3668 3217 3740 par-

519 3764 799 3837 ticulari
855 3767 926 3838 S.
968 3763 1044 3836 C.
1085 3762 1324 3857 Episc.
1385 3774 1456 3838 et
1508 3761 1767 3857 Regul.
1810 3766 1924 3837 die
1983 3766 2052 3834 1.
2093 3760 2303 3836 Mart.
2351 3764 2564 3835 1852.
2624 3765 2897 3835 iussum
2935 3767 3075 3848 est,
3119 3768 3215 3833 ut

517 3871 885 3949 Praelatus
937 3878 1283 3969 regularis
1337 3877 1409 3948 S.
1452 3875 1997 3968 Congregationi
2071 3883 2314 3948 notam
2387 3875 2755 3947 exhiberet
2808 3873 3213 3946 monacho-

517 4009 704 4079 rum,
763 4007 942 4079 quos
995 3986 1686 4081 localistpiscopus
1738 3989 2071 4060 ordinare
2122 3989 2500 4060 noluerat:
2561 4003 2747 4076 quae
2800 3993 2970 4058 nota
3026 3984 3216 4057 huic

517 4103 832 4176 debehat
881 4102 1190 4189 ostendi,
1248 4109 1327 4172 ut
1381 4119 1467 4172 ex
1519 4119 1602 4172 eo
1655 4106 2227 4190 cognosceretur,
2280 4098 2552 4190 quibus
2605 4115 2690 4169 ex
2745 4097 2983 4167 causis
3036 4097 3213 4187 ipse

516 4214 1036 4287 ordinationem
1095 4219 1386 4303 negaret
1441 4217 1566 4283 aut
1619 4211 2119 4303 protraheret:
2178 4211 2344 4282 item
2402 4210 2591 4281 datis
2642 4209 2865 4281 literis
2919 4207 3219 4300 signifi-

520 4326 828 4398 candum
883 4326 1113 4397 eidem
1165 4321 1518 4417 Episcopo
1556 4331 1736 4412 erat,
1780 4323 1956 4395 illud
1994 4321 2169 4411 fore,
2214 4329 2293 4395 ut
2327 4322 2385 4393 si
2424 4320 2699 4410 absque
2738 4320 2935 4411 gravi
2974 4337 3214 4391 causa

519 4437 614 4509 ad
664 4438 1150 4510 ordinationes
1202 4436 1590 4509 monachos
1644 4437 1803 4509 illos
1857 4435 2262 4525 admittere,
2322 4435 2513 4507 velut
2551 4441 2791 4522 antea,
2833 4432 3216 4506 detracta-

517 4554 653 4636 ret,
713 4546 1113 4638 Apostolica
1165 4546 1382 4621 Sedes
1436 4568 1561 4641 pro
1612 4567 1948 4641 suprema
1987 4567 2116 4619 sua
2153 4552 2504 4638 potestate
2541 4546 2873 4638 supplere
2913 4553 2984 4618 et
3022 4563 3219 4618 con-

517 4659 750 4732 sulere
801 4677 947 4731 non
1000 4658 1371 4730 abnueret.
1429 4656 1745 4731 Tandem
1782 4659 2051 4732 eisdem
2087 4659 2160 4729 in
2197 4659 2420 4730 literis
2456 4659 2549 4731 ad
2584 4659 2739 4730 eius
2774 4658 3215 4729 memoriam
