<?xml version="1.0" encoding="UTF-8"?>
<!DOCTYPE html PUBLIC "-//W3C//DTD XHTML 1.0 Transitional//EN"
    "http://www.w3.org/TR/xhtml1/DTD/xhtml1-transitional.dtd">
<html xmlns="http://www.w3.org/1999/xhtml" xml:lang="en" lang="en">
 <head>
  <title>
</title>
<meta http-equiv="Content-Type" content="text/html;charset=utf-8" />
  <meta name='ocr-system' content='tesseract 3.04.00' />
  <meta name='ocr-capabilities' content='ocr_page ocr_carea ocr_par ocr_line ocrx_word'/>
</head>
<body>
  <div class='ocr_page' id='page_1' title='image "./devisitationesa00popegoog_0346.png"; bbox 0 0 3497 5235; ppageno 0'>
   <div class='ocr_carea' id='block_1_1' title="bbox 599 246 2526 322">
    <p class='ocr_par' dir='ltr' id='par_1_1' title="bbox 599 246 2526 322">
     <span class='ocr_line' id='line_1_1' title="bbox 599 246 2526 322; baseline -0.002 -11"><span class='ocrx_word' id='word_1_1' title='bbox 599 247 718 311; x_wconf 82' lang='lat'>306</span> <span class='ocrx_word' id='word_1_2' title='bbox 1360 248 1729 307; x_wconf 68' lang='lat' dir='ltr'>Instructionin</span> <span class='ocrx_word' id='word_1_3' title='bbox 1772 247 1825 306; x_wconf 77' lang='lat' dir='ltr'>fl.</span> <span class='ocrx_word' id='word_1_4' title='bbox 1854 246 2036 321; x_wconf 72' lang='lat' dir='ltr'>Gongr.</span> <span class='ocrx_word' id='word_1_5' title='bbox 2065 246 2212 306; x_wconf 74' lang='lat' dir='ltr'>Ocno.</span> <span class='ocrx_word' id='word_1_6' title='bbox 2253 248 2526 322; x_wconf 71' lang='lat' dir='ltr'>expositio.</span> 
     </span>
    </p>
   </div>
   <div class='ocr_carea' id='block_1_2' title="bbox 583 381 3280 4732">
    <p class='ocr_par' dir='ltr' id='par_1_2' title="bbox 589 381 3267 1376">
     <span class='ocr_line' id='line_1_2' title="bbox 600 381 3263 474; baseline 0.001 -22"><span class='ocrx_word' id='word_1_7' title='bbox 600 408 637 452; x_wconf 85' lang='lat'>›</span> <span class='ocrx_word' id='word_1_8' title='bbox 680 383 888 454; x_wconf 81' lang='lat' dir='ltr'>totius</span> <span class='ocrx_word' id='word_1_9' title='bbox 945 382 1306 472; x_wconf 79' lang='lat' dir='ltr'>temporis,</span> <span class='ocrx_word' id='word_1_10' title='bbox 1358 401 1492 472; x_wconf 83' lang='lat' dir='ltr'>quo</span> <span class='ocrx_word' id='word_1_11' title='bbox 1544 382 1758 454; x_wconf 83' lang='lat' dir='ltr'>talem</span> <span class='ocrx_word' id='word_1_12' title='bbox 1808 381 1887 452; x_wconf 79' lang='lat' dir='ltr'>ob</span> <span class='ocrx_word' id='word_1_13' title='bbox 1939 399 2232 454; x_wconf 84' lang='lat' dir='ltr'>causam</span> <span class='ocrx_word' id='word_1_14' title='bbox 2285 383 2553 455; x_wconf 76' lang='lat' dir='ltr'>divinis</span> <span class='ocrx_word' id='word_1_15' title='bbox 2604 382 2931 456; x_wconf 79' lang='lat' dir='ltr'><strong><em>interesse</em></strong></span> <span class='ocrx_word' id='word_1_16' title='bbox 2965 403 3109 454; x_wconf 81' lang='lat' dir='ltr'>non</span> <span class='ocrx_word' id='word_1_17' title='bbox 3152 403 3263 474; x_wconf 79' lang='lat' dir='ltr'>po-</span> 
     </span>
     <span class='ocr_line' id='line_1_3' title="bbox 598 493 3267 587; baseline 0 -20"><span class='ocrx_word' id='word_1_18' title='bbox 598 523 638 567; x_wconf 81' lang='lat'><strong>»</strong></span> <span class='ocrx_word' id='word_1_19' title='bbox 677 503 991 570; x_wconf 69' lang='lat' dir='ltr'>tuerent.</span> <span class='ocrx_word' id='word_1_20' title='bbox 1030 521 1068 564; x_wconf 60' lang='grc' dir='ltr'><strong><em>ν</em></strong></span> <span class='ocrx_word' id='word_1_21' title='bbox 1127 493 1324 568; x_wconf 84' lang='lat' dir='ltr'><strong>Idem</strong></span> <span class='ocrx_word' id='word_1_22' title='bbox 1379 515 1799 587; x_wconf 89' lang='lat' dir='ltr'>responsum</span> <span class='ocrx_word' id='word_1_23' title='bbox 1853 495 1986 568; x_wconf 81' lang='lat' dir='ltr'>fuit</span> <span class='ocrx_word' id='word_1_24' title='bbox 2040 497 2113 568; x_wconf 92' lang='lat' dir='ltr'>in</span> <span class='ocrx_word' id='word_1_25' title='bbox 2168 515 2388 569; x_wconf 88' lang='lat' dir='ltr'>causa</span> <span class='ocrx_word' id='word_1_26' title='bbox 2441 497 2821 570; x_wconf 80' lang='lat' dir='ltr'>Ferentino</span> <span class='ocrx_word' id='word_1_27' title='bbox 2871 498 2987 570; x_wconf 90' lang='lat' dir='ltr'>die</span> <span class='ocrx_word' id='word_1_28' title='bbox 3024 499 3099 568; x_wconf 93' lang='grc'>2.</span> <span class='ocrx_word' id='word_1_29' title='bbox 3147 498 3267 569; x_wconf 82' lang='lat' dir='ltr'>Au-</span> 
     </span>
     <span class='ocr_line' id='line_1_4' title="bbox 599 600 3267 704; baseline 0.001 -24"><span class='ocrx_word' id='word_1_30' title='bbox 599 610 784 702; x_wconf 81' lang='lat' dir='ltr'><strong>gusti</strong></span> <span class='ocrx_word' id='word_1_31' title='bbox 827 609 1040 680; x_wconf 93' lang='grc'><strong>1721.</strong></span> <span class='ocrx_word' id='word_1_32' title='bbox 1083 604 1253 702; x_wconf 83' lang='lat' dir='ltr'>(lib.</span> <span class='ocrx_word' id='word_1_33' title='bbox 1297 608 1418 681; x_wconf 70' lang='grc'>71.</span> <span class='ocrx_word' id='word_1_34' title='bbox 1462 609 1716 681; x_wconf 83' lang='lat' dir='ltr'><strong><em>decret.</em></strong></span> <span class='ocrx_word' id='word_1_35' title='bbox 1752 607 2119 700; x_wconf 21' lang='lat' dir='ltr'>paq 314.</span> <span class='ocrx_word' id='word_1_36' title='bbox 2123 600 2192 704; x_wconf 92' lang='lat'>).</span> <span class='ocrx_word' id='word_1_37' title='bbox 2244 609 2644 699; x_wconf 83' lang='lat' dir='ltr'>Aliquando</span> <span class='ocrx_word' id='word_1_38' title='bbox 2686 625 2851 682; x_wconf 89' lang='lat' dir='ltr'>reus</span> <span class='ocrx_word' id='word_1_39' title='bbox 2887 611 3267 682; x_wconf 81' lang='lat' dir='ltr'>absolvitur</span> 
     </span>
     <span class='ocr_line' id='line_1_5' title="bbox 596 721 3263 810; baseline -0 -17"><span class='ocrx_word' id='word_1_40' title='bbox 596 722 740 794; x_wconf 87' lang='lat' dir='ltr'>illis</span> <span class='ocrx_word' id='word_1_41' title='bbox 791 721 1063 792; x_wconf 86' lang='lat' dir='ltr'>verbis:</span> <span class='ocrx_word' id='word_1_42' title='bbox 1123 740 1263 792; x_wconf 76' lang='lat' dir='ltr'>non</span> <span class='ocrx_word' id='word_1_43' title='bbox 1318 721 1764 803; x_wconf 82' lang='lat' dir='ltr'><em>molestetur,</em></span> <span class='ocrx_word' id='word_1_44' title='bbox 1834 722 1937 792; x_wconf 91' lang='lat' dir='ltr'>uti</span> <span class='ocrx_word' id='word_1_45' title='bbox 1990 721 2262 810; x_wconf 89' lang='lat' dir='ltr'>pluries</span> <span class='ocrx_word' id='word_1_46' title='bbox 2316 722 2582 795; x_wconf 86' lang='lat' dir='ltr'>evenit.</span> <span class='ocrx_word' id='word_1_47' title='bbox 2651 721 2997 795; x_wconf 81' lang='lat' dir='ltr'>Theatina</span> <span class='ocrx_word' id='word_1_48' title='bbox 3048 724 3263 796; x_wconf 84' lang='lat' dir='ltr'>Distr.</span> 
     </span>
     <span class='ocr_line' id='line_1_6' title="bbox 599 824 3266 928; baseline 0.001 -24"><span class='ocrx_word' id='word_1_49' title='bbox 599 853 720 905; x_wconf 87' lang='lat' dir='ltr'>an.</span> <span class='ocrx_word' id='word_1_50' title='bbox 768 833 981 903; x_wconf 85' lang='lat'><strong>1667.</strong></span> <span class='ocrx_word' id='word_1_51' title='bbox 1022 826 1200 927; x_wconf 82' lang='lat' dir='ltr'>(lib.</span> <span class='ocrx_word' id='word_1_52' title='bbox 1241 830 1363 904; x_wconf 86' lang='lat'>57.</span> <span class='ocrx_word' id='word_1_53' title='bbox 1406 832 1664 904; x_wconf 85' lang='lat' dir='ltr'><em>decret.</em></span> <span class='ocrx_word' id='word_1_54' title='bbox 1701 852 1871 926; x_wconf 71' lang='lat' dir='ltr'>paq.</span> <span class='ocrx_word' id='word_1_55' title='bbox 1914 824 2162 928; x_wconf 63' lang='lat'><em>420),</em></span> <span class='ocrx_word' id='word_1_56' title='bbox 2203 851 2482 906; x_wconf 80' lang='lat' dir='ltr'>necnon</span> <span class='ocrx_word' id='word_1_57' title='bbox 2518 841 2589 907; x_wconf 92' lang='lat' dir='ltr'>et</span> <span class='ocrx_word' id='word_1_58' title='bbox 2625 834 2809 924; x_wconf 78' lang='lat' dir='ltr'>aliiS‚</span> <span class='ocrx_word' id='word_1_59' title='bbox 2860 837 3266 927; x_wconf 88' lang='lat' dir='ltr'>praesertim</span> 
     </span>
     <span class='ocr_line' id='line_1_7' title="bbox 601 939 3266 1043; baseline 0 -24"><span class='ocrx_word' id='word_1_60' title='bbox 601 949 676 1019; x_wconf 89' lang='lat' dir='ltr'>in</span> <span class='ocrx_word' id='word_1_61' title='bbox 714 947 1009 1019; x_wconf 81' lang='lat' dir='ltr'>Lucana</span> <span class='ocrx_word' id='word_1_62' title='bbox 1044 948 1167 1016; x_wconf 88' lang='grc'>23.</span> <span class='ocrx_word' id='word_1_63' title='bbox 1202 942 1339 1016; x_wconf 91' lang='lat' dir='ltr'>Iul.</span> <span class='ocrx_word' id='word_1_64' title='bbox 1389 945 1604 1015; x_wconf 93' lang='lat'><strong>1718.</strong></span> <span class='ocrx_word' id='word_1_65' title='bbox 1646 939 1824 1041; x_wconf 82' lang='lat' dir='ltr'>(lib.</span> <span class='ocrx_word' id='word_1_66' title='bbox 1854 944 2263 1019; x_wconf 41' lang='lat' dir='ltr'>68.*decret.</span> <span class='ocrx_word' id='word_1_67' title='bbox 2302 966 2471 1039; x_wconf 79' lang='lat' dir='ltr'>paq.</span> <span class='ocrx_word' id='word_1_68' title='bbox 2497 939 2739 1043; x_wconf 66' lang='lat'><strong>308).</strong></span> <span class='ocrx_word' id='word_1_69' title='bbox 2787 945 3004 1020; x_wconf 82' lang='lat' dir='ltr'>Aliter</span> <span class='ocrx_word' id='word_1_70' title='bbox 3039 955 3266 1021; x_wconf 88' lang='lat' dir='ltr'>tamen</span> 
     </span>
     <span class='ocr_line' id='line_1_8' title="bbox 600 1053 3267 1148; baseline 0 -19"><span class='ocrx_word' id='word_1_71' title='bbox 600 1064 733 1147; x_wconf 88' lang='lat' dir='ltr'>est,</span> <span class='ocrx_word' id='word_1_72' title='bbox 785 1059 845 1128; x_wconf 86' lang='lat' dir='ltr'>si</span> <span class='ocrx_word' id='word_1_73' title='bbox 882 1074 1046 1128; x_wconf 89' lang='lat' dir='ltr'>reus</span> <span class='ocrx_word' id='word_1_74' title='bbox 1098 1055 1495 1128; x_wconf 86' lang='lat' dir='ltr'>absolvitur</span> <span class='ocrx_word' id='word_1_75' title='bbox 1547 1073 1633 1126; x_wconf 79' lang='lat' dir='ltr'>ex</span> <span class='ocrx_word' id='word_1_76' title='bbox 1686 1055 2032 1128; x_wconf 81' lang='lat' dir='ltr'>formula:</span> <span class='ocrx_word' id='word_1_77' title='bbox 2094 1053 2205 1128; x_wconf 75' lang='lat' dir='ltr'>Ex</span> <span class='ocrx_word' id='word_1_78' title='bbox 2241 1077 2375 1148; x_wconf 82' lang='lat' dir='ltr'>quo</span> <span class='ocrx_word' id='word_1_79' title='bbox 2412 1058 2621 1140; x_wconf 80' lang='lat' dir='ltr'>satis,</span> <span class='ocrx_word' id='word_1_80' title='bbox 2673 1058 3267 1148; x_wconf 88' lang='lat' dir='ltr'>quemadmodum</span> 
     </span>
     <span class='ocr_line' id='line_1_9' title="bbox 599 1162 3260 1266; baseline 0 -25"><span class='ocrx_word' id='word_1_81' title='bbox 599 1168 850 1242; x_wconf 88' lang='lat' dir='ltr'>eadem</span> <span class='ocrx_word' id='word_1_82' title='bbox 904 1169 977 1239; x_wconf 88' lang='lat' dir='ltr'>S.</span> <span class='ocrx_word' id='word_1_83' title='bbox 1018 1165 1093 1238; x_wconf 91' lang='lat' dir='ltr'>C.</span> <span class='ocrx_word' id='word_1_84' title='bbox 1136 1167 1252 1239; x_wconf 91' lang='lat' dir='ltr'>die</span> <span class='ocrx_word' id='word_1_85' title='bbox 1309 1166 1423 1238; x_wconf 86' lang='lat'>19.</span> <span class='ocrx_word' id='word_1_86' title='bbox 1463 1162 1640 1237; x_wconf 83' lang='lat' dir='ltr'>Nov.</span> <span class='ocrx_word' id='word_1_87' title='bbox 1690 1167 1904 1240; x_wconf 84' lang='lat'><strong>1669.</strong></span> <span class='ocrx_word' id='word_1_88' title='bbox 1968 1169 2312 1261; x_wconf 79' lang='lat' dir='ltr'>Capuana</span> <span class='ocrx_word' id='word_1_89' title='bbox 2364 1170 2587 1241; x_wconf 84' lang='lat' dir='ltr'>Distr.</span> <span class='ocrx_word' id='word_1_90' title='bbox 2631 1164 2676 1266; x_wconf 94' lang='lat'><em>(</em></span> <span class='ocrx_word' id='word_1_91' title='bbox 2685 1170 2806 1243; x_wconf 80' lang='lat' dir='ltr'>lib.</span> <span class='ocrx_word' id='word_1_92' title='bbox 2845 1171 2970 1244; x_wconf 78' lang='lat'>26.</span> <span class='ocrx_word' id='word_1_93' title='bbox 3013 1172 3260 1244; x_wconf 81' lang='lat' dir='ltr'><strong><em>decret.</em></strong></span> 
     </span>
     <span class='ocr_line' id='line_1_10' title="bbox 589 1273 1391 1376; baseline -0.004 -24"><span class='ocrx_word' id='word_1_94' title='bbox 589 1300 759 1373; x_wconf 72' lang='lat' dir='ltr'>pay.</span> <span class='ocrx_word' id='word_1_95' title='bbox 802 1278 974 1353; x_wconf 81' lang='lat'>325.</span> <span class='ocrx_word' id='word_1_96' title='bbox 1033 1300 1079 1351; x_wconf 88' lang='lat' dir='ltr'>a</span> <span class='ocrx_word' id='word_1_97' title='bbox 1130 1273 1391 1376; x_wconf 78' lang='lat' dir='ltr'>terqo).</span> 
     </span>
    </p>

    <p class='ocr_par' dir='ltr' id='par_1_3' title="bbox 588 1391 3271 3613">
     <span class='ocr_line' id='line_1_11' title="bbox 745 1391 3268 1488; baseline 0.002 -26"><span class='ocrx_word' id='word_1_98' title='bbox 745 1393 866 1464; x_wconf 88' lang='lat'>70.</span> <span class='ocrx_word' id='word_1_99' title='bbox 926 1391 1272 1463; x_wconf 83' lang='lat' dir='ltr'>Addimus</span> <span class='ocrx_word' id='word_1_100' title='bbox 1341 1408 1688 1482; x_wconf 90' lang='lat' dir='ltr'>nuperam</span> <span class='ocrx_word' id='word_1_101' title='bbox 1759 1401 2052 1463; x_wconf 86' lang='lat' dir='ltr'>causam</span> <span class='ocrx_word' id='word_1_102' title='bbox 2107 1391 2531 1466; x_wconf 80' lang='lat' dir='ltr'>Firmanam</span> <span class='ocrx_word' id='word_1_103' title='bbox 2603 1413 2818 1486; x_wconf 89' lang='lat' dir='ltr'>super</span> <span class='ocrx_word' id='word_1_104' title='bbox 2881 1395 3016 1468; x_wconf 89' lang='lat' dir='ltr'>hoc</span> <span class='ocrx_word' id='word_1_105' title='bbox 3070 1415 3268 1488; x_wconf 84' lang='lat' dir='ltr'>argu-</span> 
     </span>
     <span class='ocr_line' id='line_1_12' title="bbox 597 1499 3266 1597; baseline 0.001 -20"><span class='ocrx_word' id='word_1_106' title='bbox 597 1511 837 1577; x_wconf 89' lang='lat' dir='ltr'>mento</span> <span class='ocrx_word' id='word_1_107' title='bbox 883 1506 1226 1596; x_wconf 83' lang='lat' dir='ltr'>agitatam</span> <span class='ocrx_word' id='word_1_108' title='bbox 1267 1505 1460 1595; x_wconf 89' lang='lat' dir='ltr'>apud</span> <span class='ocrx_word' id='word_1_109' title='bbox 1514 1501 1587 1575; x_wconf 91' lang='lat' dir='ltr'>S.</span> <span class='ocrx_word' id='word_1_110' title='bbox 1629 1501 1704 1574; x_wconf 91' lang='lat' dir='ltr'>C.</span> <span class='ocrx_word' id='word_1_111' title='bbox 1744 1500 1988 1595; x_wconf 89' lang='lat' dir='ltr'>Episc.</span> <span class='ocrx_word' id='word_1_112' title='bbox 2030 1509 2102 1575; x_wconf 91' lang='lat' dir='ltr'>et</span> <span class='ocrx_word' id='word_1_113' title='bbox 2152 1499 2416 1597; x_wconf 81' lang='lat' dir='ltr'>Regul.</span> <span class='ocrx_word' id='word_1_114' title='bbox 2474 1503 2779 1587; x_wconf 80' lang='lat' dir='ltr'>Quidam</span> <span class='ocrx_word' id='word_1_115' title='bbox 2818 1508 3159 1579; x_wconf 83' lang='lat' dir='ltr'>sacerdos</span> <span class='ocrx_word' id='word_1_116' title='bbox 3192 1507 3266 1579; x_wconf 88' lang='lat' dir='ltr'>de</span> 
     </span>
     <span class='ocr_line' id='line_1_13' title="bbox 594 1615 3261 1706; baseline -0 -17"><span class='ocrx_word' id='word_1_117' title='bbox 594 1615 974 1689; x_wconf 89' lang='lat' dir='ltr'>homicidio</span> <span class='ocrx_word' id='word_1_118' title='bbox 1003 1615 1429 1688; x_wconf 86' lang='lat' dir='ltr'>iudicialiter</span> <span class='ocrx_word' id='word_1_119' title='bbox 1465 1616 1857 1706; x_wconf 89' lang='lat' dir='ltr'>inquisitus</span> <span class='ocrx_word' id='word_1_120' title='bbox 1884 1633 2009 1706; x_wconf 90' lang='lat' dir='ltr'>per</span> <span class='ocrx_word' id='word_1_121' title='bbox 2035 1619 2468 1689; x_wconf 89' lang='lat' dir='ltr'>sententiam</span> <span class='ocrx_word' id='word_1_122' title='bbox 2500 1617 2641 1690; x_wconf 92' lang='lat' dir='ltr'>diei</span> <span class='ocrx_word' id='word_1_123' title='bbox 2669 1620 2792 1691; x_wconf 93' lang='grc'>20.</span> <span class='ocrx_word' id='word_1_124' title='bbox 2826 1615 3017 1691; x_wconf 91' lang='lat' dir='ltr'>Iunii</span> <span class='ocrx_word' id='word_1_125' title='bbox 3056 1619 3261 1691; x_wconf 83' lang='lat'><strong>1839.</strong></span> 
     </span>
     <span class='ocr_line' id='line_1_14' title="bbox 598 1726 3266 1818; baseline -0.001 -16"><span class='ocrx_word' id='word_1_126' title='bbox 598 1731 934 1802; x_wconf 88' lang='lat' dir='ltr'>dimissus</span> <span class='ocrx_word' id='word_1_127' title='bbox 970 1729 1198 1800; x_wconf 81' lang='lat' dir='ltr'>fuerat</span> <span class='ocrx_word' id='word_1_128' title='bbox 1256 1749 1293 1794; x_wconf 87' lang='lat'><strong>‹</strong></span> <span class='ocrx_word' id='word_1_129' title='bbox 1326 1748 1484 1800; x_wconf 83' lang='lat' dir='ltr'>cum</span> <span class='ocrx_word' id='word_1_130' title='bbox 1529 1734 1900 1818; x_wconf 82' lang='lat' dir='ltr'>praecepto</span> <span class='ocrx_word' id='word_1_131' title='bbox 1952 1726 2035 1798; x_wconf 85' lang='lat' dir='ltr'>de</span> <span class='ocrx_word' id='word_1_132' title='bbox 2078 1743 2219 1798; x_wconf 79' lang='lat' dir='ltr'>sese</span> <span class='ocrx_word' id='word_1_133' title='bbox 2272 1730 2866 1818; x_wconf 80' lang='lat' dir='ltr'>repraesentando</span> <span class='ocrx_word' id='word_1_134' title='bbox 2916 1731 3120 1803; x_wconf 80' lang='lat' dir='ltr'>novis</span> <span class='ocrx_word' id='word_1_135' title='bbox 3174 1729 3266 1801; x_wconf 86' lang='lat' dir='ltr'>vel</span> 
     </span>
     <span class='ocr_line' id='line_1_15' title="bbox 597 1836 3268 1932; baseline 0 -22"><span class='ocrx_word' id='word_1_136' title='bbox 597 1866 635 1910; x_wconf 65' lang='grc' dir='ltr'>ι»</span> <span class='ocrx_word' id='word_1_137' title='bbox 678 1861 817 1913; x_wconf 80' lang='lat' dir='ltr'>non</span> <span class='ocrx_word' id='word_1_138' title='bbox 871 1840 1068 1912; x_wconf 80' lang='lat' dir='ltr'>novis</span> <span class='ocrx_word' id='word_1_139' title='bbox 1105 1839 1746 1930; x_wconf 82' lang='lat' dir='ltr'>supervenientibus</span> <span class='ocrx_word' id='word_1_140' title='bbox 1801 1838 2193 1910; x_wconf 74' lang='lat' dir='ltr'>indiciis.»</span> <span class='ocrx_word' id='word_1_141' title='bbox 2249 1836 2506 1930; x_wconf 87' lang='lat' dir='ltr'>Itaque</span> <span class='ocrx_word' id='word_1_142' title='bbox 2558 1842 2635 1913; x_wconf 90' lang='lat' dir='ltr'>in</span> <span class='ocrx_word' id='word_1_143' title='bbox 2690 1840 2919 1932; x_wconf 87' lang='lat' dir='ltr'>plenis</span> <span class='ocrx_word' id='word_1_144' title='bbox 2970 1841 3268 1915; x_wconf 89' lang='lat' dir='ltr'>comitiis</span> 
     </span>
     <span class='ocr_line' id='line_1_16' title="bbox 598 1950 3267 2042; baseline -0 -17"><span class='ocrx_word' id='word_1_145' title='bbox 598 1953 742 2025; x_wconf 91' lang='lat' dir='ltr'>diei</span> <span class='ocrx_word' id='word_1_146' title='bbox 775 1953 897 2024; x_wconf 91' lang='grc'>28.</span> <span class='ocrx_word' id='word_1_147' title='bbox 941 1952 1118 2042; x_wconf 82' lang='lat' dir='ltr'>Aug.</span> <span class='ocrx_word' id='word_1_148' title='bbox 1168 1951 1379 2022; x_wconf 76' lang='grc'><strong>1840.</strong></span> <span class='ocrx_word' id='word_1_149' title='bbox 1438 1950 1659 2022; x_wconf 89' lang='lat' dir='ltr'>dubia</span> <span class='ocrx_word' id='word_1_150' title='bbox 1705 1951 2066 2040; x_wconf 88' lang='lat' dir='ltr'>proposita</span> <span class='ocrx_word' id='word_1_151' title='bbox 2103 1956 2320 2022; x_wconf 87' lang='lat' dir='ltr'>sunt:</span> <span class='ocrx_word' id='word_1_152' title='bbox 2385 1976 2421 2017; x_wconf 69' lang='grc' dir='ltr'>«ι</span> <span class='ocrx_word' id='word_1_153' title='bbox 2459 1952 2523 2022; x_wconf 90' lang='grc'>1.</span> <span class='ocrx_word' id='word_1_154' title='bbox 2569 1951 2676 2024; x_wconf 78' lang='lat' dir='ltr'>An</span> <span class='ocrx_word' id='word_1_155' title='bbox 2716 1953 2973 2026; x_wconf 90' lang='lat' dir='ltr'>debeat</span> <span class='ocrx_word' id='word_1_156' title='bbox 3009 1953 3267 2026; x_wconf 86' lang='lat' dir='ltr'>resumi</span> 
     </span>
     <span class='ocr_line' id='line_1_17' title="bbox 599 2062 3267 2153; baseline 0.002 -21"><span class='ocrx_word' id='word_1_157' title='bbox 599 2090 636 2132; x_wconf 79' lang='lat'><strong>»</strong></span> <span class='ocrx_word' id='word_1_158' title='bbox 679 2071 749 2136; x_wconf 91' lang='lat' dir='ltr'>et</span> <span class='ocrx_word' id='word_1_159' title='bbox 802 2063 1204 2135; x_wconf 90' lang='lat' dir='ltr'>continuari</span> <span class='ocrx_word' id='word_1_160' title='bbox 1273 2062 1743 2153; x_wconf 89' lang='lat' dir='ltr'>processualis</span> <span class='ocrx_word' id='word_1_161' title='bbox 1814 2062 2185 2152; x_wconf 85' lang='lat' dir='ltr'>inquisitio</span> <span class='ocrx_word' id='word_1_162' title='bbox 2246 2068 2495 2134; x_wconf 89' lang='lat' dir='ltr'>contra</span> <span class='ocrx_word' id='word_1_163' title='bbox 2568 2066 2989 2137; x_wconf 89' lang='lat' dir='ltr'>canonicum</span> <span class='ocrx_word' id='word_1_164' title='bbox 3045 2063 3136 2137; x_wconf 84' lang='lat' dir='ltr'>N.</span> <span class='ocrx_word' id='word_1_165' title='bbox 3193 2084 3267 2137; x_wconf 79' lang='lat' dir='ltr'>ex</span> 
     </span>
     <span class='ocr_line' id='line_1_18' title="bbox 600 2173 3266 2265; baseline 0.002 -21"><span class='ocrx_word' id='word_1_166' title='bbox 600 2201 636 2244; x_wconf 62' lang='lat'><em>2</em></span> <span class='ocrx_word' id='word_1_167' title='bbox 676 2176 887 2248; x_wconf 91' lang='lat' dir='ltr'>titulo</span> <span class='ocrx_word' id='word_1_168' title='bbox 923 2173 1312 2264; x_wconf 87' lang='lat' dir='ltr'>homicidii,</span> <span class='ocrx_word' id='word_1_169' title='bbox 1369 2177 1648 2246; x_wconf 90' lang='lat' dir='ltr'>etiamsi</span> <span class='ocrx_word' id='word_1_170' title='bbox 1686 2193 1830 2246; x_wconf 89' lang='lat' dir='ltr'>non</span> <span class='ocrx_word' id='word_1_171' title='bbox 1867 2176 2410 2265; x_wconf 83' lang='lat' dir='ltr'>supervenerint</span> <span class='ocrx_word' id='word_1_172' title='bbox 2461 2194 2643 2248; x_wconf 83' lang='lat' dir='ltr'>nova</span> <span class='ocrx_word' id='word_1_173' title='bbox 2681 2175 2945 2249; x_wconf 88' lang='lat' dir='ltr'>indicia</span> <span class='ocrx_word' id='word_1_174' title='bbox 2980 2183 3057 2249; x_wconf 88' lang='lat' dir='ltr'>et</span> <span class='ocrx_word' id='word_1_175' title='bbox 3091 2196 3266 2250; x_wconf 89' lang='lat' dir='ltr'>nova</span> 
     </span>
     <span class='ocr_line' id='line_1_19' title="bbox 599 2286 3266 2379; baseline 0.001 -23"><span class='ocrx_word' id='word_1_176' title='bbox 599 2313 637 2356; x_wconf 59' lang='grc' dir='ltr'><strong>ν</strong></span> <span class='ocrx_word' id='word_1_177' title='bbox 679 2288 985 2359; x_wconf 88' lang='lat' dir='ltr'>deducta</span> <span class='ocrx_word' id='word_1_178' title='bbox 1017 2339 1036 2375; x_wconf 90' lang='lat'>‚</span> <span class='ocrx_word' id='word_1_179' title='bbox 1093 2304 1221 2358; x_wconf 90' lang='lat' dir='ltr'>seu</span> <span class='ocrx_word' id='word_1_180' title='bbox 1274 2286 1511 2377; x_wconf 90' lang='lat' dir='ltr'>potius</span> <span class='ocrx_word' id='word_1_181' title='bbox 1564 2286 2127 2378; x_wconf 86' lang='lat' dir='ltr'>exspectandum</span> <span class='ocrx_word' id='word_1_182' title='bbox 2184 2287 2333 2375; x_wconf 87' lang='lat' dir='ltr'>sit,</span> <span class='ocrx_word' id='word_1_183' title='bbox 2394 2294 2473 2359; x_wconf 92' lang='lat' dir='ltr'>ut</span> <span class='ocrx_word' id='word_1_184' title='bbox 2524 2290 3040 2379; x_wconf 83' lang='lat' dir='ltr'>superveniant</span> <span class='ocrx_word' id='word_1_185' title='bbox 3096 2308 3266 2360; x_wconf 85' lang='lat' dir='ltr'>nova</span> 
     </span>
     <span class='ocr_line' id='line_1_20' title="bbox 599 2393 3267 2489; baseline 0.003 -23"><span class='ocrx_word' id='word_1_186' title='bbox 599 2424 636 2466; x_wconf 80' lang='lat'><strong>»</strong></span> <span class='ocrx_word' id='word_1_187' title='bbox 678 2400 939 2470; x_wconf 89' lang='lat' dir='ltr'>indicia</span> <span class='ocrx_word' id='word_1_188' title='bbox 976 2404 1045 2469; x_wconf 91' lang='lat' dir='ltr'>et</span> <span class='ocrx_word' id='word_1_189' title='bbox 1085 2417 1267 2469; x_wconf 84' lang='lat' dir='ltr'>nova</span> <span class='ocrx_word' id='word_1_190' title='bbox 1311 2398 1646 2488; x_wconf 85' lang='lat' dir='ltr'>deducta,</span> <span class='ocrx_word' id='word_1_191' title='bbox 1706 2418 1893 2489; x_wconf 89' lang='lat' dir='ltr'>quae</span> <span class='ocrx_word' id='word_1_192' title='bbox 1932 2393 2368 2473; x_wconf 81' lang='lat' dir='ltr'>concludant</span> <span class='ocrx_word' id='word_1_193' title='bbox 2408 2400 2675 2473; x_wconf 90' lang='lat' dir='ltr'>indicia</span> <span class='ocrx_word' id='word_1_194' title='bbox 2712 2399 2857 2472; x_wconf 92' lang='lat' dir='ltr'>iam</span> <span class='ocrx_word' id='word_1_195' title='bbox 2890 2404 3267 2475; x_wconf 84' lang='lat' dir='ltr'>existentia</span> 
     </span>
     <span class='ocr_line' id='line_1_21' title="bbox 597 2506 3268 2603; baseline 0.001 -23"><span class='ocrx_word' id='word_1_196' title='bbox 597 2537 633 2580; x_wconf 63' lang='lat'><em>2</em></span> <span class='ocrx_word' id='word_1_197' title='bbox 682 2519 993 2601; x_wconf 86' lang='lat' dir='ltr'>tempore</span> <span class='ocrx_word' id='word_1_198' title='bbox 1046 2510 1272 2581; x_wconf 88' lang='lat' dir='ltr'>habili</span> <span class='ocrx_word' id='word_1_199' title='bbox 1324 2529 1553 2600; x_wconf 91' lang='lat' dir='ltr'>usque</span> <span class='ocrx_word' id='word_1_200' title='bbox 1598 2512 1690 2583; x_wconf 91' lang='lat' dir='ltr'>ad</span> <span class='ocrx_word' id='word_1_201' title='bbox 1744 2506 2429 2603; x_wconf 65' lang='lat' dir='ltr'>praescriptionem?</span> <span class='ocrx_word' id='word_1_202' title='bbox 2464 2538 2501 2580; x_wconf 80' lang='lat'><strong>»</strong></span> <span class='ocrx_word' id='word_1_203' title='bbox 2559 2508 2648 2583; x_wconf 90' lang='lat' dir='ltr'>Et</span> <span class='ocrx_word' id='word_1_204' title='bbox 2689 2522 3050 2602; x_wconf 90' lang='lat' dir='ltr'>quatenus</span> <span class='ocrx_word' id='word_1_205' title='bbox 3086 2513 3268 2586; x_wconf 88' lang='lat' dir='ltr'>affir-</span> 
     </span>
     <span class='ocr_line' id='line_1_22' title="bbox 594 2622 3270 2716; baseline 0.001 -21"><span class='ocrx_word' id='word_1_206' title='bbox 594 2625 858 2697; x_wconf 83' lang='lat' dir='ltr'>mative</span> <span class='ocrx_word' id='word_1_207' title='bbox 896 2624 987 2695; x_wconf 87' lang='lat' dir='ltr'>ad</span> <span class='ocrx_word' id='word_1_208' title='bbox 1024 2623 1325 2716; x_wconf 87' lang='lat' dir='ltr'>primam</span> <span class='ocrx_word' id='word_1_209' title='bbox 1379 2630 1652 2714; x_wconf 89' lang='lat' dir='ltr'>partem</span> <span class='ocrx_word' id='word_1_210' title='bbox 1682 2676 1700 2712; x_wconf 94' lang='lat'>‚</span> <span class='ocrx_word' id='word_1_211' title='bbox 1764 2644 1801 2689; x_wconf 87' lang='lat'><strong>‹</strong></span> <span class='ocrx_word' id='word_1_212' title='bbox 1833 2626 1907 2695; x_wconf 93' lang='grc'>2.</span> <span class='ocrx_word' id='word_1_213' title='bbox 1957 2622 2058 2694; x_wconf 78' lang='lat' dir='ltr'>An</span> <span class='ocrx_word' id='word_1_214' title='bbox 2112 2626 2506 2715; x_wconf 88' lang='lat' dir='ltr'>resumptio</span> <span class='ocrx_word' id='word_1_215' title='bbox 2560 2633 2630 2698; x_wconf 91' lang='lat' dir='ltr'>et</span> <span class='ocrx_word' id='word_1_216' title='bbox 2669 2627 3112 2699; x_wconf 84' lang='lat' dir='ltr'>continuatio</span> <span class='ocrx_word' id='word_1_217' title='bbox 3150 2646 3270 2699; x_wconf 88' lang='lat' dir='ltr'>no-</span> 
     </span>
     <span class='ocr_line' id='line_1_23' title="bbox 597 2734 3265 2832; baseline 0.001 -25"><span class='ocrx_word' id='word_1_218' title='bbox 597 2762 635 2807; x_wconf 73' lang='lat'><strong>»</strong></span> <span class='ocrx_word' id='word_1_219' title='bbox 675 2754 921 2808; x_wconf 83' lang='lat' dir='ltr'>vorum</span> <span class='ocrx_word' id='word_1_220' title='bbox 976 2741 1294 2809; x_wconf 87' lang='lat' dir='ltr'>aetorum</span> <span class='ocrx_word' id='word_1_221' title='bbox 1348 2737 1691 2807; x_wconf 89' lang='lat' dir='ltr'>committi</span> <span class='ocrx_word' id='word_1_222' title='bbox 1745 2736 2004 2809; x_wconf 89' lang='lat' dir='ltr'>debeat</span> <span class='ocrx_word' id='word_1_223' title='bbox 2067 2734 2305 2808; x_wconf 88' lang='lat' dir='ltr'>curiae</span> <span class='ocrx_word' id='word_1_224' title='bbox 2362 2734 2738 2809; x_wconf 86' lang='lat' dir='ltr'>Firmanae</span> <span class='ocrx_word' id='word_1_225' title='bbox 2808 2734 2965 2831; x_wconf 89' lang='lat' dir='ltr'>(cui</span> <span class='ocrx_word' id='word_1_226' title='bbox 3017 2756 3265 2832; x_wconf 87' lang='lat' dir='ltr'>nempe</span> 
     </span>
     <span class='ocr_line' id='line_1_24' title="bbox 597 2845 3266 2943; baseline 0.001 -26"><span class='ocrx_word' id='word_1_227' title='bbox 597 2876 635 2917; x_wconf 79' lang='lat'><strong>»</strong></span> <span class='ocrx_word' id='word_1_228' title='bbox 675 2849 1008 2920; x_wconf 88' lang='lat' dir='ltr'>sacerdos</span> <span class='ocrx_word' id='word_1_229' title='bbox 1043 2849 1430 2936; x_wconf 90' lang='lat' dir='ltr'>inquisitus</span> <span class='ocrx_word' id='word_1_230' title='bbox 1480 2845 1845 2943; x_wconf 86' lang='lat' dir='ltr'>suberat),</span> <span class='ocrx_word' id='word_1_231' title='bbox 1902 2868 2029 2920; x_wconf 90' lang='lat' dir='ltr'>seu</span> <span class='ocrx_word' id='word_1_232' title='bbox 2082 2849 2322 2941; x_wconf 88' lang='lat' dir='ltr'>potius</span> <span class='ocrx_word' id='word_1_233' title='bbox 2360 2866 2447 2920; x_wconf 91' lang='lat' dir='ltr'>eo</span> <span class='ocrx_word' id='word_1_234' title='bbox 2484 2849 2877 2921; x_wconf 88' lang='lat' dir='ltr'>mittendus</span> <span class='ocrx_word' id='word_1_235' title='bbox 2928 2853 3022 2924; x_wconf 91' lang='lat' dir='ltr'>sit</span> <span class='ocrx_word' id='word_1_236' title='bbox 3058 2852 3266 2923; x_wconf 77' lang='lat' dir='ltr'>iudex</span> 
     </span>
     <span class='ocr_line' id='line_1_25' title="bbox 596 2957 3271 3051; baseline 0.001 -23"><span class='ocrx_word' id='word_1_237' title='bbox 596 2988 634 3028; x_wconf 56' lang='grc' dir='ltr'>τι</span> <span class='ocrx_word' id='word_1_238' title='bbox 677 2961 1058 3051; x_wconf 87' lang='lat' dir='ltr'>inquisitor</span> <span class='ocrx_word' id='word_1_239' title='bbox 1110 2963 1324 3034; x_wconf 89' lang='lat' dir='ltr'>etiam</span> <span class='ocrx_word' id='word_1_240' title='bbox 1379 2957 1659 3033; x_wconf 67' lang='lat' dir='ltr'>laicus?</span> <span class='ocrx_word' id='word_1_241' title='bbox 1702 2986 1738 3028; x_wconf 55' lang='grc' dir='ltr'><strong>ν</strong></span> <span class='ocrx_word' id='word_1_242' title='bbox 1818 2981 1855 3026; x_wconf 88' lang='lat'>‹</span> <span class='ocrx_word' id='word_1_243' title='bbox 1895 2962 1966 3031; x_wconf 88' lang='grc'>3.</span> <span class='ocrx_word' id='word_1_244' title='bbox 2016 2959 2118 3031; x_wconf 83' lang='lat' dir='ltr'>An</span> <span class='ocrx_word' id='word_1_245' title='bbox 2172 2962 2517 3033; x_wconf 84' lang='lat' dir='ltr'>canonico</span> <span class='ocrx_word' id='word_1_246' title='bbox 2583 2961 2992 3035; x_wconf 86' lang='lat' dir='ltr'>debeantur</span> <span class='ocrx_word' id='word_1_247' title='bbox 3040 2963 3271 3036; x_wconf 86' lang='lat' dir='ltr'>distri·</span> 
     </span>
     <span class='ocr_line' id='line_1_26' title="bbox 595 3068 3265 3165; baseline 0.002 -25"><span class='ocrx_word' id='word_1_248' title='bbox 595 3098 633 3139; x_wconf 62' lang='lat' dir='ltr'>s</span> <span class='ocrx_word' id='word_1_249' title='bbox 673 3072 1007 3144; x_wconf 89' lang='lat' dir='ltr'>butiones</span> <span class='ocrx_word' id='word_1_250' title='bbox 1061 3074 1132 3143; x_wconf 90' lang='lat' dir='ltr'>in</span> <span class='ocrx_word' id='word_1_251' title='bbox 1187 3068 1409 3144; x_wconf 62' lang='lat' dir='ltr'>casu?</span> <span class='ocrx_word' id='word_1_252' title='bbox 1443 3098 1479 3141; x_wconf 82' lang='lat'><strong>»</strong></span> <span class='ocrx_word' id='word_1_253' title='bbox 1543 3069 1632 3144; x_wconf 89' lang='lat' dir='ltr'>Et</span> <span class='ocrx_word' id='word_1_254' title='bbox 1685 3078 2047 3162; x_wconf 86' lang='lat' dir='ltr'>quatenus</span> <span class='ocrx_word' id='word_1_255' title='bbox 2101 3068 2554 3146; x_wconf 82' lang='lat' dir='ltr'>affirmative.</span> <span class='ocrx_word' id='word_1_256' title='bbox 2628 3068 2768 3146; x_wconf 68' lang='grc'>«4.</span> <span class='ocrx_word' id='word_1_257' title='bbox 2813 3074 2921 3148; x_wconf 85' lang='lat' dir='ltr'>An</span> <span class='ocrx_word' id='word_1_258' title='bbox 2975 3084 3046 3148; x_wconf 92' lang='lat' dir='ltr'>et</span> <span class='ocrx_word' id='word_1_259' title='bbox 3094 3094 3265 3165; x_wconf 90' lang='lat' dir='ltr'>quo-</span> 
     </span>
     <span class='ocr_line' id='line_1_27' title="bbox 595 3182 3261 3277; baseline 0.002 -26"><span class='ocrx_word' id='word_1_260' title='bbox 595 3210 633 3251; x_wconf 78' lang='lat'><strong>»</strong></span> <span class='ocrx_word' id='word_1_261' title='bbox 676 3185 881 3255; x_wconf 88' lang='lat' dir='ltr'>modo</span> <span class='ocrx_word' id='word_1_262' title='bbox 917 3186 1148 3257; x_wconf 90' lang='lat' dir='ltr'>eidem</span> <span class='ocrx_word' id='word_1_263' title='bbox 1202 3190 1608 3277; x_wconf 85' lang='lat' dir='ltr'>competant</span> <span class='ocrx_word' id='word_1_264' title='bbox 1662 3192 2139 3275; x_wconf 86' lang='lat' dir='ltr'>punctatnrae</span> <span class='ocrx_word' id='word_1_265' title='bbox 2193 3188 2701 3261; x_wconf 84' lang='lat' dir='ltr'>canonicorum</span> <span class='ocrx_word' id='word_1_266' title='bbox 2738 3182 3190 3261; x_wconf 57' lang='lat' dir='ltr'>absentium?</span> <span class='ocrx_word' id='word_1_267' title='bbox 3224 3212 3261 3256; x_wconf 83' lang='lat'>›</span> 
     </span>
     <span class='ocr_line' id='line_1_28' title="bbox 588 3293 3262 3393; baseline 0.002 -28"><span class='ocrx_word' id='word_1_268' title='bbox 588 3293 679 3367; x_wconf 92' lang='lat' dir='ltr'>Et</span> <span class='ocrx_word' id='word_1_269' title='bbox 733 3296 804 3366; x_wconf 92' lang='lat' dir='ltr'>S.</span> <span class='ocrx_word' id='word_1_270' title='bbox 847 3294 920 3366; x_wconf 91' lang='lat' dir='ltr'>C.</span> <span class='ocrx_word' id='word_1_271' title='bbox 963 3299 1373 3388; x_wconf 85' lang='lat' dir='ltr'>respondit:</span> <span class='ocrx_word' id='word_1_272' title='bbox 1421 3319 1457 3361; x_wconf 85' lang='lat'>«</span> <span class='ocrx_word' id='word_1_273' title='bbox 1505 3297 1604 3368; x_wconf 85' lang='lat' dir='ltr'>Ad</span> <span class='ocrx_word' id='word_1_274' title='bbox 1657 3298 2011 3387; x_wconf 87' lang='lat' dir='ltr'>primum:</span> <span class='ocrx_word' id='word_1_275' title='bbox 2074 3299 2401 3388; x_wconf 80' lang='lat' dir='ltr'>negative</span> <span class='ocrx_word' id='word_1_276' title='bbox 2457 3301 2544 3371; x_wconf 92' lang='lat' dir='ltr'>ad</span> <span class='ocrx_word' id='word_1_277' title='bbox 2583 3300 2889 3390; x_wconf 88' lang='lat' dir='ltr'>primam</span> <span class='ocrx_word' id='word_1_278' title='bbox 2944 3308 3262 3393; x_wconf 81' lang='lat' dir='ltr'>partem3</span> 
     </span>
     <span class='ocr_line' id='line_1_29' title="bbox 593 3407 3270 3505; baseline 0.003 -31"><span class='ocrx_word' id='word_1_279' title='bbox 593 3432 631 3473; x_wconf 59' lang='lat' dir='ltr'>s</span> <span class='ocrx_word' id='word_1_280' title='bbox 673 3407 1096 3479; x_wconf 84' lang='lat' dir='ltr'>affirmative</span> <span class='ocrx_word' id='word_1_281' title='bbox 1133 3408 1220 3478; x_wconf 86' lang='lat' dir='ltr'>ad</span> <span class='ocrx_word' id='word_1_282' title='bbox 1259 3408 1676 3479; x_wconf 88' lang='lat' dir='ltr'>secundam.</span> <span class='ocrx_word' id='word_1_283' title='bbox 1726 3408 1825 3479; x_wconf 84' lang='lat' dir='ltr'>Ad</span> <span class='ocrx_word' id='word_1_284' title='bbox 1863 3409 2295 3482; x_wconf 85' lang='lat' dir='ltr'>secundum:</span> <span class='ocrx_word' id='word_1_285' title='bbox 2351 3414 2715 3502; x_wconf 91' lang='lat' dir='ltr'>provisum</span> <span class='ocrx_word' id='word_1_286' title='bbox 2757 3413 2830 3482; x_wconf 92' lang='lat' dir='ltr'>in</span> <span class='ocrx_word' id='word_1_287' title='bbox 2866 3414 3118 3505; x_wconf 91' lang='lat' dir='ltr'>primo.</span> <span class='ocrx_word' id='word_1_288' title='bbox 3163 3410 3270 3482; x_wconf 82' lang='lat' dir='ltr'>Ad</span> 
     </span>
     <span class='ocr_line' id='line_1_30' title="bbox 595 3519 2942 3613; baseline 0.002 -27"><span class='ocrx_word' id='word_1_289' title='bbox 595 3543 632 3586; x_wconf 79' lang='lat'><strong>»</strong></span> <span class='ocrx_word' id='word_1_290' title='bbox 673 3522 1008 3592; x_wconf 87' lang='lat' dir='ltr'>tertium:</span> <span class='ocrx_word' id='word_1_291' title='bbox 1067 3521 1423 3613; x_wconf 82' lang='lat' dir='ltr'>negative.</span> <span class='ocrx_word' id='word_1_292' title='bbox 1483 3519 1585 3592; x_wconf 82' lang='lat' dir='ltr'>Ad</span> <span class='ocrx_word' id='word_1_293' title='bbox 1641 3526 2017 3610; x_wconf 90' lang='lat' dir='ltr'>quartum:</span> <span class='ocrx_word' id='word_1_294' title='bbox 2076 3524 2439 3612; x_wconf 84' lang='lat' dir='ltr'>provisum</span> <span class='ocrx_word' id='word_1_295' title='bbox 2496 3523 2569 3593; x_wconf 90' lang='lat' dir='ltr'>in</span> <span class='ocrx_word' id='word_1_296' title='bbox 2626 3524 2864 3595; x_wconf 88' lang='lat' dir='ltr'>tertie.</span> <span class='ocrx_word' id='word_1_297' title='bbox 2904 3548 2942 3591; x_wconf 59' lang='grc' dir='ltr'><strong>ν</strong></span> 
     </span>
    </p>

    <p class='ocr_par' dir='ltr' id='par_1_4' title="bbox 583 3628 3280 4732">
     <span class='ocr_line' id='line_1_31' title="bbox 740 3628 3272 3726; baseline 0.001 -25"><span class='ocrx_word' id='word_1_298' title='bbox 740 3633 857 3702; x_wconf 94' lang='grc'>71.</span> <span class='ocrx_word' id='word_1_299' title='bbox 917 3628 1187 3705; x_wconf 90' lang='lat' dir='ltr'>Eadem</span> <span class='ocrx_word' id='word_1_300' title='bbox 1243 3652 1483 3721; x_wconf 85' lang='lat' dir='ltr'>causa,</span> <span class='ocrx_word' id='word_1_301' title='bbox 1526 3635 1867 3722; x_wconf 88' lang='lat' dir='ltr'>quoniam</span> <span class='ocrx_word' id='word_1_302' title='bbox 1904 3638 2063 3722; x_wconf 88' lang='lat' dir='ltr'>post</span> <span class='ocrx_word' id='word_1_303' title='bbox 2103 3649 2528 3723; x_wconf 86' lang='lat' dir='ltr'>responsum</span> <span class='ocrx_word' id='word_1_304' title='bbox 2580 3634 2717 3705; x_wconf 87' lang='lat' dir='ltr'>diei</span> <span class='ocrx_word' id='word_1_305' title='bbox 2757 3637 2882 3707; x_wconf 90' lang='grc'>28.</span> <span class='ocrx_word' id='word_1_306' title='bbox 2930 3633 3099 3726; x_wconf 83' lang='lat' dir='ltr'>Aug.</span> <span class='ocrx_word' id='word_1_307' title='bbox 3140 3635 3272 3706; x_wconf 89' lang='lat' dir='ltr'>da-</span> 
     </span>
     <span class='ocr_line' id='line_1_32' title="bbox 587 3744 3264 3840; baseline 0.002 -27"><span class='ocrx_word' id='word_1_308' title='bbox 587 3747 738 3813; x_wconf 90' lang='lat' dir='ltr'>tum</span> <span class='ocrx_word' id='word_1_309' title='bbox 795 3762 938 3814; x_wconf 90' lang='lat' dir='ltr'>non</span> <span class='ocrx_word' id='word_1_310' title='bbox 993 3745 1219 3815; x_wconf 84' lang='lat' dir='ltr'>levem</span> <span class='ocrx_word' id='word_1_311' title='bbox 1273 3744 1841 3816; x_wconf 82' lang='lat' dir='ltr'>immutationem</span> <span class='ocrx_word' id='word_1_312' title='bbox 1896 3744 2217 3815; x_wconf 83' lang='lat' dir='ltr'>subierat</span> <span class='ocrx_word' id='word_1_313' title='bbox 2270 3747 2455 3817; x_wconf 89' lang='lat' dir='ltr'>circa</span> <span class='ocrx_word' id='word_1_314' title='bbox 2510 3748 2932 3818; x_wconf 85' lang='lat' dir='ltr'>canonicum</span> <span class='ocrx_word' id='word_1_315' title='bbox 2990 3748 3264 3840; x_wconf 85' lang='lat' dir='ltr'>ipsum,</span> 
     </span>
     <span class='ocr_line' id='line_1_33' title="bbox 591 3851 3259 3950; baseline 0 -27"><span class='ocrx_word' id='word_1_316' title='bbox 591 3855 857 3947; x_wconf 91' lang='lat' dir='ltr'>quippe</span> <span class='ocrx_word' id='word_1_317' title='bbox 912 3855 1034 3945; x_wconf 91' lang='lat' dir='ltr'>qui</span> <span class='ocrx_word' id='word_1_318' title='bbox 1072 3874 1159 3927; x_wconf 85' lang='lat' dir='ltr'>ex</span> <span class='ocrx_word' id='word_1_319' title='bbox 1196 3857 1395 3927; x_wconf 90' lang='lat' dir='ltr'>iussu</span> <span class='ocrx_word' id='word_1_320' title='bbox 1451 3856 1722 3927; x_wconf 86' lang='lat' dir='ltr'>Summi</span> <span class='ocrx_word' id='word_1_321' title='bbox 1776 3851 2139 3927; x_wconf 82' lang='lat' dir='ltr'>Pontificis</span> <span class='ocrx_word' id='word_1_322' title='bbox 2191 3874 2317 3947; x_wconf 90' lang='lat' dir='ltr'>per</span> <span class='ocrx_word' id='word_1_323' title='bbox 2370 3859 2445 3929; x_wconf 87' lang='lat' dir='ltr'>S.</span> <span class='ocrx_word' id='word_1_324' title='bbox 2486 3854 2559 3928; x_wconf 84' lang='lat' dir='ltr'>C.</span> <span class='ocrx_word' id='word_1_325' title='bbox 2600 3855 2841 3950; x_wconf 88' lang='lat' dir='ltr'>Episc.</span> <span class='ocrx_word' id='word_1_326' title='bbox 2886 3865 2959 3931; x_wconf 89' lang='lat' dir='ltr'>et</span> <span class='ocrx_word' id='word_1_327' title='bbox 3004 3856 3259 3949; x_wconf 82' lang='lat' dir='ltr'>Regni.</span> 
     </span>
     <span class='ocr_line' id='line_1_34' title="bbox 586 3968 3275 4061; baseline 0 -23"><span class='ocrx_word' id='word_1_328' title='bbox 586 3986 984 4058; x_wconf 89' lang='lat' dir='ltr'>suspensus</span> <span class='ocrx_word' id='word_1_329' title='bbox 1039 3970 1271 4042; x_wconf 81' lang='lat' dir='ltr'>fuerat</span> <span class='ocrx_word' id='word_1_330' title='bbox 1309 3969 1399 4040; x_wconf 90' lang='lat' dir='ltr'>ab</span> <span class='ocrx_word' id='word_1_331' title='bbox 1438 3969 1851 4041; x_wconf 78' lang='lat' dir='ltr'>exercendis</span> <span class='ocrx_word' id='word_1_332' title='bbox 1903 3968 2394 4041; x_wconf 81' lang='lat' dir='ltr'>functionibus</span> <span class='ocrx_word' id='word_1_333' title='bbox 2435 3971 2962 4059; x_wconf 81' lang='lat' dir='ltr'>ecelesiasticis,</span> <span class='ocrx_word' id='word_1_334' title='bbox 3005 3976 3073 4043; x_wconf 84' lang='lat' dir='ltr'>et</span> <span class='ocrx_word' id='word_1_335' title='bbox 3105 3986 3275 4061; x_wconf 86' lang='lat' dir='ltr'>spe-</span> 
     </span>
     <span class='ocr_line' id='line_1_35' title="bbox 588 4078 3263 4171; baseline -0.001 -19"><span class='ocrx_word' id='word_1_336' title='bbox 588 4083 830 4152; x_wconf 88' lang='lat' dir='ltr'>ciatim</span> <span class='ocrx_word' id='word_1_337' title='bbox 883 4081 975 4152; x_wconf 89' lang='lat' dir='ltr'>ab</span> <span class='ocrx_word' id='word_1_338' title='bbox 1030 4099 1316 4155; x_wconf 86' lang='lat' dir='ltr'>accessu</span> <span class='ocrx_word' id='word_1_339' title='bbox 1370 4082 1459 4153; x_wconf 91' lang='lat' dir='ltr'>ad</span> <span class='ocrx_word' id='word_1_340' title='bbox 1517 4081 1837 4168; x_wconf 85' lang='lat' dir='ltr'>chorum,</span> <span class='ocrx_word' id='word_1_341' title='bbox 1881 4096 2109 4171; x_wconf 89' lang='lat' dir='ltr'>usque</span> <span class='ocrx_word' id='word_1_342' title='bbox 2146 4082 2314 4154; x_wconf 84' lang='lat' dir='ltr'>dum</span> <span class='ocrx_word' id='word_1_343' title='bbox 2360 4083 2570 4154; x_wconf 87' lang='lat' dir='ltr'>aliter</span> <span class='ocrx_word' id='word_1_344' title='bbox 2623 4082 2713 4151; x_wconf 86' lang='lat' dir='ltr'>ab</span> <span class='ocrx_word' id='word_1_345' title='bbox 2768 4084 3021 4153; x_wconf 86' lang='lat' dir='ltr'>eadem</span> <span class='ocrx_word' id='word_1_346' title='bbox 3072 4079 3140 4152; x_wconf 92' lang='lat' dir='ltr'>S.</span> <span class='ocrx_word' id='word_1_347' title='bbox 3187 4078 3263 4151; x_wconf 91' lang='lat' dir='ltr'>C.</span> 
     </span>
     <span class='ocr_line' id='line_1_36' title="bbox 583 4191 3270 4284; baseline -0.001 -21"><span class='ocrx_word' id='word_1_348' title='bbox 583 4194 945 4283; x_wconf 87' lang='lat' dir='ltr'>provisum</span> <span class='ocrx_word' id='word_1_349' title='bbox 1000 4193 1280 4281; x_wconf 81' lang='lat' dir='ltr'>fuisset,</span> <span class='ocrx_word' id='word_1_350' title='bbox 1339 4194 1776 4284; x_wconf 77' lang='lat' dir='ltr'>reproposita</span> <span class='ocrx_word' id='word_1_351' title='bbox 1850 4191 1979 4264; x_wconf 83' lang='lat' dir='ltr'>init</span> <span class='ocrx_word' id='word_1_352' title='bbox 2034 4212 2227 4265; x_wconf 90' lang='lat' dir='ltr'>anno</span> <span class='ocrx_word' id='word_1_353' title='bbox 2298 4192 2775 4284; x_wconf 83' lang='lat' dir='ltr'>subsequenti</span> <span class='ocrx_word' id='word_1_354' title='bbox 2834 4194 3047 4265; x_wconf 68' lang='grc'><strong>1841.</strong></span> <span class='ocrx_word' id='word_1_355' title='bbox 3098 4210 3270 4263; x_wconf 88' lang='lat' dir='ltr'>cum</span> 
     </span>
     <span class='ocr_line' id='line_1_37' title="bbox 584 4301 3277 4396; baseline -0.001 -22"><span class='ocrx_word' id='word_1_356' title='bbox 584 4322 692 4393; x_wconf 85' lang='lat' dir='ltr'>ee,</span> <span class='ocrx_word' id='word_1_357' title='bbox 737 4304 929 4394; x_wconf 92' lang='lat' dir='ltr'>quod</span> <span class='ocrx_word' id='word_1_358' title='bbox 974 4308 1328 4396; x_wconf 88' lang='lat' dir='ltr'>sequitur,</span> <span class='ocrx_word' id='word_1_359' title='bbox 1371 4304 1627 4377; x_wconf 85' lang='lat' dir='ltr'>dubio:</span> <span class='ocrx_word' id='word_1_360' title='bbox 1677 4327 1712 4369; x_wconf 89' lang='lat'>‹&lt;</span> <span class='ocrx_word' id='word_1_361' title='bbox 1746 4304 1844 4375; x_wconf 78' lang='lat' dir='ltr'>An</span> <span class='ocrx_word' id='word_1_362' title='bbox 1885 4305 2224 4377; x_wconf 89' lang='lat' dir='ltr'>canonico</span> <span class='ocrx_word' id='word_1_363' title='bbox 2262 4301 2348 4374; x_wconf 91' lang='lat' dir='ltr'>N.</span> <span class='ocrx_word' id='word_1_364' title='bbox 2387 4305 2792 4377; x_wconf 88' lang='lat' dir='ltr'>debeantur</span> <span class='ocrx_word' id='word_1_365' title='bbox 2827 4304 3277 4376; x_wconf 87' lang='lat' dir='ltr'>distributio-</span> 
     </span>
     <span class='ocr_line' id='line_1_38' title="bbox 589 4412 3269 4509; baseline 0 -27"><span class='ocrx_word' id='word_1_366' title='bbox 589 4439 626 4482; x_wconf 79' lang='lat'><strong>»</strong></span> <span class='ocrx_word' id='word_1_367' title='bbox 666 4434 794 4487; x_wconf 90' lang='lat' dir='ltr'>nes</span> <span class='ocrx_word' id='word_1_368' title='bbox 822 4416 1144 4489; x_wconf 86' lang='lat' dir='ltr'>chorales</span> <span class='ocrx_word' id='word_1_369' title='bbox 1173 4419 1514 4490; x_wconf 83' lang='lat' dir='ltr'>decursae</span> <span class='ocrx_word' id='word_1_370' title='bbox 1542 4426 1702 4509; x_wconf 89' lang='lat' dir='ltr'>post</span> <span class='ocrx_word' id='word_1_371' title='bbox 1740 4417 2244 4489; x_wconf 84' lang='lat' dir='ltr'>resolutionem</span> <span class='ocrx_word' id='word_1_372' title='bbox 2286 4412 2358 4486; x_wconf 92' lang='lat' dir='ltr'>S.</span> <span class='ocrx_word' id='word_1_373' title='bbox 2391 4414 2466 4488; x_wconf 92' lang='lat' dir='ltr'>C.</span> <span class='ocrx_word' id='word_1_374' title='bbox 2499 4417 2637 4489; x_wconf 88' lang='lat' dir='ltr'>diei</span> <span class='ocrx_word' id='word_1_375' title='bbox 2666 4418 2787 4489; x_wconf 91' lang='grc'>28.</span> <span class='ocrx_word' id='word_1_376' title='bbox 2816 4415 2993 4508; x_wconf 82' lang='lat' dir='ltr'>Aug.</span> <span class='ocrx_word' id='word_1_377' title='bbox 3015 4414 3269 4499; x_wconf 64' lang='lat'><strong>1843„</strong></span> 
     </span>
     <span class='ocr_line' id='line_1_39' title="bbox 588 4528 3280 4618; baseline 0 -25"><span class='ocrx_word' id='word_1_378' title='bbox 588 4549 626 4593; x_wconf 65' lang='grc' dir='ltr'>ι»</span> <span class='ocrx_word' id='word_1_379' title='bbox 669 4545 809 4616; x_wconf 91' lang='lat' dir='ltr'>qua</span> <span class='ocrx_word' id='word_1_380' title='bbox 865 4528 1303 4602; x_wconf 86' lang='lat' dir='ltr'>declaratum</span> <span class='ocrx_word' id='word_1_381' title='bbox 1356 4528 1517 4618; x_wconf 81' lang='lat' dir='ltr'>fuit,</span> <span class='ocrx_word' id='word_1_382' title='bbox 1576 4530 1807 4602; x_wconf 87' lang='lat' dir='ltr'>locum</span> <span class='ocrx_word' id='word_1_383' title='bbox 1860 4545 2013 4601; x_wconf 89' lang='lat' dir='ltr'>esse</span> <span class='ocrx_word' id='word_1_384' title='bbox 2065 4530 2543 4601; x_wconf 87' lang='lat' dir='ltr'>resumendae</span> <span class='ocrx_word' id='word_1_385' title='bbox 2604 4529 3048 4618; x_wconf 88' lang='lat' dir='ltr'>inquisitioni</span> <span class='ocrx_word' id='word_1_386' title='bbox 3094 4543 3280 4615; x_wconf 89' lang='lat' dir='ltr'>pro-</span> 
     </span>
     <span class='ocr_line' id='line_1_40' title="bbox 589 4635 3279 4732; baseline 0 -27"><span class='ocrx_word' id='word_1_387' title='bbox 589 4661 627 4705; x_wconf 75' lang='lat'><strong>»</strong></span> <span class='ocrx_word' id='word_1_388' title='bbox 669 4639 971 4710; x_wconf 89' lang='lat' dir='ltr'>cessuali</span> <span class='ocrx_word' id='word_1_389' title='bbox 1024 4642 1098 4711; x_wconf 91' lang='lat' dir='ltr'>in</span> <span class='ocrx_word' id='word_1_390' title='bbox 1152 4660 1322 4715; x_wconf 90' lang='lat' dir='ltr'>casu</span> <span class='ocrx_word' id='word_1_391' title='bbox 1372 4642 1869 4715; x_wconf 85' lang='lat' dir='ltr'>tantummodo</span> <span class='ocrx_word' id='word_1_392' title='bbox 1901 4695 1921 4732; x_wconf 87' lang='lat'>‚</span> <span class='ocrx_word' id='word_1_393' title='bbox 1997 4659 2138 4732; x_wconf 92' lang='lat' dir='ltr'>quo</span> <span class='ocrx_word' id='word_1_394' title='bbox 2191 4641 2715 4732; x_wconf 85' lang='lat' dir='ltr'>superveniant</span> <span class='ocrx_word' id='word_1_395' title='bbox 2768 4659 2951 4713; x_wconf 88' lang='lat' dir='ltr'>nova</span> <span class='ocrx_word' id='word_1_396' title='bbox 3003 4635 3279 4710; x_wconf 86' lang='lat' dir='ltr'>indicia</span> 
     </span>
    </p>
   </div>
  </div>
 </body>
</html>
