3497 5235
475 347 563 412 94
1229 347 1597 407 Iusti-uetiam
1638 346 1692 404 8.
1723 345 1905 420 Oongt.
1935 344 2081 403 Ocno.
2121 345 2392 420 expositio.

481 481 696 558 Ratio
746 483 1117 577 potissima
1153 481 1629 555 asservandae
1664 478 2158 555 Eucharistiae
2192 482 2391 553 iuxta
2427 480 2751 553 doctores
2783 480 2860 551 in
2896 475 2978 552 e'o
3013 480 3158 552 sita

481 605 620 686 est,
676 604 758 670 ut
809 595 1188 689 parochuS‚
1246 594 1538 684 quando
1595 614 1634 660 ‹
1671 594 1826 686 quis
1866 594 2267 686 infirmatus
2302 592 2523 683 fuerit
2571 586 2704 685 (ita
2761 591 2937 665 Can.
2979 592 3160 665 Pre-

485 736 527 781 ι
563 710 793 802 sbyter
843 708 1010 782 dist.
1048 707 1125 780 2.
1180 705 1264 778 de
1318 701 1562 799 Com.)
1613 705 1862 779 statim
1913 725 2072 777 eum
2121 703 2614 785 communicet,
2649 722 2734 775 ne
2767 704 2920 775 sine
2958 703 3159 777 Com-

483 848 522 894 »
564 821 894 894 munione
919 819 1295 892 moriatur.
1319 842 1356 887 »
1394 814 1604 890 Petra
1642 818 1736 890 ad
1771 814 2070 890 Constit.
2106 816 2164 888 Ι.
2203 817 2471 889 Urbani
2496 815 2620 888 IV.
2654 837 2730 888 η.
2758 813 2875 889 45.
2908 823 2975 890 et
3008 836 3154 907 seq.

479 928 691 1029 (tom.
731 931 805 1005 3.
809 929 877 1027 ).
935 927 1123 1002 Hinc
1172 929 1400 1020 primo
1454 929 1606 1002 loco
1659 929 1813 1002 iure
1862 946 1993 1001 suo
2045 924 2223 1001 Ven.
2265 928 2803 1001 Sacramentum
2842 927 3160 1001 retinent

479 1044 826 1117 ecclesiae
876 1042 1318 1134 parochiales
1342 1093 1363 1131 ,
1422 1048 1642 1131 atque
1694 1041 1873 1113 adeo
1923 1039 2376 1113 cathedrales
2404 1092 2425 1130 ,
2502 1041 2672 1131 quia
2725 1045 3161 1133 reputantur

482 1155 759 1247 primae
792 1155 1194 1227 dioeceseos
1231 1151 1637 1244 parochiae.
1679 1149 1782 1224 De
1815 1151 1929 1224 his
1965 1151 2380 1239 adnotatur,
2422 1152 2616 1242 quod
2650 1151 2939 1224 resolvit
2971 1148 3048 1222 S.
3071 1147 3153 1222 C.

483 1262 727 1358 Episc.
768 1273 837 1338 et
872 1261 1133 1357 Regul.
1166 1265 1242 1335 in
1270 1265 1531 1337 Lucen.
1569 1263 1687 1336 10.
1721 1261 1899 1335 Feb.
1927 1263 2143 1335 1579.
2168 1262 2509 1354 Aquilan.
2539 1263 2662 1334 29.
2687 1260 2872 1355 Aug.
2901 1261 3156 1350 1594„

484 1383 555 1450 et
593 1376 907 1450 caserta.
948 1376 1069 1448 28.
1101 1372 1446 1447 Novemb.
1485 1374 1699 1446 1594.
1734 1375 1929 1465 apud
1963 1373 2242 1448 Petram
2280 1374 2331 1446 l.
2363 1394 2429 1447 c.
2472 1393 2546 1446 n.
2584 1372 2737 1464 46„
2780 1374 3154 1447 videlicet:

483 1509 529 1555 ι
567 1484 1135 1560 'sabernaculum
1187 1482 1384 1558 SSr‘ni
1422 1485 1864 1559 Sacramenti
1901 1487 1976 1557 in
2012 1486 2547 1559 cathedralibus
2598 1479 2734 1581 (sic
2766 1482 2955 1581 ipsa)
3009 1503 3161 1557 non

490 1623 528 1670 »
569 1599 785 1674 debet
836 1617 993 1672 esse
1026 1600 1102 1670 in
1138 1598 1346 1670 altari
1382 1597 1630 1670 maiori
1664 1605 1959 1690 propter
1992 1598 2395 1672 functiones
2432 1599 2925 1690 particulareS‚
2965 1616 3157 1689 quae

487 1734 529 1779 ι
569 1709 756 1783 fiunt
807 1711 1027 1783 versis
1078 1709 1371 1781 renibus
1422 1710 1516 1783 ad
1566 1709 1836 1782 altare:
1893 1711 1969 1782 in
2019 1710 2552 1803 parochialibus
2603 1728 2769 1783 vero
2822 1718 2893 1783 et
2946 1728 3160 1803 regu-

488 1846 526 1893 »
567 1822 841 1895 laribus
876 1821 1189 1894 ecclesiis
1224 1820 1441 1894 debet
1476 1838 1633 1894 esse
1667 1821 1742 1894 in
1783 1822 1992 1894 altari
2029 1824 2277 1894 maiori
2313 1822 2740 1915 regulariter
2782 1831 3161 1912 tamquam

491 1957 530 2003 ιι
567 1933 875 2025 digniori
926 1926 1067 2027 (1).
1113 1958 1150 2001 »
1206 1929 1679 2005 Confirmatur
1730 1951 1819 2006 ex
1870 1951 2085 2006 causa
2145 1933 2471 2008 Casalen.
2534 1935 2649 2006 16.
2708 1929 2875 2004 Maii
2933 1934 3153 2005 1708.

488 2045 583 2117 ad
633 2044 811 2117 dub.
854 2046 975 2117 72.
1031 2046 1346 2118 resoluta
1398 2064 1439 2117 a
1490 2042 2051 2138 Congregatione
2101 2046 2556 2138 particulari,
2614 2063 2831 2136 quam
2893 2045 3161 2117 SSriius

484 2155 861 2247 deputavit
910 2162 983 2229 et
1032 2157 1268 2229 eidem
1319 2156 1685 2230 assidebat
1719 2158 1825 2230 uti
1862 2154 2300 2231 Secretarius
2352 2158 2508 2249 ipse
2557 2154 2795 2247 Petra,
2834 2157 2959 2247 qui
2996 2174 3160 2229 eam

483 2268 999 2340 resolutionem
1050 2267 1389 2340 exscribit
1438 2268 1492 2340 l.
1532 2288 1598 2342 c.
1640 2287 1715 2340 η.
1762 2266 1882 2342 46.

633 2380 755 2450 92.
814 2375 993 2452 Ven.
1053 2380 1593 2452 Sacramentum
1645 2381 1954 2453 retinere
2003 2380 2426 2472 permissum
2478 2385 2587 2454 est
2637 2380 2854 2453 etiam
2923 2380 2998 2451 in
3042 2397 3165 2452 ec-

482 2490 722 2563 clesiis
774 2487 1242 2583 Regularium
1293 2493 1669 2582 utriusque
1720 2510 1980 2582 sexuS,
2036 2494 2186 2564 sive
2236 2493 2407 2583 quia
2458 2493 2767 2585 religiosi
2838 2493 2972 2564 viri
3040 2490 3159 2562 vel

485 2599 845 2677 foeminae
881 2601 1246 2676 habentur
1278 2610 1646 2694 tamquam
1681 2603 2129 2696 parochiani,
2170 2622 2559 2695 eorumque
2593 2605 2937 2678 ecclesiae
2974 2609 3162 2676 tam-

489 2731 708 2804 quam
757 2715 1183 2807 parochiae,
1248 2717 1397 2788 sive
1452 2718 1622 2806 quia
1673 2717 2110 2808 regularium
2163 2715 2533 2790 domorum
2584 2717 2845 2790 erectio
2898 2734 3058 2789 cum
3113 2734 3160 2786 a

487 2824 670 2899 Sede
723 2825 1124 2919 Apostolica
1176 2827 1543 2921 procedat,
1596 2829 1816 2902 tacite
1865 2828 2001 2901 hoc
2051 2828 2501 2920 privilegium
2552 2846 2793 2901 secum
2829 2829 3012 2901 ferre
3047 2827 3161 2900 di-

488 2938 714 3011 cenda
767 2939 885 3011 sit.
942 2934 1183 3033 (Petra
1237 2940 1370 3012 loc.
1414 2942 1536 3012 cit.
1578 2959 1653 3011 n.
1700 2941 1818 3013 18.
1860 2947 1933 3014 et
1966 2935 2188 3035 seq.).
2252 2937 2334 3011 At
2385 2939 2444 3010 si
2498 2957 2610 3012 res
2660 2942 2754 3014 sit
2804 2940 2893 3014 de
2946 2941 3160 3012 domo

485 3056 723 3123 erecta
774 3052 1197 3125 auctoritate
1249 3046 1624 3143 Episcopi,
1690 3058 1772 3125 ut
1839 3053 2079 3126 evenit
2131 3050 2583 3143 peculiariter
2633 3054 2724 3127 de
2776 3053 3158 3125 mulierum

481 3163 1059 3252 conservatorii5‚
1100 3170 1170 3236 et
1205 3163 1615 3236 huiusmodi
1653 3164 2131 3254 monasteriiS,
2169 3165 2246 3236 in
2284 3166 2550 3256 quibus
2600 3172 2766 3238 vota
2802 3163 3158 3254 simplicia

479 3273 937 3363 emittuntur,
993 3278 1474 3349 necessarium
1526 3280 1637 3350 est
1687 3275 2049 3349 indultum
2090 3273 2594 3367 Apostolicurn.
2634 3272 2788 3357 Qua
2832 3291 3046 3365 super
3082 3293 3162 3347 re

484 3380 754 3457 Bened.
811 3381 1003 3457 XIV.
1062 3388 1136 3458 in
1187 3383 1484 3461 Constit.
1546 3388 1889 3473 Quamvis
1942 3390 2126 3461 iusto
2176 3389 2297 3461 30.
2339 3385 2508 3480 Apr.
2555 3387 2768 3458 1749.
2826 3381 2934 3481 (ἓ.
2988 3381 3161 3480 24.)

481 3496 989 3569 resolutionem
1042 3498 1116 3570 S.
1157 3496 1234 3570 C.
1276 3517 1491 3590 super
1528 3499 1927 3592 virginibus
1964 3499 2358 3590 anglicanis
2395 3516 2483 3571 ex
2515 3498 2709 3599 omni
2746 3502 2950 3588 parte
2985 3513 3163 3569 con-,

485 3607 779 3680 firmans
813 3609 1062 3681 ultimo
1098 3609 1251 3682 loco
1286 3611 1558 3683 eisdem
1609 3609 2011 3702 virginibus
2063 3611 2345 3681 veniam
2382 3609 2635 3683 tribuit
2671 3610 2868 3680 iuxta
2906 3615 3158 3680 votum

478 3715 558 3790 S.
600 3715 1209 3812 CongregationiS,
1266 3728 1347 3794 ut
1398 3721 1692 3794 SSrham
1743 3718 2273 3795 Eucharistiam
2326 3722 2634 3793 retinere
2683 3727 2988 3811 pergant
3024 3735 3158 3811 per

486 3828 665 3903 haec
714 3832 985 3905 verba:
1062 3853 1101 3899 ‹
1138 3829 1488 3914 Quoniam
1556 3851 1722 3905 vero
1775 3832 2069 3905 alterius
2119 3831 2527 3904 huiusmodi
2584 3833 2851 3923 gratiae
2904 3845 3162 3901 conce-

490 3963 528 4010 »
568 3941 844 4014 dendae
896 3943 1006 4016 ius
1058 3943 1151 4015 ad
1203 3961 1380 4033 noS,
1436 3951 1508 4017 et
1560 3942 2033 4035 Apostolicam
2087 3943 2341 4016 Sedem
2411 3944 2760 4037 privative
2810 3942 3156 4033 pertinet,

489 4072 530 4121 ι
567 4054 759 4141 quod
809 4055 1049 4127 innuit
1098 4054 1463 4128 decretum
1516 4057 1848 4147 superius
1901 4055 2239 4145 relatum,
2288 4062 2358 4128 et
2411 4055 2755 4127 canonica
2802 4053 3007 4126 docet
3043 4052 3161 4124 di-

490 4185 529 4231 »
566 4162 895 4254 sciplina,
953 4166 1150 4238 iuxta
1203 4183 1420 4257 quam
1471 4173 1927 4253 sacrosancta
1980 4164 2432 4239 Eucharistia
2467 4167 2539 4239 in
2579 4166 2924 4255 ecclesiis,
2967 4182 3157 4255 quae

491 4292 532 4341 ι
570 4274 1010 4364 parochiales
1064 4296 1210 4351 non
1250 4284 1446 4368 sunt,
1485 4278 1779 4352 retineri
1816 4296 1963 4351 non
1998 4285 2233 4370 potest
2265 4278 2541 4369 absque
2575 4277 2930 4370 praesidio
2973 4275 3163 4367 Apo-

632 4572 708 4646 (1)
747 4575 878 4629 vid.
906 4578 1259 4632 collectanea
1294 4578 1554 4632 Bizzarri
1589 4594 1719 4645 pag.
1751 4579 1875 4645 244,
1918 4580 2016 4632 ubi
2053 4581 2111 4633 S.
2139 4581 2203 4634 Ο.
2231 4578 2599 4644 praescripsit
2636 4579 3057 4633 sacramentum
3096 4576 3166 4628 in

485 4659 690 4751 maiori
724 4662 903 4714 altari
941 4676 1049 4714 non
1085 4678 1207 4716 esse
1245 4663 1662 4717 custodiendum
1702 4666 1766 4717 in
1802 4664 2058 4717 Ecclesia
2095 4664 2472 4729 confratrum,
2516 4661 2612 4715 sed
2646 4663 2709 4716 in
2741 4664 2924 4716 altero
2952 4661 3160 4726 altari,

487 4744 706 4812 quando
740 4745 864 4801 heic
899 4745 1189 4801 decentius
1227 4749 1512 4803 asservari
1548 4752 1795 4817 poterat.
1835 4748 1982 4802 Item
2020 4747 2138 4803 vid.
2178 4748 2323 4801 Acta
2350 4747 2464 4802 vol.
2494 4748 2575 4801 11.
2615 4762 2744 4815 pag.
2774 4747 2882 4799 296
2910 4747 2972 4798 in
2998 4747 3163 4800 nota.
