3497 5235
494 152 574 215 70
1184 160 1201 207 ·;
1261 150 1634 213 humationi·
1673 149 1727 207 8.
1756 148 1940 224 Gongr.
1967 148 2116 209 Ocno.
2155 128 2427 227 οἱμιὶὶἰσ.

648 288 767 360 40.
810 284 1011 368 Quae
1064 303 1273 378 porro
1327 286 1650 359 doctrina
1701 287 1920 358 etiam
1974 285 2362 378 collegiatis
2413 286 2732 377 aptanda
2784 304 2939 360 esse
2972 286 3175 360 vide-

497 406 640 490 tur,
697 403 756 473 si
808 420 848 473 e
901 419 1195 474 numero
1248 418 1519 489 eorum,
1577 399 1842 490 quibus
1893 399 2070 472 illud
2123 417 2305 473 onus
2354 400 2707 498 inhaeret,
2764 401 2993 492 primo
3044 401 3174 475 de·-

506 531 659 585 mas
708 509 1138 604 Episcopum
1193 506 1613 607 (dummodo
1685 498 1892 583 aliter
1958 512 2396 586 consuetudo
2462 530 2607 583 non
2676 510 2900 602 ferat,
2956 518 3172 603 prout

496 643 563 698 e.
600 645 668 717 g.
711 624 846 699 fert
897 627 972 697 in
1023 626 1396 719 collegiata
1449 621 1759 695 Motulae
1811 623 2118 695 dioeces,
2159 621 2713 696 Castellaneten.
2756 622 2829 695 S.
2871 621 2947 695 C.
2989 621 3177 695 Con-

498 737 643 810 cilii
687 738 759 808 in
819 737 1269 811 Castellanet.
1312 735 1433 807 24.
1468 732 1630 806 Iulii
1675 733 1928 827 1858.)
1998 742 2069 807 et
2135 735 2447 808 secundo
2513 735 2827 827 clerum,
2884 736 3009 827 qui
3078 736 3170 809 de

498 848 875 940 collegiata
927 849 1221 920 minime
1271 849 1389 919 sit.

647 962 765 1033 41.
807 958 939 1033 Pro
992 957 1201 1032 Italia
1256 967 1326 1033 et
1379 958 1634 1031 insulis
1686 957 2187 1031 adiacentibus
2237 957 2684 1031 observanda
2722 963 2829 1030 est
2866 955 3168 1032 Constit.

492 1092 555 1145 S.
591 1092 686 1146 m.
731 1070 1003 1146 Bened.
1046 1069 1252 1144 XIII.
1305 1072 1501 1144 data.
1547 1067 1669 1141 IV.
1712 1067 1823 1142 Id.
1867 1066 2032 1141 Maii
2092 1070 2305 1141 1725.
2365 1070 2586 1161 incip.
2623 1070 2797 1142 Pius
2848 1075 2915 1142 et
2965 1070 3178 1142 mise-

498 1186 754 1267 ricors,
809 1186 882 1257 in
936 1204 1077 1275 qua
1130 1190 1445 1273 cavetur,
1502 1187 1585 1254 ut
1635 1183 1728 1255 ad
1781 1183 2375 1254 restaurationem
2438 1200 2521 1254 ac
2572 1188 2991 1272 perpetuam
3030 1181 3176 1253 tui-

496 1297 763 1370 tionem
815 1295 1248 1371 Iabricarum
1300 1292 1820 1366 cathedralium
1875 1299 1947 1366 et
2016 1293 2554 1385 collegiatarum
2618 1292 2992 1366 dimidium
3061 1312 3177 1366 re-

496 1408 777 1481 dituum
829 1405 1358 1481 beneficialium
1412 1405 1621 1493 primi
1683 1404 1883 1492 anni,
1950 1404 2144 1493 quod
2206 1412 2496 1477 vocatur
2556 1405 2791 1477 media
2851 1412 3176 1489 annoto,

498 1518 592 1591 ab
645 1519 976 1592 omnibus
1027 1517 1474 1590 beneficiatis
1509 1516 1983 1605 persolvatur;
2027 1532 2242 1605 quam
2281 1517 2541 1590 idcirco
2575 1515 3174 1589 Constitutionem

500 1630 754 1704 damus
808 1631 992 1703 infra
1045 1631 1119 1702 in
1173 1628 1570 1720 appendice
1621 1628 1838 1702 huius
1890 1628 2267 1700 voluminis
2318 1647 2518 1699 num.
2555 1629 2624 1699 5.
2682 1624 2786 1699 Ea
2849 1648 2993 1701 non
3065 1628 3178 1700 af-

497 1742 645 1817 ficit
696 1742 1074 1832 beneficia,
1134 1758 1437 1832 quorum
1488 1741 1804 1830 collatio,
1859 1740 2212 1813 institutio
2265 1747 2339 1812 et
2387 1741 2693 1830 provisio
2754 1741 2847 1813 ad
2911 1739 3174 1813 Sedem

503 1853 974 1946 Apostolicam
1027 1852 1363 1944 pertinet,
1413 1869 1651 1942 neque
1687 1871 1799 1941 ea,
1843 1870 2144 1943 quorum
2181 1857 2487 1924 rectores
2524 1871 2608 1924 ex
2647 1853 3172 1925 consuetudine

495 1985 622 2039 sex
676 1964 1027 2037 mensium
1081 1963 1355 2036 fructus
1418 1962 1730 2036 fabricae
1785 1971 1908 2037 aut
1960 1964 2325 2036 sacristiae
2379 1964 2730 2055 pendunt.
2787 1962 3170 2038 Praeterea

496 2078 835 2168 quoniam
889 2093 1016 2165 per
1068 2075 1297 2164 ipsam
1348 2094 1710 2148 sacrorum
1762 2093 2120 2149 canonum
2170 2082 2442 2148 statuta
2495 2084 2567 2149 et
2605 2077 2962 2168 praesidia
2996 2077 3184 2150 sub-

494 2190 644 2261 lata
697 2188 809 2261 vel
863 2188 1243 2260 imminuta
1296 2205 1442 2259 non
1496 2193 1692 2275 sunt,
1763 2187 2248 2260 firmissimum
2322 2204 2690 2261 remanere
2758 2187 3178 2261 decernitur

495 2298 942 2393 reparandae
994 2298 1429 2372 cathedralis
1483 2317 1691 2387 onus,
1750 2299 1943 2390 quod
2019 2296 2392 2391 Episcopis
2444 2320 2486 2371 a
2541 2301 2692 2372 iure
2762 2301 3173 2373 iniunctum

497 2419 632 2486 est.
690 2410 938 2502 Neque
990 2412 1207 2484 etiam
1261 2411 1512 2483 eadem
1564 2407 1992 2483 Constitutio
2044 2410 2265 2483 babet
2318 2412 2578 2500 locum,
2621 2412 2912 2501 quando
2965 2429 3180 2502 repe-

494 2525 677 2596 ritur
728 2542 949 2614 opuS,
1024 2541 1152 2595 seu
1222 2523 1732 2614 patrimonium
1786 2521 2144 2614 peculiare
2195 2521 2511 2595 fabricae
2563 2522 2999 2596 sufficienter
3061 2524 3180 2594 in-

497 2642 875 2724 structum,
934 2643 1057 2708 aut
1110 2654 1319 2722 onuS,
1375 2635 1488 2707 vel
1538 2634 1882 2727 obligatio
1934 2635 2476 2707 restaurationis
2527 2653 2612 2707 ac
2663 2636 2985 2708 tuitionis
3056 2653 3170 2709 re·

496 2746 681 2820 sidet
733 2765 957 2839 penes
1009 2746 1558 2819 communitates
1612 2747 1982 2835 laicorum,
2039 2746 2150 2819 vel
2204 2746 2469 2818 adsunt
2519 2747 2871 2820 dictarum
2942 2748 3174 2821 eccle-

496 2860 764 2931 siarum
816 2859 1128 2953 patroni,
1185 2859 1310 2949 qui
1365 2857 1502 2928 nisi
1552 2875 1883 2948 reparare
1938 2858 2159 2930 velint
2211 2877 2293 2931 ac
2346 2865 2810 2931 manutenere
2878 2859 3172 2931 easdem

498 2971 863 3059 ecclesias,
922 2989 1168 3044 earum
1221 2977 1678 3061 patronatum
1720 2970 2083 3041 amittant.

644 3083 763 3155 42.
801 3080 1051 3173 Neque
1103 3080 1613 3172 obligationem
1666 3081 1938 3153 mediae
1995 3086 2311 3154 arcuatae
2377 3081 2888 3172 persolvendae
2956 3098 3182 3153 excu-

495 3213 653 3268 sare
704 3202 777 3267 et
826 3195 1171 3286 impedire
1222 3199 1466 3284 posset
1517 3190 2115 3266 immemorabilis
2153 3211 2312 3266 eam
2385 3211 2531 3265 non
2599 3192 2933 3284 exigendi
3000 3211 3182 3266 con-

408 3359 419 3368 .
493 3307 828 3393 suetud03
886 3307 1153 3397 quippe
1206 3305 1281 3376 in
1335 3304 1526 3376 dicta
1580 3303 2102 3377 Constitutione
2153 3305 2473 3378 clausula
2525 3305 2807 3377 sublata
2844 3308 3173 3395 apposita

490 3425 601 3491 est
654 3435 813 3489 cum
860 3417 1133 3491 decreto
1185 3416 1546 3497 irritanti,
1602 3423 1681 3488 ut
1731 3415 2018 3489 resolvit
2083 3413 2158 3489 S.
2215 3415 2291 3486 C.
2341 3415 2630 3490 Concilii
2708 3418 2782 3488 in
2864 3417 3175 3489 Reatina

494 3529 679 3605 Med.
713 3534 969 3601 annot.
1010 3529 1126 3598 16.
1160 3524 1325 3598 Maii
1359 3528 1571 3600 1789.
1604 3525 1678 3622 ἓ.
1713 3525 1933 3600 Casus
1968 3528 2364 3601 Ariminen.
2400 3527 2582 3599 Med.
2617 3547 2793 3600 ann.
2834 3529 2950 3600 13.
2986 3525 3178 3600 Mar-

492 3641 575 3712 tii
617 3640 865 3728 1841.;
906 3657 989 3711 ac
1041 3638 1457 3729 ceteroquin
1511 3658 1719 3712 nemo
1773 3641 2029 3728 nescit,
2088 3638 2360 3711 nullam
2414 3658 2570 3711 esse
2646 3641 2789 3712 vim
2868 3657 3172 3713 consue-

494 3752 733 3824 tudini
783 3750 896 3824 vel
948 3747 1492 3822 immemorabili
1545 3758 1791 3823 contra
1845 3751 2374 3843 dispositioneS,
2415 3768 2603 3840 quae
2642 3753 2959 3825 munitae
2995 3758 3172 3825 sunt

495 3864 814 3936 clausula
868 3864 1147 3936 sublata
1182 3869 1256 3935 et
1288 3861 1557 3936 decreto
1592 3864 1948 3938 irritanti.
1989 3862 2174 3937 Rota
2210 3864 2423 3937 decis.
2457 3864 2626 3936 575.
2661 3886 2735 3937 n.
2766 3865 2882 3938 Η.
2924 3885 3171 3938 coram

494 3977 757 4058 Penio,
795 3983 862 4050 et
899 3975 1296 4049 Gerunden.
1343 3973 1613 4047 Canon.
1658 3978 1728 4048 3.
1773 3972 2008 4048 Martii
2049 3977 2262 4049 1727.
2312 3974 2388 4071 ἓ.
2427 3976 2548 4049 30.
2611 3998 2851 4050 coram
2917 3978 3174 4052 Calca-

490 4087 694 4178 9nin.
740 4087 934 4180 apud
986 4088 1059 4158 S.
1109 4083 1181 4159 C.
1224 4083 1299 4157 C.
1343 4086 1417 4156 in
1458 4087 1984 4161 Reatina⁰Med.
2029 4094 2282 4160 annac.
2334 4088 2448 4161 12.
2492 4085 2660 4159 Maii
2693 4088 2907 4161 1770.
2939 4087 3015 4183 ξ.
3063 4088 3168 4162 Ad

491 4197 826 4288 primum.
880 4199 1268 4272 Tudertina
1322 4199 1505 4274 Med.
1550 4220 1729 4273 ann.
1783 4219 1913 4293 per
1952 4201 2221 4272 Summ.
2269 4219 2562 4292 precum
2619 4201 2834 4273 1847.

644 4310 761 4380 43.
803 4305 1160 4383 Ecclesias
1212 4311 1685 4402 parochialeS,
1743 4330 1933 4402 quae
1985 4314 2236 4403 utique
2289 4312 2649 4385 excedunt
2700 4330 3018 4384 annuam
3056 4330 3169 4384 re-

493 4420 772 4493 dituum
827 4429 1263 4495 scutatorum
1318 4430 1634 4513 centum,
1694 4426 1985 4497 minime
2039 4443 2203 4497 vero
2257 4441 2414 4509 eas,
2474 4442 2661 4513 quae
2742 4441 2985 4513 parem
3053 4442 3174 4496 re-

493 4529 726 4603 ditum
783 4533 1174 4624 attingunt,
1232 4535 1396 4607 licet
1450 4552 1594 4607 non
1646 4536 2024 4626 excedant,
2081 4534 2173 4607 ad
2225 4535 2651 4608 solutionem
2702 4537 2973 4609 mediae
3032 4555 3174 4609 an-
