3497 5235
565 303 678 366 152
1316 301 1687 360 hotrnotionia
1727 301 1780 368 Β,
1809 301 1992 375 Oongr.
2021 301 2168 359 Oeno.
2196 299 2465 374 expositio.

562 466 602 510 ›
643 439 734 511 ad
787 456 910 510 eas
965 436 1445 527 amputandas
1497 435 1723 508 cultor
1776 433 2024 507 crebro
2074 433 2352 521 redeat,
2409 432 2526 505 ille
2562 433 2713 524 ipse
2750 436 2937 508 nitor
2969 436 3231 528 vigiliis

563 576 603 620 ›
641 553 796 622 eius
849 548 1367 637 laboribusque
1421 553 1670 637 partus
1721 562 2101 637 progressu
2153 545 2495 634 temporis
2546 544 2988 619 deflorescet.
3023 572 3063 616 ›

714 663 830 733 15.
890 658 982 732 Et
1032 679 1257 747 sane3
1315 659 1454 732 huc
1509 660 1791 750 proprie
1843 663 2121 748 spectat
2171 655 2363 744 finis,
2422 674 2637 746 quem
2672 653 3066 731 Tridentini
3098 657 3237 732 Pa-

561 781 704 847 tres
756 774 830 843 in
883 788 1128 842 sacrae
1181 771 1607 842 visitationis
1659 770 1816 860 lege
1869 768 2262 840 sancienda
2312 766 2450 838 sibi
2505 777 3056 859 proposuerunt.
3106 769 3235 844 So-

560 884 892 955 lemniter
946 882 1133 953 enim
1189 879 1376 952 Sess.
1422 881 1543 951 24.
1587 898 1745 971 cap.
1780 883 1851 952 3.
1895 881 1979 952 de
2019 879 2171 968 Res.
2220 877 2515 969 professi
2568 885 2763 969 sunt,
2823 882 3014 971 quod
3069 884 3236 955 visi-

557 995 855 1066 tationis
908 1016 945 1058 «
982 992 1408 1084 praecipuus
1442 992 1533 1065 sit
1570 1011 1829 1082 scopus
1864 1010 2115 1063 sanam
2151 991 2765 1083 orthodoxamque
2801 993 3229 1085 doctrinam,

562 1131 601 1174 »
640 1105 954 1196 expulsis
1004 1104 1425 1177 haeresibus
1478 1104 1843 1193 inducere,
1900 1103 2129 1175 bonos
2178 1121 2408 1174 mores
2460 1104 2672 1191 tueri,
2716 1123 2972 1195 pravos
3016 1109 3239 1180 corri-

564 1242 600 1287 »
646 1234 835 1309 gere,
875 1216 1217 1308 populum
1256 1215 1869 1288 cohortationibus
1906 1223 1976 1287 et
2012 1213 2620 1288 admonitionibus
2657 1215 2749 1286 ad
2784 1216 3231 1308 religionem,

561 1355 598 1401 »
640 1348 893 1422 pacem
947 1331 1576 1419 innocentiamque
1632 1329 2073 1401 accendere:
2133 1335 2370 1400 cetera
2422 1335 2633 1421 prout
2684 1329 2906 1419 locuS,
2947 1337 3238 1422 tempus

562 1465 601 1511 ›
642 1448 714 1513 et
766 1444 1041 1514 occasio
1096 1443 1300 1530 teret,
1344 1461 1428 1513 ex
1469 1442 1914 1515 visitantium
1964 1439 2351 1534 prudentia
2403 1439 2497 1511 ad
2548 1437 2869 1513 fidelium
2923 1440 3237 1514 lructum

563 1578 602 1621 »
644 1554 1107 1626 constituere.
1145 1580 1183 1621 »

711 1666 827 1736 16.
871 1662 1246 1737 Latissime
1284 1671 1556 1756 pateret
1592 1664 1890 1736 huiusce
1928 1663 2328 1755 argumenti
2383 1664 2772 1753 provincia,
2815 1665 2875 1735 si
2910 1663 3003 1736 ab
3039 1667 3242 1738 omni

560 1784 806 1868 parte,
866 1777 970 1848 uti
1024 1796 1155 1868 par
1207 1784 1441 1863 esset,
1499 1775 1811 1866 expendi
1864 1780 1935 1848 et
1989 1775 2328 1865 explicari
2381 1773 2703 1846 deberet.
2760 1772 2935 1847 Cum
2991 1782 3237 1849 tamen

558 1889 869 1959 instituti
925 1890 1145 1960 nostri
1201 1889 1382 1960 ratio
1437 1889 1627 1960 intra
1679 1886 2083 1973 brevioreS,
2141 1903 2357 1976 quam
2429 1885 2584 1958 fieri
2635 1891 2911 1976 potest,
2970 1888 3238 1961 limites

561 2017 694 2070 nos
744 2001 1113 2072 continere
1164 1999 1511 2087 suadeat,
1568 1999 1740 2070 hinc
1807 2016 1983 2086 nOS,
2059 2015 2247 2087 quae
2314 1998 2681 2089 potissima
2735 2004 2951 2086 sunt,
3007 1998 3245 2073 obiter

561 2110 813 2182 saltem
870 2112 1168 2182 innuere
1221 2110 1699 2183 studebimus
1758 2106 2015 2199 Itaque
2053 2127 2345 2199 agemus
2381 2108 2472 2180 de
2507 2107 2942 2201 obligatione
2996 2112 3246 2182 visita-

557 2222 775 2294 tionis
826 2222 1232 2309 obeundae,
1291 2240 1433 2312 qua
1484 2218 1820 2313 Episcopi
1873 2227 1946 2293 et
1995 2217 2301 2292 Praelati
2341 2219 2626 2292 Nullius
2678 2224 2933 2294 tertiae
2977 2222 3243 2312 speciei

560 2336 954 2420 tenentum
1013 2334 1178 2406 dein
1232 2334 1321 2405 de
1374 2334 1698 2424 personis
1750 2336 1899 2405 sive
1953 2333 2329 2422 exemptiS,
2393 2333 2541 2404 sive
2597 2350 2766 2420 non,
2825 2351 3010 2423 quae
3071 2334 3247 2406 visi-

570 2444 823 2514 tationi
877 2444 1210 2532 subsunt,
1252 2444 1563 2516 subinde
1615 2445 1703 2517 de
1758 2446 1843 2516 iis
1895 2443 2135 2532 rebuS,
2179 2462 2364 2534 quae
2417 2443 2897 2516 visitationem
2949 2462 3250 2535 praece-

566 2549 774 2645 dere,
832 2556 1196 2644 comitari,
1254 2556 1362 2628 vel
1413 2558 1756 2648 consequi
1809 2556 2104 2629 debent.
2164 2553 2482 2629 Tandem
2533 2557 2911 2629 seiunctim
2963 2557 3249 2648 Appen-

562 2671 788 2745 dicem
841 2686 1285 2759 apponemus
1346 2669 1435 2741 de
1489 2670 2034 2761 procuratione,
2110 2687 2327 2759 quam
2396 2668 2728 2761 exigendi
2796 2670 2907 2740 ius
2957 2668 3244 2742 habent

557 2780 945 2873 Episcopi;
1001 2779 1126 2851 ubi
1163 2799 1291 2867 -ea,
1349 2799 1536 2871 quae
1597 2783 1671 2852 in
1725 2799 1932 2853 usum
1987 2782 2275 2872 saepius
2327 2780 2633 2867 cadunt,
2707 2780 3017 2854 breviter
3069 2799 3250 2856 con-

563 2892 1024 2968 sectabimur.

712 3006 829 3076 17.
886 3000 1172 3085 Quanta
1241 3004 1333 3076 sit
1402 3006 1798 3077 necessitas
1855 3003 2233 3077 obeundae
2299 3023 2546 3077 sacrae
2616 3004 3084 3092 visitationiS,
3163 3010 3242 3076 et

562 3122 879 3207 quantus
941 3133 1024 3187 ex
1078 3114 1333 3187 eadem
1392 3115 1642 3189 sedulo
1702 3123 1775 3187 et
1828 3116 2133 3207 graviter
2182 3115 2379 3188 obita
2431 3117 2694 3190 existat
2753 3114 3236 3207 spiritualium

561 3228 951 3301 utilitatum
1006 3227 1318 3314 fructus,
1377 3234 1661 3317 praeter
1711 3246 1840 3315 ea,
1900 3246 2086 3318 quae
2141 3228 2349 3299 modo
2400 3228 2797 3314 innuimnS‚
2851 3226 3245 3317 diligenter

558 3357 733 3431 prae
786 3340 1039 3411 ceteris
1091 3339 1402 3410 ostendit
1453 3336 1821 3429 Crispinus
1873 3340 1946 3409 in
2001 3339 2346 3429 principio
2399 3338 2510 3409 sui
2563 3340 2822 3428 operis,
2879 3337 3073 3425 quod
3129 3337 3248 3408 in·-

561 3449 897 3521 scribitur
942 3450 1312 3537 Tractatus
1367 3449 1450 3521 de
1497 3449 1696 3521 Visit.
1739 3452 2066 3532 Pastor„
2106 3449 2605 3540 permultaque
2659 3450 2732 3519 in
2769 3466 2916 3520 rem
2951 3450 3251 3540 sapien-

559 3562 993 3632 tissimorum
1031 3561 1786 3650 sanctissimorumque
1829 3559 2269 3647 Antistitum,
2312 3579 2395 3632 ac
2430 3560 2853 3632 nominatim
2903 3555 2976 3631 S.
3006 3558 3251 3631 Caroli

561 3668 967 3742 Borromaei
1020 3670 1224 3743 affert
1275 3671 1648 3761 exempla,
1724 3671 1848 3761 qui
1921 3673 1993 3743 in
2064 3670 2197 3741 hoc
2261 3689 2461 3743 sacro
2523 3672 2775 3742 itinere
2826 3668 3247 3763 peragendo

561 3782 829 3873 primas
883 3800 1090 3854 curas
1143 3800 1227 3853 ac
1275 3782 1545 3871 studia,
1602 3783 1822 3855 veluti
1875 3784 1965 3856 de
2018 3801 2092 3854 re
2145 3782 2464 3854 omnium
2502 3782 2941 3874 gravissima,
2981 3797 3252 3869 posue-

560 3897 758 3965 runt.
816 3890 1167 3975 Quoniam
1218 3910 1382 3965 vero
1448 3894 1536 3966 de
1604 3893 1739 3966 hoc
1801 3900 2091 3966 auctore
2160 3894 2411 3967 incidit
2462 3911 2720 3981 sermo,
2777 3910 2920 3963 non
2972 3890 3110 3962 abs
3162 3909 3249 3964 re

563 4003 713 4077 fore
765 4004 1095 4077 ducimus
1145 4022 1326 4095 opus
1375 4004 1509 4078 hoc
1559 4000 1788 4101 (quod
1826 4006 2005 4097 ipse,
2045 4006 2379 4078 hortante
2431 4024 2492 4077 s.
2537 4023 2631 4075 m.
2675 4001 2944 4076 Bened.
2987 3998 3244 4092 xm„

568 4114 742 4187 dum
792 4116 1030 4189 adhuc
1080 4116 1155 4187 in
1209 4116 1601 4189 minoribus
1653 4125 1879 4206 esset,
1936 4117 2254 4189 studiose
2306 4114 2700 4188 elaboravit
2761 4109 3251 4209 perfecitque)

565 4222 935 4318 Episcopis
988 4234 1060 4299 et
1111 4226 1603 4302 visitatoribus
1654 4229 1865 4301 valde
1917 4227 2459 4301 commendare:
2519 4228 2785 4319 quippe
2837 4243 2983 4301 non
3020 4243 3252 4318 parvo

565 4339 643 4410 in
694 4340 924 4430 pretio
976 4339 1174 4431 apud
1225 4341 1733 4415 canonicarum
1785 4360 2022 4412 rerum
2089 4345 2510 4412 tractatores
2575 4336 2912 4424 habetur,
2968 4343 3039 4409 et
3089 4354 3251 4409 non

560 4449 704 4520 levi
758 4450 918 4521 usui
972 4469 1055 4522 ac
1107 4451 1399 4524 utilitati
1452 4451 1525 4522 in
1576 4452 1877 4544 singulis
1947 4452 2377 4523 visitationis
2428 4451 2604 4523 actis
2655 4447 3030 4539 explendis
3080 4466 3249 4522 esse

564 4561 1042 4651 cognoscitur.
1098 4558 1370 4635 Pluries
1422 4564 1608 4636 idem
1662 4580 1843 4653 opus
1894 4565 2085 4654 typis
2136 4565 2410 4637 editum
2459 4568 2594 4652 est,
2651 4568 2724 4635 et
2774 4562 3058 4634 nonita
3093 4560 3260 4652 pri-

564 4669 729 4746 dem
778 4668 1052 4745 Romae
1106 4691 1297 4745 anno
1354 4673 1567 4746 1844.
1625 4693 1714 4748 ex
1772 4674 2243 4766 typographia
2294 4674 2659 4747 camerali.
