3497 5235
629 320 746 386 434
1380 317 1748 381 motioni·
1791 312 1843 371 8.
1872 310 2055 388 Congr-
2085 312 2232 374 Οοιιο.
2273 317 2542 391 expetitio.

633 476 671 522 »
711 459 817 537 ut,
857 454 916 526 si
955 453 1387 545 quandoque
1427 455 1658 545 gravis
1702 472 1920 528 causa
1959 452 2459 539 intercesserit,
2502 450 3025 523 matrimonium
3064 448 3294 539 quod-

632 586 670 632 »
708 569 903 657 piam
966 564 1176 641 citius
1227 568 1387 639 iniri
1425 566 1712 658 debere,
1756 567 2174 660 priusquam
2222 568 2620 657 exspectari
2655 567 2926 659 possint
2959 572 3109 639 tres
3144 565 3299 637 dies

635 708 672 753 ›
714 682 992 772 festivi,
1051 687 1131 753 ut
1180 679 1445 773 populo
1498 680 1999 768 denuntietur,
2057 677 2432 771 indulgeas
2503 680 2576 751 in
2648 678 2947 771 singulis
3010 677 3303 750 casibus

630 820 668 863 ι»
710 794 1039 888 parochis
1089 802 1259 868 tuae
1312 792 1700 880 dioecesis,
1760 799 1839 865 ut
1888 797 2235 887 peragant
2304 791 2893 865 denuntiationes
2944 792 3033 862 iis
3083 791 3306 863 etiam

629 931 667 977 »
710 906 991 994 diebus,
1052 906 1124 979 in
1180 905 1444 996 quibus
1497 906 1694 978 iuxta
1748 904 2056 977 relatum
2108 902 2325 977 Clem.
2369 900 2558 975 XIV.
2618 904 2974 978 indultum
3010 902 3307 975 sublata

632 1016 1066 1091 »festivitas
1120 1022 1255 1107 est,
1312 1018 1833 1107 remissumque
1886 1023 2345 1108 praeceptum
2401 1015 2746 1090 audiendi
2801 1015 3134 1103 Missam,
3192 1034 3308 1088 re·

632 1137 908 1203 »tenta
979 1136 1221 1202 tamen
1291 1131 1362 1203 in
1416 1129 1734 1203 ecclesiis
1803 1127 2016 1200 officii
2070 1135 2142 1201 et
2193 1125 2447 1201 Missae
2501 1128 3011 1201 celebratione.
3085 1124 3303 1202 Utere

630 1267 670 1312 ›
708 1243 925 1335 igitur
974 1242 1112 1316 hac
1164 1242 1296 1316 tibi
1348 1261 1684 1317 concessa
1738 1242 2109 1333 facultate,
2152 1244 2366 1315 arctis
2413 1248 2657 1315 tamen
2713 1240 3139 1335 prudentiae
3195 1241 3303 1313 di-

630 1381 669 1423 »
710 1358 1068 1447 scretique
1123 1356 1395 1429 arbitrii
1447 1354 1757 1448 legibuS‚
1801 1360 2021 1447 atque
2074 1374 2157 1429 ea
2210 1356 2629 1447 praesertim
2682 1353 2817 1428 sub
2860 1353 3296 1438 conditione,

631 1492 669 1535 ι
710 1485 897 1559 quae
951 1468 1271 1541 eiusdem
1323 1467 1689 1541 facultatis
1741 1466 1872 1543 tibi
1925 1467 2381 1560 elargiendae
2418 1469 2868 1560 potissimum
2905 1484 3121 1539 causa
3159 1471 3296 1553 est,

629 1603 667 1648 v
708 1579 899 1671 quod
955 1598 1212 1672 nempe
1266 1581 1340 1652 in
1396 1581 1534 1652 illis
1570 1578 1855 1668 diebus,
1899 1580 2020 1670 qui
2060 1579 2221 1651 festi
2275 1599 2418 1652 non
2455 1586 2653 1661 sunt.
2688 1579 3026 1671 frequens
3062 1578 3300 1651 adhuc

629 1717 667 1763 »
708 1698 1114 1784 perseveret
1179 1692 1424 1784 populi
1479 1691 1571 1764 ad
1643 1693 2017 1765 ecclesiam
2073 1710 2504 1781 concursus,
2561 1698 2681 1780 ut,
2738 1697 3089 1782 quantum
3143 1690 3297 1763 fieri

629 1831 668 1874 ι
704 1811 979 1899 potest,
1063 1804 1578 1879 saluberrimae
1629 1804 1808 1899 legis
1860 1826 1899 1877 a
1952 1802 2164 1877 Couc.
2208 1800 2397 1878 Trid.
2454 1805 2937 1897 praescriptae
2999 1803 3167 1875 finis
3225 1820 3300 1875 ac

633 1941 671 1987 »
709 1935 968 2009 scopus
1042 1916 1398 1990 habeatur
1430 1970 1450 2007 ,
1507 1919 1631 2009 qui
1686 1936 1831 1990 non
1884 1917 2069 1990 alius
2121 1922 2311 1989 certe
2363 1916 2543 2005 fuit,
2600 1917 2739 1988 nisi
2790 1922 2871 1988 ut
2922 1917 3000 1988 in
3053 1914 3298 2008 populi

634 2055 669 2098 ν
713 2029 1121 2119 frequentia
1174 2029 1489 2102 ineunda
1541 2030 1994 2103 matrimonia
2047 2028 2576 2121 detegerentur.
2613 2055 2651 2096 »

776 2142 945 2215 326.
1001 2137 1090 2214 In
1152 2142 1538 2215 Tudertina
1610 2142 1921 2214 Denunt.
1980 2143 2296 2216 matrim.
2356 2143 2467 2214 19.
2527 2140 2693 2233 Apr.
2741 2140 2954 2212 1823.
3013 2140 3296 2211 concin-

629 2258 800 2327 nato
831 2250 1116 2326 dubio:
1177 2277 1215 2319 α
1249 2254 1354 2325 An
1407 2255 1481 2326 in
1536 2253 1795 2327 diebus
1856 2253 2056 2326 festis
2109 2254 2469 2347 abrogatis
2520 2254 2673 2326 fieri
2726 2253 3006 2345 possint
3058 2251 3295 2324 matri·

631 2390 669 2436 »
712 2365 1108 2438 moniorum
1161 2365 1747 2440 denuntiationes
1803 2368 1873 2438 in
1929 2361 2139 2439 casu?
2172 2391 2209 2433 ›
2267 2383 2684 2457 responsum
2721 2365 3023 2459 prodiit:
3088 2387 3126 2429 α
3162 2359 3294 2436 Ne-

634 2504 673 2547 »
717 2479 974 2569 gative,
1032 2476 1172 2550 nisi
1224 2477 1315 2551 de
1367 2476 1655 2551 licentia
1708 2477 2044 2570 Episcopi
2097 2497 2256 2551 cum
2299 2477 2832 2552 conditionibus
2868 2477 2962 2550 ad
2999 2476 3291 2549 formam

631 2614 669 2658 ι»
709 2592 1025 2665 Bruncn.
1084 2591 1154 2663 5.
1198 2587 1363 2664 Iulii
1416 2593 1587 2665 anni
1647 2592 1895 2682 1780„
1952 2591 2137 2666 facto
2190 2589 2404 2665 verbo
2457 2609 2616 2664 cum
2678 2588 2920 2664 SSrho.
2960 2615 2998 2658 >

776 2704 946 2776 327.
1005 2699 1320 2778 Tandem
1376 2706 1450 2776 in
1486 2707 1760 2778 Luncn.
1809 2707 2205 2778 Sarzanen.
2247 2704 2463 2776 citata
2500 2703 2640 2775 diei
2677 2702 2798 2774 20.
2840 2699 3044 2792 Sept.
3083 2702 3288 2773 1828.

632 2817 725 2889 ad
777 2816 1122 2889 dubium:
1183 2840 1221 2882 α
1255 2815 1388 2905 An,
1445 2825 1516 2890 et
1571 2835 1712 2907 quo
1767 2825 2083 2908 tempore
2138 2815 2290 2888 fieri
2341 2814 2655 2887 debeant
2708 2813 3295 2887 denuntiationes

633 2954 672 2997 ι
710 2934 780 3001 et
833 2929 1211 3021 explicatio
1247 2925 1614 3022 Evangelii
1655 2931 1727 3001 in
1764 2925 1986 3002 casu?
2019 2956 2058 2998 ν
2097 2949 2519 3022 responsum
2556 2936 2708 3003 est:
2756 2952 2792 2996 «
2826 2927 3294 3016 Affirmative,

632 3066 671 3109 ι
712 3047 783 3113 et
836 3043 1074 3133 quoad
1126 3041 1670 3133 explicationem
1710 3038 2084 3135 Evangelii
2137 3044 2211 3114 in
2249 3038 2459 3115 Missa
2497 3041 2915 3134 parochiali,
2948 3048 3023 3114 et
3060 3039 3297 3132 quoad

633 3176 671 3219 »
711 3152 1293 3228 denuntiationes
1344 3155 1418 3225 in
1470 3154 1722 3228 eadem
1777 3151 2016 3242 Missa,
2075 3155 2221 3226 sive
2274 3154 2415 3227 alia
2465 3153 2639 3226 hora
2690 3155 2916 3247 magis
2954 3174 2995 3226 a
3030 3152 3299 3248 populo

633 3287 671 3333 »
710 3263 1192 3355 frequentata.
1228 3292 1265 3334 ›

776 3378 944 3450 328.
1005 3374 1090 3450 Iu
1145 3378 1680 3452 cathedralibus
1731 3388 1804 3452 et
1857 3379 2245 3472 collegiatis
2296 3380 2638 3466 ecclesiiS,
2681 3379 2755 3450 in
2804 3377 3077 3469 quibus
3111 3378 3299 3449 inest

628 3488 845 3561 etiam
897 3509 1068 3562 cura
1122 3492 1549 3581 animarum,
1607 3489 1864 3563 diebus
1916 3490 2115 3565 festis
2167 3487 2380 3563 Missa
2416 3490 2845 3583 parochialis
2897 3489 3190 3582 legitur,
3233 3494 3300 3560 ct

626 3596 839 3673 Missa
892 3602 1387 3675 conventualis
1433 3604 1845 3676 solemniter
1899 3604 2208 3676 canitur.
2269 3598 2526 3693 Itaque
2578 3621 2724 3675 non
2776 3602 3000 3675 semel
3054 3602 3303 3692 dispu-

628 3714 804 3787 tatio
857 3722 1010 3788 orta
1048 3722 1182 3807 est,
1217 3736 1309 3790 an
1348 3718 1655 3809 parocho
1693 3718 1939 3790 liceret
1974 3717 2560 3791 denuntiationes
2596 3736 2936 3810 peragere
2975 3717 3050 3789 in
3086 3712 3301 3787 Missa

629 3828 1115 3914 conventuali,
1151 3835 1367 3920 atque
1398 3830 1614 3903 etiam
1643 3826 2008 3922 Evangelii
2036 3830 2586 3924 explicationem
2623 3829 2845 3918 obire,
2877 3830 3300 3921 praesertim

629 3955 793 4010 vero
845 3939 919 4012 id
972 3942 1229 4014 accidit
1282 3943 1356 4013 in
1409 3943 1798 4016 Novarien.
1844 3944 1913 4014 8.
1954 3938 2095 4014 Iul.
2138 3942 2384 4031 1724„
2427 3944 2501 4015 in
2553 3962 2697 4034 qua
2750 3942 2893 4015 duo
2945 3941 3174 4015 dubia
3227 3940 3299 4011 in

631 4050 941 4122 medium
996 4054 1273 4143 prolata
1324 4061 1493 4126 sunt
1531 4053 1723 4146 apud
1760 4054 2041 4126 comitia
2080 4051 2152 4125 S.
2187 4051 2258 4125 C.
2303 4052 2547 4128 Conc.:
2610 4078 2648 4120 α
2679 4050 2740 4124 I.
2768 4054 2875 4126 An
2912 4053 3306 4126 denuntia-

636 4164 942 4235 »tiones
997 4164 1604 4239 matrimoniorum
1661 4172 1731 4238 et
1785 4166 2343 4239 ordinandorum
2398 4167 2725 4259 aliaeque
2794 4167 3066 4239 similes
3139 4164 3307 4236 fun·

634 4300 672 4343 »
711 4277 982 4349 ctiones
1034 4278 1477 4369 parochiales
1530 4277 1900 4352 faciendae
1953 4279 2098 4352 sint
2149 4280 2222 4352 in
2262 4278 2741 4351 celebratione
2777 4275 3037 4350 Missae
3086 4293 3305 4368 paro-

634 4412 670 4455 »
712 4387 986 4479 chialis,
1021 4406 1208 4480 quae
1243 4390 1649 4463 celebratur
1686 4392 1759 4462 in
1788 4389 2175 4482 parochiali
2204 4396 2276 4463 et
2312 4391 2682 4484 collegiata
2710 4389 2929 4484 Burgi
2966 4388 3300 4477 Manerii,

634 4523 671 4565 ›
710 4518 837 4572 seu
872 4501 1108 4593 potius
1145 4501 1354 4574 liceat
1391 4503 1795 4594 praeposito
1831 4510 1902 4575 et
1939 4501 2248 4594 parocho
2285 4502 2604 4576 eiusdem
2644 4503 3063 4595 collegiatae
3104 4502 3308 4574 illius

634 4635 669 4677 ›
711 4609 943 4682 facere
997 4612 1070 4682 in
1116 4614 1591 4686 celebratione
1643 4610 1901 4686 Missae
1955 4614 2476 4704 conventualis,
2518 4615 3048 4689 contradicente
3084 4611 3308 4706 Capi-

635 4743 672 4788 »
713 4719 860 4793 tulo
912 4722 988 4795 in
1040 4719 1254 4796 casu?
1308 4721 1407 4796 II.
1466 4724 1571 4800 An
1609 4726 1820 4800 liceat
1864 4727 2095 4801 eidem
2134 4727 2538 4820 praeposito
2573 4734 2647 4804 et
2681 4728 2989 4822 parocho
3023 4726 3309 4802 habere
