3497 5235
902 283 1021 360 οη.
1046 284 1090 343 1.
1127 283 1200 343 D·
1241 282 1391 342 stetu
1428 280 1688 341 Ecclesiae
1725 276 1999 338 materiali.
2041 280 2096 353 g.
2120 275 2172 336 8.
2778 282 2858 348 55

245 452 273 493 ι
306 440 424 516 per
455 418 664 493 Card.
706 420 796 494 de
833 415 1024 493 Luca
1060 420 1142 494 de
1168 421 1310 493 ίαν.
1345 420 1518 494 disc.
1558 418 1624 491 1.
1661 439 1734 491 n.
1781 418 1897 492 14.
1931 427 1996 494 et
2024 418 2141 491 15.
2177 424 2248 492 et
2283 415 2488 491 Card.
2522 416 2727 491 Petra
2765 417 2861 490 acl

248 566 272 602 ι
310 534 595 609 Constit.
631 531 703 605 6.
747 532 945 605 Alex.
982 533 1113 603 ΙΙΙ.
1155 537 1316 605 sect.
1354 529 1421 602 1.
1473 550 1547 602 n.
1580 530 1703 604 37.
1744 538 1815 603 et
1847 527 2033 604 Rota
2069 530 2145 601 in
2185 529 2601 603 Passavien.
2657 529 2856 602 Visit.

247 648 422 718 »26.
460 642 674 716 Febr.
724 644 938 714 1731.
1001 661 1237 715 coram
1299 640 1512 716 SSmo
1588 640 1962 716 coadiuvat
2035 660 2239 714 suam
2313 641 2861 729 institutionem,

248 754 711 830 »exhibendo
780 756 994 826 etiam
1064 756 1398 844 antiquas
1465 754 1907 827 visitationes
1977 772 2020 825 a
2083 754 2231 825 suis
2298 750 2867 827 antecessoribus

246 895 275 936 ›
308 874 629 960 peractas
677 883 908 955 usque
962 864 1052 937 ab
1104 884 1293 938 anno
1333 866 1546 938 1635.
1603 872 1675 938 et
1726 865 2144 939 successivis
2193 864 2629 956 temporibus
2666 881 2870 937 reno-

251 1006 280 1047 ›
314 987 512 1052 vatas
565 978 643 1049 in
694 976 1009 1050 ecclesiis
1059 978 1427 1067 utriusque
1480 977 1611 1049 loci
1673 976 1912 1068 quoad
1988 976 2446 1049 Sacramenta
2513 983 2586 1050 et
2635 993 2872 1048 sacra-

251 1120 276 1160 »
310 1089 650 1163 mentalia
709 1102 867 1160 cum
921 1087 1078 1160 aliis
1129 1086 1696 1180 probationibus,
1752 1105 1840 1159 ex
1892 1086 2155 1176 quibus
2206 1089 2512 1176 eruitur,
2567 1086 2867 1159 vicarios

162 1298 167 1303 ὗ
250 1232 277 1272 ›
311 1210 593 1278 curatos
627 1202 1081 1275 ecclesiarum
1110 1203 1620 1293 parochialium
1648 1201 2055 1276 eorumdem
2083 1202 2389 1277 locorum
2420 1201 2871 1283 consuevisse

252 1344 278 1381 ›
313 1315 399 1387 ab
450 1311 805 1406 Episcopo
857 1311 1261 1403 adprobari,
1317 1320 1389 1386 et
1441 1300 1534 1385 ad
1585 1314 1935 1404 synodum
1987 1315 2248 1400 vocari,
2291 1313 2606 1403 aliosque
2642 1330 2876 1385 sacer-

251 1454 280 1495 »
312 1426 509 1500 dotes
563 1427 639 1497 in
691 1423 955 1496 eisdem
1009 1424 1323 1497 ecclesiis
1374 1424 1832 1498 Sacramenta
1883 1422 2368 1498 Poenitentiae
2419 1424 2507 1497 de
2568 1424 2757 1495 illius
2792 1423 2876 1495 li-

254 1566 282 1604 »
316 1540 545 1612 centia
599 1536 1124 1623 administrare,
1165 1535 1257 1608 ab
1311 1536 1557 1609 eodem
1593 1532 1941 1628 Episcopo
1977 1534 2282 1608 tabellae
2322 1553 2612 1611 casuum
2651 1552 2878 1606 reser-

254 1676 283 1715 ›
317 1657 637 1722 vatorum
690 1647 1092 1719 affixionem
1145 1646 1218 1718 in
1269 1646 1582 1720 ecclesiis
1634 1648 1980 1720 dictorum
2049 1646 2358 1719 locorum
2427 1644 2872 1732 demandari,

253 1787 282 1826 ι
316 1757 620 1833 Ordines
664 1757 990 1845 conferri,
1029 1764 1101 1830 et
1132 1754 1586 1830 Sacramento
1621 1757 2019 1830 chrismatis
2053 1758 2395 1852 populum
2446 1756 2872 1830 confirmari:

256 1898 285 1937 ›
319 1889 500 1960 quae
556 1870 793 1941 omnia
843 1868 943 1939 uti
998 1883 1168 1957 prae
1219 1887 1295 1941 se
1346 1868 1643 1942 ferentia
1696 1869 2106 1943 exercitium
2159 1868 2663 1941 iurisdictionis
2730 1868 2877 1958 epi-

255 2011 283 2049 »
316 1984 622 2075 scopalis
673 1982 1090 2055 coadiuvare
1143 1984 1789 2074 praesumptionem
1843 1984 2016 2054 iuris
2066 2000 2192 2074 pro
2259 1982 2698 2055 subiectione
2762 1999 2882 2053 eo-

258 2122 285 2164 »
318 2094 640 2169 rumdem
677 2093 984 2165 locorum
1021 2092 1418 2167 ordinariae
1453 2094 1918 2166 iurisdictioni
1954 2090 2309 2185 Episcopi,
2343 2094 2416 2166 in
2452 2093 2654 2166 cuius
2688 2093 2881 2165 dioe-

258 2232 288 2272 ›
323 2208 462 2280 cesi
516 2208 658 2277 sita
706 2210 876 2276 sunt
926 2221 1011 2275 ex
1064 2202 1386 2277 deductis
1437 2222 1564 2295 per
1615 2201 1870 2276 Rotam
1922 2220 2154 2277 coram
2206 2202 2492 2295 Caprar.
2535 2200 2702 2276 Dec.
2743 2204 2864 2275 29.

263 2344 293 2384 ›
330 2337 403 2389 n.
444 2320 514 2389 7.
557 2334 789 2388 coram
822 2313 1213 2387 Falconier.
1254 2316 1339 2388 de
1370 2317 1484 2410 off.
1517 2316 1669 2389 ord.
1713 2314 1880 2388 Dec.
1921 2316 2041 2387 22.
2084 2334 2158 2387 n.
2192 2316 2262 2386 8.
2307 2340 2344 2384 ›

391 2426 647 2519 Itaque
700 2426 1075 2520 propositis
1124 2425 1319 2499 bisce
1353 2425 1630 2500 dubiis:

394 2542 458 2612 1.
500 2564 542 2607 ι
572 2540 681 2611 An
731 2536 1122 2631 Episcopus
1172 2537 1736 2630 caputaquensis
1770 2552 2098 2611 exercere
2133 2537 2363 2609 valeat
2400 2537 2877 2611 omnimodam

263 2655 878 2728 »iurisdictionem
931 2651 1361 2723 ordinariam
1413 2651 1491 2724 in
1542 2650 1714 2724 locis
1763 2647 2025 2723 Rhodii
2076 2655 2149 2722 et
2197 2646 2268 2720 S.
2306 2647 2558 2736 Mauri,
2598 2668 2725 2724 seu
2756 2667 2885 2741 po-

264 2793 296 2831 »
337 2766 465 2837 tius
513 2763 682 2836 talis
734 2762 1121 2837 iurisdictio
1171 2768 1528 2853 competat
1575 2763 1890 2836 baiulivo
1943 2761 2015 2835 S.
2057 2757 2540 2856 Euphemiae?

388 2878 456 2947 2.
500 2903 537 2946 ›
585 2876 687 2947 An
741 2875 980 2948 vicarii
1034 2876 1259 2947 curati
1312 2893 1437 2966 pro
1506 2876 1824 2949 ecclesiis
1890 2877 2416 2968 parochialibus
2479 2874 2743 2950 Rhodii
2810 2885 2882 2952 et

266 3014 296 3052 »
332 2986 395 3059 S.
437 2985 660 3059 Mauri
712 3005 753 3057 a
803 2984 1116 3058 baiulivo
1149 2989 1582 3076 praesentati
1621 2989 2013 3062 examinari
2045 2994 2118 3063 et
2153 2987 2529 3079 adprobari
2567 2986 2881 3065 debeant

274 3124 306 3165 ι»
342 3099 423 3171 ab
456 3093 847 3192 Episcopo?

392 3215 458 3287 3.
501 3239 540 3286 ι»
579 3214 683 3285 An
732 3213 1100 3304 deputatio
1151 3216 1511 3288 oeconomi
1564 3216 2057 3310 provisionalis
2109 3215 2201 3290 ad
2252 3215 2479 3289 dictas
2515 3215 2884 3307 parocbia-

272 3349 304 3390 »
336 3326 426 3398 les
472 3332 747 3418 spectet
796 3323 888 3396 ad
939 3320 1430 3398 Ordinariumi

392 3439 457 3509 4.
503 3464 540 3508 ι
583 3439 690 3510 An
747 3444 1059 3509 assertus
1094 3438 1400 3510 vicarius
1433 3436 1867 3511 baiulivatus
1902 3401 2073 3512 dare
2104 3439 2327 3531 possit
2359 3438 2683 3512 licentias
2715 3457 2885 3513 con-

275 3575 305 3615 »
340 3549 668 3623 {essiones
717 3547 1115 3638 excipiendi
1168 3549 1241 3620 in
1291 3549 1499 3622 dictis
1548 3552 1863 3625 ecclesiis
1928 3550 2499 3642 quibuscumque
2559 3551 2886 3626 sacerdo-

279 3660 516 3734 »tibus
566 3661 783 3733 etiam
838 3678 980 3731 non
1034 3659 1445 3750 approbatis
1496 3659 1586 3733 ab
1641 3656 2057 3735 ordinario?

394 3774 459 3844 5.
501 3797 540 3844 »
575 3771 682 3844 An
719 3772 1235 3845 administratio
1273 3770 1708 3846 Sacramenti
1736 3771 2342 3849 Confirmationis
2325 3794 2398 3848 ln
2426 3775 2595 3848 locis
2619 3772 2885 3850 Rhodii

280 3907 310 3949 ›
341 3890 402 3956 et
444 3881 515 3956 S.
557 3882 782 3957 Mauri
836 3885 1175 3974 privative
1226 3891 1499 3976 spectet
1548 3884 1642 3957 ad
1676 3881 2107 3978 Episcopum
2157 3884 2826 3980 caputaquensem
2808 3906 2883 3960 m

283 4016 313 4058 ›
343 3991 532 4068 casu2
574 4022 611 4065 >

394 4103 461 4178 S.
497 4105 569 4180 C.
611 4108 727 4180 die
762 4108 834 4178 2.
882 4104 1056 4198 Aug.
1098 4107 1415 4180 eiusdem
1467 4109 1641 4180 anni
1697 4109 2335 4201 1760respondit.

401 4239 435 4284 ‹
467 4217 571 4291 Ad
612 4218 680 4290 1.
723 4216 1057 4310 Spectare
1110 4218 1200 4291 ad
1252 4216 1679 4311 Episcopum
1728 4220 2289 4294 iurisdictionem
2338 4220 2773 4295 ordinariam
2806 4221 2884 4294 in

285 4346 315 4391 ι
346 4325 583 4513 {lerum
636 4336 709 4403 et
762 4330 1131 4421 populum,
1188 4349 1330 4423 quo
1379 4349 1545 4405 vero
1596 4331 1689 4404 ad
1740 4331 2074 4405 ecclesias
2142 4332 2532 4407 subiective
2605 4333 2877 4423 unitaS,

286 4457 316 4502 ›
386 4441 746 4535 elegatam.

398 4578 430 4620 ι
470 4553 567 4627 Ad
600 4556 672 4627 2.
721 4552 1178 4628 Affirmative.

398 4688 430 4735 ι
471 4665 560 4740 Ad
603 4669 673 4739 3.
721 4666 1178 4741 Affirmalive.
