3497 5235
651 346 779 423 σε).
805 348 876 407 11.
913 349 988 408 Do
1024 350 1289 427 lpiuoepc,
1328 350 1737 426 Armini-eope,
1777 351 2006 412 Prinna
2045 355 2103 412 et
2138 351 2464 411 Patriacu-
2504 354 2557 429 ἓ.
2583 355 2629 409 1.
2859 352 2974 416 139

316 505 353 552 2
390 481 496 555 vel
545 481 943 557 distantiae
990 484 1331 573 locorum,
1389 492 1515 558 aut
1563 485 1935 558 brevitatis
1988 488 2352 577 temporis,
2409 484 2500 557 ob
2553 503 2771 576 quam
2826 505 2970 559 non

313 618 352 664 »
387 594 715 667 videatur
767 597 1252 689 exspectanda
1288 594 1492 669 Sedis
1529 595 1973 688 Apostolicae
2026 597 2313 670 licentia
2366 595 2715 687 praefata,
2772 604 2976 671 ante-

316 730 353 777 »
389 724 602 798 quam
637 725 682 777 a
718 707 870 778 suis
905 707 1222 780 ecclesiis
1271 714 1342 781 et
1394 707 1839 780 dioecesibus
1889 709 2290 797 discedant,
2346 714 2471 780 aut
2523 708 2801 781 ratione
2851 727 2976 781 cu-

313 841 349 887 »
385 819 810 912 iuscumque
859 818 1154 893 alterius
1205 838 1492 908 causae,
1548 821 1664 892 vel
1697 822 2117 910 occasionis,
2173 823 2390 893 etiam
2445 819 2804 910 publicae,
2860 820 2972 894 vel

314 953 351 1000 ν
387 931 563 1003 alias
615 930 1027 1002 favorabilis
1077 936 1151 1004 et
1202 949 1428 1023 aeque
1481 932 1668 1023 piae,
1725 933 1942 1005 etiam
1994 931 2377 1004 cuiuslibet
2421 930 2781 1019 utilitatiS,
2820 931 2970 1005 sive

314 1064 351 1111 2
389 1042 839 1115 necessitatis
874 1043 1355 1131 ecclesiarum,
1394 1049 1466 1115 et
1503 1060 1995 1134 personarum,
2034 1050 2540 1133 praeterquam
2577 1042 2971 1133 personalis

310 1177 347 1222 ›
384 1153 932 1228 interessentiae
983 1156 1059 1226 in
1111 1152 1417 1246 Synodis
1482 1153 2076 1246 provincialibus,
2135 1154 2245 1227 vel
2299 1154 2970 1247 congregationibus

312 1287 348 1333 ι»
383 1282 510 1337 seu
561 1265 983 1338 assembleis
1032 1264 1514 1358 generalibus,
1570 1267 1644 1337 in
1698 1264 1963 1356 quibus
2014 1266 2475 1338 ecclesiastici
2539 1267 2970 1340 intervenire

314 1399 350 1446 ›
386 1377 666 1466 solent3
725 1377 834 1478 rel
886 1378 1160 1451 ratione
1212 1378 1551 1465 muneris,
1607 1382 1731 1448 aut
1783 1377 2216 1468 reipublicae
2258 1377 2498 1466 officii,
2547 1377 2973 1469 episcopati-

316 1511 352 1556 »
386 1486 552 1576 buS,
613 1488 724 1561 vel
777 1489 1092 1561 ecclesiis
1153 1488 1542 1561 maioribus
1607 1486 1951 1579 praefatis
2019 1489 2384 1578 adiuncti,
2441 1489 2645 1561 cuius
2694 1489 2971 1562 ratione

314 1623 350 1668 ν
387 1599 479 1672 ad
530 1608 810 1674 certum
861 1609 1144 1692 tempus
1192 1601 1525 1692 occupari
1575 1600 1838 1685 solent,
1893 1607 1967 1674 et
2017 1605 2191 1673 tunc
2240 1619 2368 1692 pro
2420 1608 2766 1693 tempore,
2827 1618 2971 1691 quo

315 1711 555 1784 »illae
606 1712 889 1803 synodi,
929 1712 1512 1804 congregationes
1560 1721 1631 1785 et
1685 1710 2150 1800 assembleae,
2202 1713 2763 1801 exercitiumque
2816 1730 2974 1783 mu·
3052 1787 3061 1796 ,

317 1846 353 1893 2
389 1823 583 1895 neris
632 1841 763 1895 seu
813 1823 1023 1897 officii
1077 1823 1345 1915 publici
1396 1824 1570 1914 ipsis
1620 1824 1933 1897 ecclesiis
1969 1823 2291 1895 adiuncti
2326 1828 2490 1895 actu
2526 1821 2967 1912 duraverint,

315 1957 351 2002 ν
387 1934 656 2024 quihus
707 1934 973 2023 finitiS‚
1030 1941 1221 2007 recto
1271 1935 1557 2008 tramite
1623 1936 1713 2008 ad
1766 1935 2101 2007 ecclesias
2162 1933 2523 2024 praelatas
2591 1931 2729 2005 sibi
2781 1950 2973 2006 com-

318 2068 352 2113 »
388 2047 650 2118 missas
698 2064 776 2119 se
827 2046 1147 2119 conterre
1199 2045 1540 2119 debeant.
1576 2070 1615 2113 »
1741 2043 1742 2048 '

454 2157 530 2227 4.
586 2154 783 2240 Quae
833 2156 968 2229 sub
1021 2159 1292 2231 exitum
1344 2157 1639 2230 huiusce
1686 2156 1820 2230 loci
1872 2157 2088 2230 allata
2124 2163 2321 2245 sunt,
2360 2156 2801 2230 occasionem
2840 2154 2973 2228 du-

314 2264 593 2340 bitandi
648 2267 981 2357 offerunt,
1029 2289 1123 2342 an
1160 2265 1492 2362 Episcopi
1527 2266 1900 2342 Pontificia
1934 2269 2221 2343 licentia
2258 2268 2656 2360 indigeant,
2695 2274 2775 2340 ut
2809 2285 2980 2358 pos-

315 2377 454 2450 sint
502 2379 852 2451 interesse
904 2379 1211 2470 publicis
1260 2381 1588 2469 comitiiS,
1641 2399 1827 2471 qaae
1877 2380 2129 2453 haberi
2166 2381 2399 2453 solent
2433 2380 2506 2452 in
2540 2382 2803 2472 regniS,
2843 2379 2971 2452 ubi

319 2487 749 2562 monarchici
800 2491 1161 2582 regiminis
1211 2490 1437 2563 forma
1508 2498 1946 2583 temperatur
2010 2510 2174 2565 cum
2225 2493 2707 2564 aristocratica
2757 2491 2973 2583 vulgo

318 2601 510 2690 requi
559 2604 1155 2695 rappresentativi
1187 2625 1223 2677 e
1255 2605 1811 2689 costituzionali,
1862 2624 2047 2697 quae
2100 2605 2236 2678 hac
2269 2610 2509 2678 nostra
2546 2611 2783 2679 aetate
2818 2603 2976 2676 ubi-

321 2728 454 2801 que
504 2712 656 2786 fere
706 2714 1190 2791 invaluerunt.
1247 2712 1567 2790 Iamvero
1618 2721 1787 2789 ante
1822 2717 2059 2789 omnia
2106 2716 2631 2811 inspiciendum
2666 2734 2820 2789 esse
2872 2716 2976 2787 vi-

324 2822 548 2912 detur,
604 2831 846 2898 utrum
914 2828 1025 2899 ius
1090 2825 1288 2900 bisce
1340 2828 1640 2900 comitiis
1709 2828 2234 2901 interveniendi
2284 2833 2476 2901 certo
2528 2826 3012 2918 episcopatui-

326 2935 736 3008 adiunctum
769 2937 891 3025 sit,
947 2955 1042 3007 an
1092 2935 1487 3030 Episcopus
1538 2938 1825 3029 aliquis,
1867 2939 2062 3011 nulla
2098 2939 2346 3041 habita
2382 2956 2555 3010 suae
2588 2937 2972 3011 cathedrae

331 3049 620 3137 ratione,
679 3068 721 3119 a
773 3049 1093 3140 principe
1143 3049 1255 3121 vel
1303 3050 1566 3142 populo
1619 3050 1711 3122 ad
1745 3068 1909 3123 eum
1947 3050 2161 3122 finem
2199 3050 2512 3141 legitime
2547 3047 2812 3121 electus
2845 3048 2965 3120 sit.

332 3154 643 3249 Namque
693 3160 771 3231 in
822 3161 1050 3253 primo
1103 3179 1271 3232 casu
1326 3158 1545 3231 verba
1595 3179 1636 3231 a
1688 3180 1748 3233 s.
1792 3179 1886 3232 m.
1928 3158 2219 3233 Urbano
2268 3156 2464 3231 VIII.
2523 3158 2847 3231 adbibita
2900 3163 2973 3230 et

339 3270 526 3343 modo
575 3270 832 3359 relata,
890 3289 1077 3361 quae
1120 3271 1268 3344 lere
1302 3272 1551 3344 eadem
1586 3276 1783 3360 sunt,
1824 3289 1909 3343 ac
1943 3272 2062 3343 illa
2099 3292 2139 3343 a
2174 3268 2506 3344 Patribus
2539 3266 2976 3341 Tridentinis

340 3388 689 3476 usurpata,
730 3389 1227 3474 argumentum
1262 3384 1721 3474 suppeditare
1774 3382 2136 3471 videntur,
2173 3401 2262 3455 ex
2298 3400 2440 3473 quo
2476 3381 2761 3454 veniam
2793 3378 2978 3453 Pon-

341 3492 530 3568 tificis
578 3498 1059 3569 necessariam
1110 3515 1256 3577 non
1306 3515 1461 3571 esse
1509 3497 1883 3570 inferatur.
1947 3496 2030 3568 At
2081 3514 2245 3568 vero
2298 3496 2593 3568 huiusce
2638 3493 2979 3567 momenti

345 3606 501 3677 ratio
551 3607 856 3680 alterum
909 3626 1149 3681 casum
1218 3627 1363 3682 non
1429 3611 1711 3682 videtur
1772 3607 2107 3701 afficere;
2179 3608 2319 3680 imo
2388 3605 2723 3680 Urbanus
2770 3600 2970 3677 VIII.

347 3721 748 3792 contrariam
800 3721 1234 3793 sententiam
1269 3739 1440 3813 prae
1475 3740 1551 3794 se
1587 3721 1769 3794 ferre
1806 3721 2152 3794 dicendus
2186 3725 2336 3808 est3
2392 3716 2975 3810 quandoquidem

352 3824 603 3903 disertis
654 3830 889 3904 verbis
941 3834 1016 3904 in
1065 3851 1335 3925 poenas
1386 3840 1633 3905 contra
1685 3851 1831 3904 non
1883 3833 2279 3905 residentes
2314 3831 2498 3902 latas
2532 3849 2652 3903 eos
2686 3826 2978 3920 Episco-

357 3955 464 4027 pos
505 3943 816 4017 incidere
868 3947 1152 4034 statuit,
1209 3945 1333 4036 qui
1384 3944 1785 4036 principum
1839 3943 2039 4016 iussu
2089 3962 2130 4014 a
2182 3943 2485 4015 dioecesi
2540 3940 2840 4028 absunt,
2895 3946 2977 4011 ut

353 4050 651 4127 civilibus
701 4056 1007 4148 negotiis
1055 4074 1347 4147 operam
1400 4061 1692 4128 navent.

476 4165 542 4235 5.
596 4162 959 4258 Quidquid
1008 4185 1176 4239 vero
1226 4169 1345 4255 sit,
1402 4167 1771 4257 quoniam,
1830 4166 2024 4257 quod
2073 4166 2423 4252 sciamus,
2479 4163 2723 4251 nulla,
2790 4179 2977 4252 quae

361 4288 469 4344 acu
515 4278 1060 4350 controversiam
1112 4284 1389 4370 tangat,
1429 4275 1521 4348 ab
1565 4274 1960 4369 Apostolica
1996 4274 2178 4348 Sede
2215 4274 2601 4347 declaratio
2641 4272 2973 4365 prodivit,

361 4385 554 4457 tutius
593 4387 967 4458 consilium
1017 4387 1193 4460 illud
1244 4405 1398 4461 esse
1448 4387 1758 4476 videtur,
1812 4393 1892 4460 ut
1941 4384 2274 4478 Episcopi
2311 4386 2403 4458 ad
2440 4386 2785 4458 maiorem
2813 4404 2981 4458 cau-

365 4489 594 4567 tionem
644 4497 1120 4591 Apostolicam
1169 4497 1428 4573 Sedem
1480 4498 1679 4571 adire
1729 4516 1822 4570 ne
1877 4505 2284 4591 graventur,
2325 4504 2535 4588 prout
2585 4516 2660 4570 re
2712 4499 2868 4588 ipsa
2904 4498 2979 4569 in

365 4596 524 4677 banc
567 4610 998 4682 sententiam
1050 4628 1194 4681 non
1245 4608 1464 4682 semel
1516 4605 1913 4702 EpiscopiS,
1954 4609 2077 4699 qui
2110 4609 2247 4682 hoc
2280 4609 2355 4680 in
2389 4628 2561 4683 casu
2594 4605 2983 4681 versaban-

369 4716 489 4803 tur,
535 4736 946 4811 responsum
1011 4720 1228 4796 tuisse
1279 4737 1325 4795 a·
1373 4721 1446 4793 S.
1487 4717 1564 4794 C.
1607 4721 2040 4795 ‘confirmare
2098 4739 2415 4813 possum.
2474 4718 2978 4793 Adnotandum
