3497 5235
990 310 1112 390 ⁰⁸1³·
1137 309 1232 372 m.
1273 311 1343 370 Do
1385 308 1518 369 clero
1559 306 1829 370 meatui.
1872 310 1925 385 g.
1954 300 2004 365 0.
2709 297 2821 365 431

211 449 592 543 EpiscopiS,
650 450 762 522 vel
814 466 943 541 pro
996 448 1364 541 parochiS‚
1423 448 1520 518 ita
1571 454 1652 519 ut
1707 445 1954 517 iisdem
2011 440 2337 534 parochis
2386 458 2513 532 per
2562 440 2829 513 substi-

212 570 376 637 tutos
426 562 891 655 praedicandi
945 579 1230 648 munus,
1275 558 1464 649 quod
1518 560 1601 630 iis
1655 558 2005 646 inhaeret,
2046 554 2243 627 obire
2283 554 2550 626 liceret.
2609 550 2831 625 Multa

213 675 482 768 ‘proinde
535 693 620 747 ex
660 682 963 762 utraque
999 680 1198 764 parte
1236 671 1807 763 proferebantur,
1848 678 1920 743 et
1955 687 2079 761 pro
2114 666 2441 759 parochis
2476 666 2655 737 illud
2691 666 2840 736 sin·

213 788 481 880 galatim
535 786 1054 874 adducebatur,
1111 785 1300 874 quod
1355 784 1428 855 in
1481 784 1795 856 ecclesiis
1847 778 2444 873 patriarchalibus
2503 779 2578 850 S.
2627 774 2839 849 Ioan-

211 900 304 971 nis
366 899 440 989 in
509 895 864 971 Laterano
930 915 1014 967 ac
1078 892 1153 968 S.
1215 893 1398 967 Petri
1449 896 1523 968 in
1575 893 1917 968 Vaticano
1986 900 2300 984 tempore
2353 892 2716 964 Adventus
2768 895 2841 962 et

211 1008 810 1102 Quadragesimae,
844 1026 986 1100 quo
1022 1029 1061 1080 a
1100 1007 1716 1080 concionatoribus
1743 1007 2139 1099 praedicari
2177 1006 2380 1091 solet,
2414 1002 2840 1095 parochialis

210 1119 559 1214 Evangelii
595 1122 1027 1214 praedicatio
1056 1123 1584 1195 conticesceret.
1620 1119 1692 1192 S.
1724 1118 1800 1192 C.
1831 1117 2041 1192 Conc.
2077 1119 2190 1191 die
2219 1118 2338 1189 29.
2372 1113 2580 1190 Mart.
2620 1114 2832 1187 1817.

211 1234 289 1307 ad
333 1237 659 1327 superius
710 1234 1007 1307 dubium
1046 1234 1451 1327 rescripsit:
1495 1256 1533 1298 α
1567 1233 1815 1304 Dilata
1850 1238 1915 1305 et
1940 1250 2076 1323 pro
2112 1249 2299 1303 nunc
2337 1235 2646 1303 servetur
2680 1246 2845 1300 con·

212 1372 245 1417 ›
278 1347 557 1420 suetudo
606 1346 967 1419 cuiuslibet
1010 1347 1413 1437 parochiae.
1450 1371 1488 1412 »
1543 1345 1683 1417 Sed
1738 1362 1899 1416 vero
1952 1362 2110 1416 cum
2146 1341 2446 1414 Pisanus
2481 1339 2843 1430 Archiepi-

211 1478 449 1551 scopus
501 1460 800 1550 posthac
851 1459 1318 1549 exposuisset,
1374 1477 1477 1537 se.
1519 1457 1619 1531 uti
1662 1457 1923 1549 populo
1962 1455 2373 1547 praesertim
2412 1454 2609 1527 rudis
2644 1454 2843 1544 igno-

210 1572 467 1644 rantiae
497 1571 923 1657 consuleret,
948 1569 1293 1660 parochos
1322 1569 1413 1641 ad
1444 1570 1827 1641 familiares
1856 1568 2230 1639 conciones
2258 1568 2442 1638 inter
2469 1563 2843 1637 Missurum

214 1682 544 1755 solemnia
594 1681 925 1754 omnibus
994 1681 1251 1755 diebus
1303 1681 1501 1754 festis
1562 1681 2031 1775 obligavisse‚
2087 1682 2161 1753 S.
2203 1680 2279 1754 C.
2320 1681 2538 1754 dubio
2590 1683 2844 1755 iterum

211 1795 559 1887 proposito
593 1794 961 1885 respondit
1011 1794 1126 1866 die
1162 1795 1282 1867 30.
1326 1794 1504 1886 Aug.
1547 1794 1866 1866 elusdem
1914 1795 2126 1868 anni:
2172 1817 2210 1860 ι
2244 1795 2327 1866 In
2364 1812 2565 1876 casu,
2601 1793 2683 1865 cle
2716 1809 2849 1885 quo

209 1908 468 2001 aqitur,
518 1906 943 1979 servandum
993 1926 1135 1978 esse
1186 1906 1534 1979 decretum
1589 1906 2131 1998 Archiepiscopi.
2160 1932 2198 1975 ι

341 2020 513 2090 317.
556 2017 652 2091 De
689 2024 1034 2111 tempore,
1066 2037 1208 2108 quo
1237 2018 1524 2111 parochi
1551 2020 2097 2110 explicationem
2134 2037 2471 2111 peragere
2509 2019 2847 2108 debcant,

208 2130 406 2204 Card.
435 2128 635 2203 Bona
676 2133 836 2204 Rer.
870 2132 1016 2205 Lit.
1041 2132 1161 2205 lib.
1192 2132 1267 2204 2.
1308 2152 1465 2225 cap.
1500 2130 1570 2203 7.
1608 2151 1684 2203 η.
1717 2130 1788 2203 7.
1816 2134 1917 2205 sic
1950 2132 2199 2207 rolert:
2245 2155 2284 2200 ‹
2313 2130 2447 2205 Hic
2482 2152 2633 2205 mos
2667 2151 2857 2215 nun,-

213 2270 249 2314 »
287 2263 501 2336 quam
556 2244 955 2335 interrupta
1007 2246 1187 2317 serie
1222 2245 1313 2318 ab
1369 2245 1569 2317 initio
1610 2242 1972 2319 Ecclesiae
2008 2264 2235 2337 usque
2272 2246 2362 2318 ad
2398 2253 2641 2320 nostra
2676 2252 2857 2317 tem·-

211 2381 247 2425 ›
285 2376 456 2449 pora
509 2362 833 2428 servatus
886 2362 1020 2444 est,
1077 2363 1157 2428 ut
1210 2358 1525 2448 proxime
1563 2365 1722 2448 post
1759 2355 2230 2450 Evangelium
2257 2376 2513 2447 sermo,
2545 2358 2693 2430 sive
2730 2357 2858 2428 ho·—

209 2494 247 2537 ι»
285 2470 507 2557 milia,
548 2469 696 2541 sive
750 2474 1092 2542 tractatus
1144 2469 1233 2540 ad
1272 2470 1611 2561 populum
1649 2469 2108 2545 haberetur.»
2139 2468 2395 2562 Itaque
2432 2489 2633 2544 sacer
2669 2467 2857 2544 Ordo

205 2581 279 2654 in
331 2583 660 2655 Hortana
710 2583 782 2653 8.
826 2581 1124 2673 Augusti
1182 2581 1396 2654 1744.
1454 2582 1546 2655 ad
1599 2578 1943 2657 dubium:
2003 2606 2041 2649 α
2079 2581 2182 2656 An
2234 2585 2619 2658 canonicus
2654 2600 2862 2673 paro-

209 2721 248 2765 »
288 2695 468 2768 chus
518 2695 818 2787 singulis
869 2694 1125 2768 diebus
1178 2694 1377 2767 festis
1447 2702 1778 2769 teneatur
1830 2715 2225 2769 sermonem
2276 2697 2544 2769 habere
2596 2696 2687 2767 ad
2738 2713 2864 2788 po·

207 2832 245 2877 ι
288 2808 539 2900 pulum
593 2813 755 2899 post
803 2808 1061 2881 lectum
1117 2808 1191 2879 in
1242 2804 1454 2879 Missa
1507 2805 2007 2900 Evangelium,
2063 2809 2174 2881 vel
2227 2809 2463 2900 potius
2512 2806 2863 2880 servanda

210 2947 249 2990 ι
290 2924 382 2995 sit
436 2920 874 2994 consuetudo
926 2920 1331 3012 explicandi
1383 2917 1847 3012 Evangelium
1900 2930 2058 3013 post
2112 2921 2505 2993 doctrinam
2542 2919 2866 2991 christia-

206 3056 247 3104 »
291 3053 459 3106 nam
512 3032 762 3105 haberi
814 3033 1093 3106 solitam
1133 3053 1173 3104 a
1210 3032 1518 3124 parocho
1570 3035 1644 3104 in
1682 3034 1981 3106 ecclesia
2034 3031 2424 3106 cathedrali
2463 3033 2535 3103 in
2573 3027 2790 3102 casu?
2823 3054 2861 3097 ι

200 3144 627 3237 respondit:
687 3168 725 3210 α
765 3144 1192 3217 Affirmative
1245 3145 1337 3217 ad
1389 3146 1690 3235 primam
1743 3153 2049 3238 partem,
2091 3144 2418 3236 negative
2471 3143 2562 3215 ad
2613 3162 2869 3216 secun·

201 3284 243 3326 ι
289 3258 484 3330 dam.
523 3281 561 3324 ιι
615 3254 705 3329 Et
758 3276 971 3329 causa
1026 3257 1116 3329 ad
1172 3258 1514 3332 trutinam
1554 3258 1811 3330 iterum
1846 3264 2093 3330 vocata
2148 3258 2263 3329 die
2299 3257 2419 3328 29.
2468 3256 2641 3348 Aug.
2683 3258 2872 3327 eius-

192 3369 373 3444 dem
402 3370 578 3442 anni
613 3371 811 3442 stetit
844 3370 920 3441 in
949 3370 1225 3442 decisis,
1269 3367 1586 3462 Idipsum
1626 3367 1700 3440 S.
1726 3369 1977 3463 Congr.
2011 3368 2222 3442 Conc.
2255 3370 2609 3460 expressis
2635 3367 2872 3441 verbis

191 3483 506 3556 retinuit
561 3482 633 3553 in
686 3482 806 3553 cit.
848 3482 1118 3554 Lunen.
1166 3485 1562 3557 Sarzanen.
1605 3482 2018 3556 Praedicat.
2061 3483 2157 3554 ad
2189 3479 2260 3555 3.
2305 3482 2466 3554 dub.

362 3595 534 3666 318.
591 3589 887 3665 Etiamsi
958 3595 1032 3666 in
1095 3612 1307 3667 causa
1378 3595 1757 3669 Bituntina
1807 3614 1867 3667 s.
1915 3613 2008 3665 m.
2066 3592 2336 3667 Urban.
2391 3590 2588 3664 VIII.
2645 3589 2875 3683 (testo

191 3702 535 3778 Barbosa
587 3705 671 3778 de
703 3706 819 3797 off.
858 3712 924 3779 et
950 3713 1099 3798 pot.
1139 3726 1300 3799 par.
1345 3708 1431 3780 P.
1476 3709 1534 3780 I.
1576 3727 1733 3801 cap.
1781 3705 1897 3780 Μ.
1939 3726 2133 3780 num.
2176 3702 2287 3800 3.)
2342 3706 2527 3781 iacta
2579 3705 2715 3778 sibi
2769 3723 2880 3778 re·-

187 3817 489 3890 latione
543 3835 670 3908 per
723 3815 796 3888 S.
838 3815 1091 3911 Congr.
1132 3817 1340 3890 Conc.
1401 3819 1536 3891 sub
1607 3821 1721 3893 die
1775 3821 1847 3891 2.
1898 3816 2064 3891 Maii
2122 3820 2333 3891 1629.
2402 3818 2872 3905 mandaverit,

186 3936 286 4004 ut
321 3981 350 4016 ‚
406 3947 567 4002 cum
620 3925 1016 4021 Episcopus
1066 3930 1459 4021 praedicat,
1514 3932 1720 4004 silere
1777 3931 2088 4005 debeant
2144 3930 2264 4002 alii
2318 3931 2889 4017 concionatores,

181 4044 511 4132 illisque
566 4043 788 4132 possit
841 4042 1193 4131 inhibere,
1252 4049 1331 4115 ut
1383 4060 1464 4114 eo
1522 4051 1835 4136 tempore
1888 4063 1930 4115 a
1982 4042 2513 4135 praedicatione
2550 4059 2625 4113 se
2662 4040 2895 4112 absit--

170 4161 471 4242 aeaut,
531 4154 995 4227 nihilominus
1044 4154 1119 4226 id
1174 4155 1460 4228 minime
1514 4154 1607 4227 ad
1661 4154 2007 4247 parochos
2044 4154 2570 4227 extendendum
2609 4160 2753 4225 est:
2796 4153 2881 4224 iis

164 4269 411 4341 enirn
467 4284 612 4338 non
665 4274 772 4340 est
826 4267 1260 4360 prohibitum
1312 4288 1441 4361 per
1491 4287 1567 4341 se
1619 4269 1811 4358 ipsos
1874 4271 2062 4342 inter
2112 4265 2483 4341 Missarum
2538 4267 2891 4341 solemnia·

157 4397 622 4456 sermonem
677 4379 971 4470 habere,
1027 4381 1243 4453 etiam
1296 4379 1582 4470 quando
1620 4376 2015 4471 Episcopus
2049 4381 2199 4473 ipse
2236 4381 2625 4472 praedicat,
2666 4378 2883 4451 veluti

156 4492 506 4569 censuit
557 4489 629 4563 S.
681 4488 932 4584 Congr.
991 4489 1200 4566 Conc.
1259 4493 1331 4563 in
1387 4510 1600 4564 causa
1673 4492 1992 4564 Terulen.
2058 4481 2175 4561 11.
2214 4488 2378 4564 Iun.
2425 4493 2636 4563 1631.
2694 4490 2888 4584 apud

153 4603 563 4682 eumdem
615 4601 1002 4677 Barbosam
1046 4605 1177 4677 loc.
1218 4605 1378 4687 cit„
1429 4603 1552 4676 ubi
1607 4603 1880 4694 subdit,
1922 4605 1993 4676 id
2031 4624 2175 4677 non
2211 4604 2512 4698 intelligi
2560 4611 2886 4697 respectu

135 4714 805 4822 presbyterorum
856 4718 934 4791 in
985 4716 1284 4791 ecclesia
1335 4716 1752 4810 parochiali.
