3497 5235
587 263 668 329 28
1390 264 1463 324 Dc
1499 262 1802 324 visiteticne
1841 262 2106 322 &erem
2141 261 2402 322 himinum.

731 401 850 473 61.
893 395 1320 471 Monendum
1354 404 1595 469 tamen
1629 402 1763 487 est,
1797 396 1987 487 quod
2020 393 2444 469 Benedictus
2479 394 2630 488 ipse
2664 390 2912 492 (iib.2.
2946 416 3102 491 cap.
3129 396 3202 469 7.

586 530 663 584 n.
701 509 773 582 2.
827 508 1128 582 eiusdem
1176 502 1438 603 operis)
1507 508 1910 598 negativam
1959 508 2385 579 sententiam
2452 509 2981 599 enuntiaverat,
3038 508 3213 581 alle-

590 630 750 714 gato
785 620 1092 712 quodam
1126 616 1416 692 Decreto
1451 616 1827 691 Clementis
1861 613 2055 687 VIII.
2099 618 2268 688 anni
2310 617 2518 689 1594.
2561 620 2753 712 apud
2786 621 2856 691 S.
2889 618 2961 692 C.
2992 617 3202 692 Conc.

588 728 748 829 (lib.
789 731 861 805 8.
892 750 1062 823 paq.
1101 725 1309 824 100),
1361 730 1550 819 quod
1600 736 1839 802 tamen
1891 728 2122 819 reipsa
2174 746 2257 799 eo
2308 728 2437 799 loci
2492 747 2634 801 non
2668 730 3053 821 invenitur,
3093 749 3214 805 ve-

584 842 719 915 luti
769 842 942 915 meis
992 843 1142 932 ipse
1192 839 1410 913 oculis
1460 839 1806 933 inspicere
1870 856 2013 910 non
2084 839 2548 930 praetermisi.
2622 838 2979 933 Quidquid
3046 858 3211 913 vero

587 954 680 1026 sit
729 952 816 1025 de
866 954 1228 1026 doctorum
1279 951 1635 1042 opinione,
1692 951 2018 1041 superius
2055 950 2386 1039 vidimuS,
2426 951 2802 1025 iuramenti
2835 952 3211 1026 formulam

586 1064 677 1136 ab
728 1060 1093 1156 Episcopis
1141 1062 1549 1135 titularibus
1599 1063 1826 1134 emitti
1874 1061 2151 1132 solitam
2211 1080 2535 1136 mancam
2586 1081 2740 1137 esse
2805 1070 2876 1138 et
2925 1065 3214 1138 mutila-

585 1181 758 1263 tam,
798 1182 883 1248 et
930 1173 1318 1247 breviorem
1371 1171 1665 1264 proinde
1715 1190 1828 1259 ea,
1883 1189 2096 1261 quam
2151 1174 2483 1246 emittunt
2533 1170 2862 1268 Episcopi
2897 1175 3213 1248 residen-

584 1288 816 1360 tiales.
872 1286 961 1359 At
1008 1302 1170 1358 vero
1224 1282 1572 1375 quidquid
1623 1281 1715 1355 in‘
1748 1283 1973 1374 prima
2009 1284 2411 1356 mutilatum
2447 1287 2818 1376 reperitur,
2858 1287 3213 1359 iuramen-

584 1404 735 1471 tum
787 1398 1100 1471 continet
1149 1392 1482 1467 visitandi
1525 1392 2005 1486 Apostolorum
2044 1390 2350 1465 Limina.
2393 1390 2693 1488 Insuper
2727 1396 3061 1470 diuturna
3098 1414 3210 1469 me

585 1508 822 1583 docuit
872 1506 1351 1599 experientia,
1409 1522 1775 1594 nunquam
1847 1502 2099 1577 horum
2167 1502 2573 1578 Antistitum
2637 1507 3015 1579 relationes
3062 1508 3209 1579 sive

584 1640 712 1713 per
743 1622 921 1695 haec
955 1627 1297 1711 tempora,
1336 1618 1482 1690 sive
1515 1634 1642 1708 per
1677 1623 1990 1707 tempora
2027 1616 2386 1710 superiora
2422 1618 2497 1690 in
2532 1617 2904 1691 tabulariis
2955 1621 3209 1692 Sacrae

584 1729 1158 1825 Congregationis
1210 1728 1494 1802 omnino
1544 1729 1731 1800 visas
1782 1744 1961 1800 esse.

730 1843 849 1927 62.
891 1838 1265 1914 Ohmoveri
1316 1838 1610 1911 fortasse
1661 1839 2135 1910 controversia
2170 1847 2433 1930 posset,
2474 1859 2566 1913 an
2598 1839 2827 1933 legem
2862 1839 3209 1913 Sixtinam

584 1953 875 2044 implere
925 1952 1236 2023 debeant
1309 1946 1564 2021 Vicarii
1624 1945 2110 2039 Capitulares‚
2166 1949 2331 2023 sede
2406 1952 2786 2043 episcopali
2863 1945 3209 2024 vacante?

586 2061 902 2136 Iamvero
954 2063 1189 2134 Sixtus
1227 2057 1310 2131 V.
1367 2077 1508 2131 non
1560 2060 1905 2132 immerito
1958 2059 2135 2131 nihil
2204 2061 2292 2132 de
2359 2061 2469 2134 his
2531 2063 2833 2135 edixisse
2901 2062 3205 2150 videtur3

586 2160 1189 2265 quandoquidem,
1245 2170 1523 2243 nonnisi
1575 2171 2129 2243 extraordinarie
2179 2177 2410 2262 potest
2459 2173 2802 2263 accidere,
2857 2181 2938 2246 ut
2988 2172 3213 2246 eccle-

586 2287 849 2357 siarum
901 2283 1206 2382 viduitas
1256 2281 1442 2353 ultra
1493 2282 1721 2372 spatia
1774 2280 1864 2352 ab
1917 2282 2070 2373 ipso
2118 2277 2454 2353 Pontifice
2504 2283 2855 2374 descripta
2933 2283 3215 2356 differa-

586 2402 729 2468 tur.
790 2390 1158 2467 Ordinarie
1209 2410 1373 2465 vero
1424 2391 1698 2464 novello
1748 2387 2094 2485 Episcopo
2145 2391 2235 2463 ad
2286 2392 2419 2463 hoc
2478 2411 2735 2466 munus
2811 2393 3210 2484 adimplen-

586 2505 756 2577 dum
805 2506 978 2577 satis
1031 2503 1363 2595 temporis
1412 2502 1767 2591 reliquum
1815 2510 1949 2590 est;
2004 2507 2073 2574 et
2123 2502 2181 2574 si
2234 2501 2408 2575 forte
2458 2505 2872 2597 praescripti
2936 2512 3212 2596 tempo-

588 2617 682 2689 ris
718 2616 1060 2710 expiratio
1097 2615 1488 2704 immineat,
1527 2632 1761 2706 neque
1795 2613 2029 2687 adhuc
2061 2613 2275 2686 statui
2313 2613 2711 2688 dioeceseos
2744 2613 3210 2689 describendo

589 2736 878 2818 paratus
929 2728 1079 2819 ipse
1130 2729 1247 2816 sit,
1303 2731 1497 2819 patet
1548 2726 1784 2800 aditus
1835 2728 2081 2800 veniae
2133 2746 2174 2797 a
2225 2723 2294 2797 S.
2329 2723 2879 2819 congregatione
2912 2744 3215 2800 exoran-

588 2840 748 2926 dae,
805 2856 1014 2929 quae,
1067 2857 1143 2911 re
1194 2839 1499 2928 cognita,
1555 2837 1881 2929 precibus
1916 2854 2228 2910 annuere
2266 2855 2407 2909 non
2441 2837 2848 2910 haesitabit.
2888 2836 3210 2910 Ceterum

589 2952 647 3023 si
699 2968 811 3022 res
861 2967 947 3024 ex
998 2949 1168 3021 iuris
1217 2949 1441 3041 rigore
1494 2950 1791 3022 iudicari
1826 2948 2106 3038 debeat,
2146 2950 2552 3039 negativum
2586 2966 3002 3041 responsum
3035 2949 3214 3021 dan-

590 3062 760 3134 dum
814 3079 966 3135 esse
1035 3060 1287 3134 suadet
1354 3060 1916 3148 animadversio,
1973 3059 2164 3149 quod
2239 3076 2469 3150 neque
2545 3059 2785 3132 Sixtus
2835 3057 2917 3130 V.
2978 3076 3214 3149 neque

589 3168 854 3245 Bened.
897 3168 1077 3246 XIV.
1143 3172 1217 3244 in
1268 3171 1415 3244 suis
1473 3169 2106 3244 Constitutionibus
2173 3170 2261 3242 de
2326 3166 2621 3242 Vicariis
2690 3167 3215 3263 Capitularibus

595 3282 1025 3355 mentionem
1076 3282 1395 3356 iecerint.
1454 3279 1738 3355 Accedit
1788 3301 1995 3370 usuS,
2051 3281 2172 3370 qui
2226 3298 2595 3372 nunquam
2670 3281 2744 3354 id
2812 3281 3046 3362 oneris
3120 3278 3212 3351 ab

589 3393 764 3485 ipsis
816 3381 1118 3487 persolvi
1167 3393 1450 3465 solitum
1502 3392 1719 3465 fuisse
1770 3399 2096 3466 testatur.
2153 3388 2340 3463 Nihil
2392 3397 2631 3465 tamen
2707 3399 2944 3464 vetare
3002 3408 3211 3482 posse

591 3505 895 3588 videtur,
953 3504 1331 3594 quominus
1382 3504 1621 3593 iidem,
1677 3505 2088 3597 praesertim
2139 3522 2301 3577 cum
2349 3505 2539 3578 sedis
2606 3502 3027 3596 episcopalis
3091 3521 3218 3573 va-

591 3617 772 3689 catio
826 3617 1102 3689 diutina
1136 3615 1373 3707 fuerit,
1412 3624 1673 3689 statum
1709 3617 2072 3703 ecclesiae,
2111 3633 2329 3708 quam
2361 3615 2887 3705 administrant,
2928 3616 3001 3689 S.
3035 3610 3214 3686 Con-

593 3727 979 3820 gregationi
1016 3728 1425 3817 exhibeant,
1467 3735 1546 3800 ut
1580 3745 1825 3819 reapse
1853 3729 2087 3800 evenit
2122 3727 2365 3820 paucis
2391 3724 2650 3799 abhinc
2678 3723 2915 3816 annis;
2947 3723 3215 3817 quippe

591 3842 663 3913 S.
705 3837 779 3917 C.
818 3838 1230 3912 relationem
1280 3859 1321 3910 a
1374 3840 1680 3928 quodam
1748 3835 2024 3911 Vicario
2097 3835 2480 3929 Capitulari
2554 3835 2942 3910 exhibitam
3017 3834 3215 3908 iuxta

590 3968 852 4023 morem
903 3957 1317 4023 consuetum
1371 3949 1769 4039 expendere
1821 3967 1963 4020 non
2016 3947 2387 4020 recusavit.

734 4062 851 4132 63.
895 4058 1248 4133 Restituta
1301 4059 1594 4132 feliciter
1646 4059 2117 4132 ecclesiastica
2168 4059 2562 4133 hierarchia
2627 4057 2700 4132 in
2757 4056 3046 4151 Angliae
3107 4076 3219 4133 re·

592 4190 726 4264 gno
779 4190 903 4265 per
938 4169 1209 4244 Literas
1248 4171 1682 4261 Apostolicas
1734 4169 1926 4242 SSiiii
1964 4168 2046 4243 D.
2086 4167 2173 4244 N.
2214 4168 2315 4243 Pii
2354 4166 2480 4242 lx.
2522 4169 2737 4265 incip.
2785 4167 3217 4244 Universalis

590 4283 728 4355 diei
766 4283 857 4354 29
896 4280 1088 4375 Sept.
1122 4283 1331 4355 1850.
1375 4281 1731 4373 conceptis
1770 4281 2000 4355 verbis
2036 4281 2301 4355 ibidem
2337 4290 2623 4356 cautum
2649 4288 2782 4372 est,
2816 4288 2897 4354 ut
2927 4278 3218 4373 Angliae

588 4387 913 4483 Episcopi
965 4393 1378 4465 relationem
1429 4393 1517 4463 de
1570 4393 1714 4463 suis
1766 4393 2079 4467 ecclesiis
2131 4391 2201 4465 S.
2244 4390 2778 4486 Congregationi
2847 4393 2935 4466 de
3000 4389 3211 4483 Prop.

586 4501 759 4576 Fide
793 4503 1159 4595 praehere,
1200 4506 1390 4577 velut
1428 4509 1665 4592 antea,
1697 4511 2094 4596 pergerent.
2130 4501 2327 4577 Idem
2361 4511 2647 4578 cautum
2675 4510 2782 4579 est
2810 4504 2898 4578 de
2924 4499 3223 4576 Hellan-

590 4614 734 4709 dia,
791 4616 991 4689 cuius
1043 4615 1517 4688 ecclesiastica
1567 4614 1961 4688 hierarchia
1998 4621 2387 4688 restaurata
2425 4623 2530 4689 est
2565 4634 2690 4709 per
2723 4613 2999 4690 Literas
3032 4623 3078 4686 Α
3095 4631 3221 4707 po-
