3497 5235
1015 367 1135 443 ⁰⁸1³·
1162 371 1259 428 111.
1300 370 1372 429 Do
1414 371 1547 430 olore
1589 370 1859 430 ustulari.
1902 370 2060 445 §.14⁴
2752 364 2874 427 507

205 494 470 574 let-atur,
524 508 594 564 ut
640 498 903 588 singulis
952 501 1319 586 quindecim
1371 503 1621 580 diebus,
1657 503 1761 567 vel
1800 502 1986 567 etiam
2020 500 2214 566 semel
2254 501 2315 565 in
2349 516 2569 563 mense
2603 487 2872 563 habean-

209 605 333 673 tur,
367 611 633 685 utraque
668 604 882 667 morali
919 623 986 668 ac
1024 604 1311 691 liturgica
1347 607 1716 690 quaestione
1753 603 2098 690 proposita.
2132 604 2305 668 Circa
2342 600 2664 666 dioeceses
2697 610 2872 665 extra

207 701 546 766 Romanam
600 704 926 787 synodum
978 705 1131 770 nihil
1184 706 1671 785 determinatur,
1706 708 1819 773 sed
1856 707 2227 792 [requenter
2272 705 2484 769 haberi
2541 701 2871 768 indefinite

210 802 621 889 praecipitur.
664 841 703 853 -
738 809 884 872 468.
930 810 1079 872 469.
1137 812 1328 874 Casus
1377 810 1770 897 excogitandi
1806 828 1875 874 ac
1908 806 2315 895 proponendi
2363 825 2594 870 munus
2642 806 2872 890 poeni-

212 904 506 971 tentiario
558 908 654 972 vel
711 909 1006 994 theologo
1061 909 1330 977 maxime
1374 913 1693 994 congruit,
1731 912 1945 997 itaque
1977 912 2023 974 si
2069 911 2128 975 in
2166 909 2425 974 decreto
2460 907 2870 984 fundationis,

212 1020 276 1071 et
319 1008 603 1089 synodali
655 1013 975 1077 sanctione
1026 1013 1145 1078 hoc
1196 1035 1354 1080 onus
1404 1015 1475 1080 iis
1524 1017 1894 1101 impositum
1947 1014 2174 1090 luerit,
2237 1015 2461 1097 utique
2510 1011 2750 1076 debent
2795 1009 2874 1076 ad

212 1108 377 1174 idem
431 1113 822 1198 explendum
870 1115 946 1179 ab
999 1116 1313 1203 Episcopo
1362 1119 1689 1204 compelli.
1726 1155 1769 1166 -
1804 1121 1953 1183 470.
1995 1119 2145 1181 471.
2202 1115 2263 1183 Si
2322 1127 2528 1179 tamen
2564 1133 2725 1178 onus
2759 1113 2876 1177 hu·

211 1210 481 1278 iustnodi
535 1234 612 1279 ex
664 1218 805 1303 lege
857 1216 1239 1284 fundationis
1290 1220 1513 1286 iisdem
1565 1220 1918 1286 iniunctum
1969 1239 2096 1284 non
2132 1232 2249 1294 est,
2287 1229 2467 1282 caute
2515 1214 2882 1303 proceden-

213 1312 364 1379 dum
401 1335 536 1381 esse
572 1318 632 1382 in
667 1318 785 1383 hoc
820 1339 1014 1385 onere
1051 1324 1302 1387 noviter
1331 1323 1929 1407 superimponenda
1965 1322 2151 1387 docet
2187 1341 2362 1385 causa
2393 1321 2867 1385 Macer-atensis.

211 1452 253 1463 -
286 1420 434 1482 472.
477 1422 691 1505 ltaque
740 1423 1088 1488 consultius
1137 1437 1230 1489 est
1279 1426 1353 1492 ad
1408 1427 1564 1492 hanc
1602 1446 1734 1491 rem
1775 1426 2136 1490 facultatem
2187 1427 2250 1491 S.
2286 1424 2466 1493 Sedis
2502 1423 2867 1508 impetrare.

211 1556 254 1567 -
285 1524 435 1587 473.
495 1522 587 1588 Ad
637 1525 1054 1591 conserentias
1104 1528 1496 1594 intervenire
1549 1540 1852 1594 tenentur
1890 1526 2144 1614 parochi
2193 1528 2326 1592 sive
2360 1526 2706 1591 saeculares
2739 1524 2874 1590 sive

213 1624 560 1708 reg-ituros.
616 1631 703 1691 De
753 1628 1040 1712 parochis
1090 1631 1487 1717 regularibus
1535 1631 1610 1695 ab
1662 1631 1956 1716 Episcopi
2009 1628 2447 1695 iurisdictione
2510 1627 2877 1713 specialiter

215 1730 554 1811 exemptis,
611 1747 737 1794 non
785 1742 877 1794 est
925 1730 1286 1809 delinitum,
1340 1753 1416 1797 an
1465 1734 1540 1797 ab
1591 1736 1906 1818 Episcopo
1955 1731 2089 1819 cogi
2144 1730 2416 1819 possint.
2451 1767 2493 1778 —
2526 1733 2676 1795 474.
2721 1733 2876 1793 ltem

216 1836 525 1893 tenentur
571 1832 804 1907 curati,
854 1852 968 1898 seu
1019 1833 1226 1898 vicarii
1281 1837 1683 1900 ecclesiarum
1737 1834 2216 1922 parochialium,
2268 1853 2431 1918 quae
2479 1830 2876 1896 monasteriis

214 1930 433 1995 unitae
480 1945 649 1996 sunt.
688 1970 731 1982 -
764 1937 912 1999 473.
971 1935 1340 2001 confessarii
1396 1939 1715 2024 regulares
1757 1938 1832 2001 ab
1868 1938 2183 2022 Episcopo
2218 1937 2355 2023 cogi
2409 1955 2535 2000 non
2585 1946 2872 2021 possunt.

213 2070 258 2082 —
292 2038 443 2100 476.
488 2036 689 2101 Aliter
720 2050 810 2103 est
846 2038 925 2103 de
960 2039 1345 2104 confessariis
1381 2042 1770 2129 regularibus
1806 2042 2114 2117 locorum,
2153 2059 2312 2125 quae
2348 2043 2543 2106 Cone.
2599 2042 2876 2104 Romano

224 2138 533 2201 subsunt:
588 2139 778 2204 iidem
831 2142 1000 2206 enim
1052 2153 1377 2220 tenentur,
1414 2147 1459 2207 si
1502 2146 1560 2210 in
1599 2145 1874 2230 propriis
1923 2142 2342 2209 conventibus
2392 2143 2696 2208 lectiones
2744 2160 2877 2205 mo-

223 2241 379 2303 rales
429 2260 553 2305 non
591 2241 959 2308 habeantur.
992 2281 1034 2292 -
1061 2248 1208 2309 477.
1244 2250 1392 2312 478.
1437 2247 1793 2312 Convenire
1829 2246 2015 2310 etiam
2056 2258 2356 2310 tenentur
2387 2263 2603 2308 omnes
2637 2242 2878 2307 confes·

218 2343 360 2406 sarii
411 2347 798 2422 saeculares,
854 2349 999 2412 licet
1048 2347 1109 2413 in
1162 2348 1497 2414 cathedrali
1548 2350 1651 2415 vel
1701 2348 2029 2435 collegiata
2081 2346 2362 2411 canonici
2412 2347 2579 2421 sint,
2631 2344 2731 2409 vel
2784 2344 2878 2409 di-

218 2447 522 2532 gnitates,
577 2450 941 2532 praesertim
980 2451 1527 2535 poenitentiarius.
1570 2454 1780 2519 Ceteri
1816 2450 2174 2515 sacerdotes
2210 2447 2497 2513 hortandi
2534 2458 2705 2522 sunt,
2755 2464 2882 2512 non

216 2550 674 2634 compellendi,
733 2553 900 2615 iuxta
953 2551 1307 2619 decisiones
1353 2558 1662 2640 antiquas.
1702 2591 1745 2602 -
1778 2556 1929 2619 479.
1980 2555 2129 2617 480.
2172 2554 2343 2616 quta
2380 2549 2734 2615 decisiones
2785 2566 2883 2613 re-

219 2651 535 2716 centiores
583 2673 649 2716 ac
700 2656 1072 2739 pracsertim
1125 2660 1319 2721 Cone.
1380 2660 1724 2722 Romanum
1779 2675 1996 2720 omnes
2057 2655 2454 2720 ecclesiastici
2517 2653 2633 2717 viri
2695 2651 2883 2717 sacris

216 2754 562 2820 Ordinibus
618 2756 862 2824 initiati
907 2761 1042 2845 cogi
1110 2773 1397 2846 possunt.
1457 2762 1684 2828 Clerici
1752 2773 2001 2836 tamen,
2070 2762 2174 2844 qui
2243 2759 2524 2824 nondum
2585 2759 2647 2822 in
2695 2756 2884 2820 sacris

215 2859 559 2933 constituti⁸
587 2858 860 2937 suerint,
898 2863 1166 2947 cogendi
1207 2865 1468 2928 minime
1501 2875 1671 2928 sunt.
1710 2900 1753 2911 -
1787 2868 1936 2929 481.
1980 2867 2204 2928 Contra
2246 2860 2683 2925 inobedientes
2718 2857 2878 2922 mul-

215 2973 314 3024 cta
368 2963 726 3046 pecuniaria
777 2976 988 3049 potest
1035 2966 1108 3028 ab
1159 2965 1473 3050 Episcopo
1522 2965 1838 3031 constitui.
1905 2967 2072 3041 Quae
2135 2964 2364 3027 mulcta
2415 2980 2494 3026 ne
2545 2960 2880 3025 immodica

211 3062 322 3126 sit.
352 3099 394 3110 -
424 3066 567 3127 482.
602 3065 732 3140 Quo
769 3065 995 3130 ordine
1030 3068 1432 3133 ecclesiastici
1462 3068 1577 3132 viri
1616 3068 1982 3152 congregati
2020 3069 2079 3132 in
2112 3067 2369 3149 Synodo
2394 3064 2620 3128 sedent
2654 3061 2882 3127 eodem

213 3178 283 3230 et
318 3167 379 3228 in
416 3166 821 3233 conserendis
854 3187 962 3234 eos
1007 3169 1256 3236 sedere
1283 3183 1582 3257 oportere
1622 3173 1684 3237 S.
1728 3173 1797 3234 C.
1842 3172 2036 3234 Conc.
2075 3167 2338 3234 sancivit
2371 3168 2434 3231 in
2467 3164 2881 3248 Fulyinaten.

212 3280 285 3333 et
337 3270 400 3332 in
458 3271 727 3337 Oriolen.

369 3507 537 3577 457.
596 3504 958 3600 Originem
1013 3517 1342 3583 coetuum
1394 3508 1968 3593 sacerdotalium,
2035 3506 2122 3578 de
2177 3504 2440 3595 quibus
2491 3504 2605 3576 hic
2657 3500 2887 3574 Benc-

205 3620 484 3692 dictina
528 3616 907 3692 [astructio
948 3623 1284 3711 loquitur,
1327 3623 1600 3694 erudite
1654 3620 2107 3711 persequitur
2159 3615 2229 3689 S.
2264 3615 2338 3687 C.
2384 3617 2453 3686 in
2492 3613 2684 3686 Folio
2724 3617 2889 3687 Tre-

206 3731 451 3803 viren.
496 3732 854 3804 Iurisclict.
898 3735 971 3803 2.
1016 3734 1180 3823 Apr.
1229 3734 1439 3804 1729.
1481 3732 1553 3827 ξ.
1589 3731 2006 3803 Huiusmodi
2024 3752 2055 3815 ,·
2109 3730 2208 3800 ait
2255 3730 2490 3800 enim:
2553 3750 2589 3791 ⁴<
2625 3724 2888 3796 Huius-

209 3868 257 3911 »
307 3841 491 3912 modi
546 3844 854 3933 capitula
908 3862 1033 3914 seu
1087 3848 1667 3934 congregationes
1740 3842 2106 3935 generales
2179 3840 2642 3931 parochorum
2699 3837 2886 3909 anti-

210 3979 257 4022 »
306 3956 646 4044 quissima
685 3963 753 4025 et
793 3957 1271 4046 receptissima
1309 3962 1513 4027 eraut
1551 3955 1732 4026 ultra
1775 3962 2073 4038 monte5‚
2112 3953 2486 4042 praecipue
2525 3951 2591 4019 iu
2623 3946 2880 4037 Gallia,

208 4094 257 4135 2>
307 4067 601 4157 Anglia,
659 4064 1325 4155 Germania,.quae
1378 4068 1595 4138 semel
1652 4068 1760 4137 vel
1813 4066 1924 4137 bis
1976 4067 2050 4137 in
2106 4082 2340 4150 ann0,
2411 4071 2534 4134 aut
2586 4060 2887 4151 singulis

204 4207 257 4251 ι»
308 4179 671 4250 mensibus
741 4178 1196 4251 habebantur
1248 4198 1483 4250 coram
1537 4178 2053 4250 archidiaconis
2124 4175 2233 4248 vel
2287 4174 2579 4245 decanis
2633 4170 2887 4242 rurali-

203 4319 254 4361 »
304 4289 465 4374 buS,
525 4299 594 4361 et
647 4291 1120 4362 diversimode
1172 4291 1638 4374 vocabantur,
1681 4290 1999 4378 capitula
2035 4306 2289 4377 nempe
2325 4282 2885 4363 consistorialia,

200 4429 253 4473 ι»
301 4402 675 4484 kalendae,
714 4403 995 4491 synodi,
1034 4403 1363 4473 sessiones
1409 4407 1476 4473 ct
1510 4401 1946 4482 collationes,
1988 4407 2087 4485 ut,
2133 4395 2601 4490 expendendo
2651 4395 2890 4484 plures

201 4540 253 4584 x·
303 4520 707 4585 sanctorum
751 4512 1031 4584 Patrum
1073 4520 1144 4584 et
1179 4510 1683 4603 Episcoporum
1715 4513 2262 4583 constitutiones
2292 4528 2374 4580 ac
2402 4509 2683 4579 decreta
2714 4504 2891 4577 Con-

199 4654 251 4695 »
305 4624 622 4694 ciliorum
685 4625 1249 4714 provincialium,
1313 4624 1517 4713 plene
1570 4629 1640 4692 et
1692 4624 1971 4693 erudite
2023 4623 2306 4694 disserit
2357 4618 2890 4690 Thomassiuius

192 4764 250 4808 ›
303 4736 388 4806 de
438 4741 572 4807 vet.
631 4743 694 4807 et
734 4756 893 4808 nov.
937 4735 1200 4831 EccleS.
1243 4734 1418 4805 disc.
1456 4740 1621 4805 tom.
1661 4732 1736 4803 2.
1779 4733 1901 4804 lib.
1934 4731 2005 4805 3.
2048 4753 2206 4824 cap.
2250 4733 2368 4805 74.
2420 4751 2617 4804 num.
2663 4730 2779 4804 10.
2821 4735 2886 4802 et
