3497 5235
578 293 696 367 Otp.
726 296 796 353 11.
835 295 909 352 Do
947 259 1211 371 Epineopo,
1248 296 1656 370 Archiopinoopo‚
1695 296 1923 355 Primis
1963 297 2021 356 ot
2057 296 2381 355 Patria-ohe.
2422 299 2476 371 §-
2504 297 2552 353 8.
2775 295 2895 357 269

292 432 526 503 stincre.
570 428 750 503 Rem
802 432 1048 520 itaque
1100 449 1381 503 omnem
1433 431 1663 502 eidem
1720 429 1791 503 S.
1846 429 2383 523 Congregationi
2437 431 2761 518 remittit,
2822 437 2905 504 ut

291 562 396 614 una
433 542 830 633 eademque
882 562 1009 636 pro
1044 542 1378 615 omnibus
1417 543 1600 614 ratio
1634 549 1983 616 servetur.
2018 543 2236 617 Aliter
2277 545 2464 615 enirn
2504 543 2900 633 periculum

286 661 448 743 esset,
489 671 580 725 ne
606 659 1170 746 temperamenta
1224 674 1351 746 pro
1404 675 1548 728 uno
1585 657 1761 728 inita
1798 675 1959 729 curn
1994 659 2268 729 ratione
2306 658 2695 729 universim
2734 677 2904 729 san-

286 767 385 837 cita
413 768 698 839 minime
736 768 1207 840 conveniant:
1268 786 1492 858 eoque
1531 770 1783 859 magiS,
1824 770 2013 857 quod
2070 769 2142 841 in
2182 769 2431 840 eadem
2486 771 2558 840 S.
2598 766 2670 840 C.
2714 766 2892 862 Neg.

281 878 410 948 eccl.
437 884 623 950 extr.
656 880 1063 969 praeposita
1116 881 1366 951 secreti
1406 879 1608 968 fides,
1642 880 1963 952 adhibito
2001 882 2399 953 iuramento
2436 899 2519 952 ex
2568 883 2899 955 instituto

280 989 587 1061 servanda
639 991 758 1062 sit.
798 987 1224 1063 Consulatur
1274 1009 1482 1082 opus,
1523 992 1637 1062 cui
1691 993 1948 1064 titulus
1987 1017 2024 1057 «
2067 994 2482 1065 Dizionario
2534 994 2611 1066 di
2662 996 2904 1067 erudi-

277 1100 426 1172 zione
453 1102 1248 1184 scarico-ecclesiastica,
1267 1122 1398 1192 per
1427 1104 1742 1175 Gaetano
1769 1104 2070 1178 Maroni.
2117 1105 2411 1178 Venezia
2448 1105 2895 1180 1840-1861.

278 1215 402 1283 tom.
444 1212 566 1285 15.
597 1232 769 1304 paq.
814 1212 983 1286 156.
1027 1219 1097 1284 et
1149 1232 1305 1303 seq.

383 1325 548 1395 257.
590 1322 690 1396 De
740 1323 1076 1396 libertate
1112 1330 1183 1396 et
1221 1327 1669 1398 immunitate
1723 1328 2183 1399 ecclesiarum
2229 1321 2459 1422 (quae.
2504 1328 2730 1400 altera
2765 1329 2904 1400 bu·-

273 1436 357 1505 ius
398 1436 693 1528 capituli
746 1455 914 1527 pars
949 1433 1092 1532 est)
1142 1438 1413 1508 nemini
1451 1440 1772 1528 ignotum
1825 1456 1983 1510 esse
2015 1445 2277 1530 potest,
2318 1447 2634 1529 quantae
2692 1440 2904 1511 inno-

274 1548 555 1621 vationes
606 1549 742 1620 iuri
812 1551 1172 1621 communi
1224 1550 1484 1621 allatae
1552 1549 1817 1622 tuerint
1869 1569 1955 1622 ex
2007 1539 2336 1641 pluribus
2387 1553 2836 1624 concordatis
2870 1606 2891 1642 ,

271 1677 415 1748 quae
472 1662 886 1752 praesertim
941 1660 1211 1733 ultimis
1262 1661 1457 1733 hisce
1509 1662 1954 1752 temporibus
2010 1662 2404 1752 Apostolica
2460 1661 2678 1736 Sedes
2732 1683 2896 1736 cum

265 1772 592 1864 plerisque
640 1792 1017 1864 regnorum
1057 1773 1502 1865 principibus
1538 1774 1718 1843 inire
1755 1773 2030 1845 debuit.
2071 1771 2411 1856 Quocirca
2447 1775 2505 1844 si
2542 1793 2685 1863 qua
2723 1793 2899 1847 con-

267 1885 569 1956 troversia
606 1885 982 1972 excitetur,
1015 1904 1056 1953 a
1094 1886 1168 1956 S.
1200 1881 1760 1975 Congregatione
1797 1884 2294 1957 ecclesiasticis
2323 1887 2626 1976 negotiis
2662 1893 2898 1957 extra-

265 1995 609 2066 ordinariis
661 1997 1068 2087 praeposita
1135 2002 1616 2087 pertractatur
1676 2015 1760 2068 ac
1810 1996 2186 2087 expeditur
2254 1999 2452 2068 iuxta
2506 2016 2633 2084 ea,
2707 2017 2894 2088 quae

266 2107 440 2179 modo
491 2107 829 2179 diximus
871 2104 1241 2178 Neminem
1280 2108 1494 2181 etiam
1548 2109 1747 2197 latet,
1790 2109 1862 2178 in
1904 2107 2099 2180 Alma
2144 2106 2331 2181 Urbe
2384 2106 2456 2179 S.
2497 2107 2903 2202 Congrega-

262 2218 497 2290 tionem
552 2218 832 2308 adesse,
874 2219 1078 2291 cui-us
1130 2225 1237 2290 est
1275 2219 1730 2291 ecclesiarum
1782 2219 2186 2291 libertatern
2224 2222 2895 2312 immunitatemque

264 2333 461 2403 tueri:
517 2350 725 2422 porro
779 2332 893 2420 iis,
934 2332 1025 2404 de
1063 2331 1328 2422 quibus
1363 2333 1698 2419 diximus,
1756 2332 1989 2404 causis
2041 2334 2350 2405 maxima
2404 2352 2490 2405 ex
2542 2340 2744 2423 parte
2798 2336 2901 2406 ei-

261 2441 397 2520 dem
450 2445 738 2536 negotia
792 2445 1039 2517 relicta
1075 2450 1271 2533 sunt,
1314 2462 1500 2532 quae
1535 2463 1751 2533 super
1786 2444 1920 2515 hac
1950 2446 2241 2516 materia
2297 2445 2370 2514 in
2408 2445 2678 2517 ditione
2715 2442 2899 2516 Pon-

260 2554 450 2628 tificia
486 2556 980 2628 suboriuntur.
1020 2552 1295 2639 Quibus
1332 2557 1405 2628 in
1451 2557 1918 2647 expediendis
1968 2557 2078 2627 ius
2133 2575 2504 2628 commune
2542 2558 2895 2648 sequitur,

258 2675 528 2760 excepto
567 2686 678 2758 eo,
724 2668 916 2759 quod
954 2687 1041 2739 ex
1077 2670 1462 2740 novissimo
1506 2674 1977 2760 temperatum
2016 2669 2174 2740 suit.
2234 2669 2305 2740 Si
2358 2670 2468 2740 ius
2520 2687 2897 2741 commune

255 2781 398 2868 quis
447 2802 655 2855 nosse
707 2782 976 2873 cupiat,
1025 2799 1261 2853 rerum
1315 2787 1734 2855 tractatores
1786 2782 2139 2869 consulat,
2198 2800 2281 2852 ac
2331 2781 2406 2852 in
2458 2780 2731 2871 primiS,
2788 2787 2902 2852 ut-

251 2899 398 2981 pote
447 2895 938 2982 recentiorem,
996 2890 1079 2963 L.
1121 2891 1521 2965 Ferrarium
1582 2893 1799 2965 verbo
1852 2895 2323 2973 hnmanitas,
2376 2894 2499 2982 qui
2568 2891 2899 2980 pluribus

254 3007 546 3079 articulis
599 3006 792 3077 hanc
842 3004 1126 3077 conficit
1189 3004 1724 3092 tractationem,
1788 3010 1859 3075 et
1918 3002 2340 3076 Pontificum
2394 3005 2901 3095 dispositiones

251 3117 348 3187 rel
397 3119 661 3209 allegat
712 3118 824 3187 vel
859 3116 1100 3188 affert.
1160 3117 1346 3190 inter
1391 3134 1572 3205 quas
1622 3134 1768 3187 non
1804 3123 1911 3188 est
1946 3116 2469 3206 praetereunda
2504 3112 2888 3187 Constitut.

250 3222 571 3302 Clement.
613 3225 819 3299 XIII.
860 3230 980 3299 23.
1042 3227 1219 3319 Aug.
1283 3229 1496 3299 1766.
1556 3229 1772 3318 incip.
1835 3228 2165 3359 Praestat
2215 3230 2641 3310 Romanum,
2680 3245 2897 3317 quam

246 3336 569 3413 dabimus
620 3340 695 3411 in
748 3340 1105 3411 volumine
1160 3336 1298 3409 III.
1341 3340 1476 3411 sub
1532 3358 1730 3410 num.
1771 3340 1892 3410 22.

383 3454 551 3525 258.
592 3448 717 3523 Ius
787 3452 1251 3523 novissimum
1305 3454 1403 3525 ita
1458 3452 1796 3524 describit
1849 3448 2203 3524 Moronius
2273 3454 2347 3524 in
2417 3452 2634 3524 citato
2685 3469 2896 3541 opere

240 3559 422 3635 dicto
472 3571 665 3636 torno
724 3565 838 3635 15.
881 3582 1045 3655 pag.
1088 3565 1257 3635 210.
1298 3565 1521 3636 latine
1574 3581 1883 3635 versum.
1944 3588 1981 3628 «
2020 3560 2106 3635 In
2161 3566 2395 3655 legum
2450 3565 2890 3652 collectione,

245 3699 281 3740 »
321 3694 500 3765 quae
537 3678 928 3768 quotannis
962 3697 1050 3750 ex
1086 3678 1419 3749 camerali
1455 3677 1928 3769 typographia
1963 3678 2034 3747 in
2073 3678 2302 3749 lucem
2333 3676 2645 3749 eduntur
2680 3693 2899 3765 super

241 3812 280 3853 »
321 3784 807 3878 Immunitate,
850 3797 1390 3881 pertractantur
1430 3792 1805 3880 sequentia
1858 3791 2094 3879 capita
2132 3790 2267 3861 vol.
2325 3785 2459 3860 111.
2501 3807 2667 3878 pag.
2715 3787 2780 3856 1.
2825 3791 2899 3857 et

239 3923 278 3966 ›
316 3901 484 3973 363.
524 3909 597 3974 et
647 3902 789 3974 vol.
831 3899 915 3972 V.
959 3922 1124 3994 pag.
1166 3902 1337 3974 277.
1378 3904 1548 3975 307.
1591 3910 1660 3975 et
1697 3905 1865 3975 308.
1910 3902 2302 3993 Privilcqia
2353 3907 2416 3973 et
2465 3902 2736 3993 formae
2767 3915 2898 3988 pro

234 4032 274 4077 ›
315 4015 673 4105 exiqendis
730 4015 918 4085 taxis
963 4012 1292 4105 publicis,
1359 4034 1536 4105 quae
1594 4014 2080 4087 ecclesiasticis
2134 4013 2309 4084 viris
2361 4011 2742 4094 (labentum-
2795 4027 2904 4078 re-

229 4146 270 4188 »
312 4126 519 4216 qulae
572 4127 1054 4198 Immunitatis
1124 4127 1635 4200 ecclesiasticae
1702 4129 1921 4198 relate
1972 4125 2067 4195 ad
2116 4123 2385 4195 iudicia
2435 4120 2897 4199 criminalia,-

229 4256 270 4301 ›
313 4240 759 4328 confirmatio
799 4237 1340 4330 privileqiorum
1390 4239 1486 4310 ad
1536 4238 2033 4311 ecclesiasticos
2080 4234 2541 4326 spectantium
2594 4234 2671 4304 in
2724 4231 2906 4304 acti-

227 4369 270 4411 >
314 4346 438 4419 bus
508 4350 1028 4422 criminalibus.
1102 4347 1292 4433 Quae
1344 4352 1653 4421 crimina
1702 4349 2041 4440 auferant
2091 4348 2199 4417 ius
2251 4345 2781 4424 immunitatis,
2835 4348 2902 4416 et

229 4480 269 4525 ι
312 4462 652 4549 quomodo
693 4461 1123 4553 procedatur
1174 4462 1274 4533 ad
1317 4462 1752 4533 exactio-nem
1804 4477 2079 4530 reorum
2130 4477 2177 4529 a
2222 4457 2387 4530 locis
2441 4455 2897 4527 immunibus.

224 4592 267 4634 >
313 4567 741 4645 Consulatur
794 4574 1010 4645 etiam
1048 4566 1537 4664 Reqolan'zento
1588 4571 1920 4664 orqanico
1959 4569 2034 4641 di
2074 4568 2473 4660 procedura
2523 4566 2904 4640 criminale

217 4700 265 4747 ›
314 4674 512 4777 (Lib.
552 4684 624 4757 8.
667 4685 782 4758 tit.
820 4684 896 4759 2.
940 4704 986 4756 a
1021 4704 1096 4755 n.
1141 4682 1343 4773 602„
1383 4685 1456 4757 5.
1496 4685 1677 4757 Νου.
1729 4681 1914 4757 1831
1926 4734 1945 4753 .
1945 4675 2034 4780 ),·
2085 4701 2364 4755 necnon
2401 4681 2722 4755 eiusdem
2759 4679 2905 4768 Ap-
