3497 5235
1033 374 2101 452 .o·‚.mu·01mmmut§.15.
2797 369 2917 434 517

249 531 288 575 ιι
329 525 530 600 gem,
591 510 988 602 proximum
1044 508 1136 580 ab
1191 527 1275 582 eo
1325 509 1559 583 locum
1630 515 1929 603 occupet
1983 516 2271 584 curatus
2297 563 2318 599 ,
2374 509 2696 599 reliquae
2746 524 2913 579 vero

251 650 290 694 ι»
328 628 534 699 sedes
584 627 731 699 sint
781 642 1194 697 communes
1245 630 1393 697 tam
1446 625 1852 713 canonicis,
1905 642 2122 714 quam
2173 622 2674 696 ecclesiasticis
2726 619 2914 692 indi-

248 763 286 806 »
322 731 836 814 scriminatim‘i
876 761 915 805 ν
980 734 1055 809 S.
1096 734 1171 809 C.
1211 735 1624 829 respondit:
1695 759 1733 801 c
1771 732 2113 827 Negative
2167 741 2238 808 et
2290 735 2627 827 amplius
2674 758 2713 802 ι»

394 978 432 1020 «ι
469 950 623 1026 XV.
665 951 972 1036 Quinam
1023 954 1167 1025 sint
1218 969 1447 1024 mores
1513 950 1681 1024 cleri
1731 949 2166 1038 saeculariS,
2225 955 2298 1022 et
2348 966 2443 1020 an
2496 947 2784 1039 aliquod
2836 950 2911 1022 in

249 1089 287 1132 ιι
326 1082 409 1138 eo
460 1066 650 1139 adsit
700 1066 1148 1154 scandalum,
1191 1062 1383 1154 quod
1436 1062 1752 1135 remedio
1802 1062 2126 1154 indigeat
2179 1061 2590 1153 potentiori.
2635 1084 2673 1127 ιι

376 1277 799 1341 Sunnnmn.
855 1276 1005 1340 483.
1059 1272 1283 1351 Quales
1332 1291 1463 1338 esse
1512 1270 1791 1338 debeant
1838 1270 1990 1337 cleri
2026 1288 2236 1336 mores
2269 1289 2338 1335 ac
2369 1269 2524 1347 vita,
2559 1266 2914 1361 descripse-

244 1384 394 1442 runt
438 1374 795 1442 Tridentini
844 1379 1086 1441 Patres.
1119 1413 1162 1424 -
1194 1379 1345 1442 484.
1399 1379 1562 1441 Haec
1611 1375 1871 1441 materia
1919 1393 2063 1440 cum
2106 1371 2405 1438 latissime
2436 1380 2674 1459 pateat,
2712 1362 2924 1437 lector'

242 1475 322 1544 ad
368 1478 755 1563 interpretes
802 1495 1019 1543 rerum
1067 1478 1511 1544 canonicarum
1558 1496 1628 1542 ac
1677 1478 2056 1565 praesertim
2111 1474 2472 1543 Ferrarium
2536 1474 2910 1543 remittitur.

240 1617 286 1629 -
319 1583 472 1646 485.
523 1580 636 1645 Hic
684 1577 1004 1667 agendum
1035 1580 1381 1665 suscipitur
1412 1579 1494 1645 de
1527 1579 1716 1646 rebus
1761 1579 2186 1646 saecularibus
2219 1598 2287 1645 ac
2321 1576 2754 1667 negotiatione
2786 1578 2911 1645 cle-

241 1682 374 1747 rico
422 1680 786 1769 prohibitis.
822 1718 866 1730 -
912 1685 1063 1748 486.
1118 1686 1355 1748 Rerum
1405 1681 1718 1750 eiusmodi
1770 1682 2171 1749 enumeratio
2221 1701 2256 1748 e
2304 1684 2369 1750 S.
2409 1682 2635 1749 Carolo
2683 1685 2912 1747 Borro-

239 1802 425 1849 maeo
474 1783 875 1850 exscribitur.
944 1784 1229 1851 Clericus
1274 1805 1539 1851 munera
1589 1785 1767 1852 obire
1816 1785 2042 1872 nequit
2094 1783 2405 1862 advocati,
2455 1784 2908 1872 procuratoris,

244 1885 619 1964 tabellionis,
672 1886 933 1963 medici,
986 1888 1416 1966 conductoris,
1473 1889 1721 1966 tutoriS,
1774 1887 2165 1955 fideiussoris
2212 1897 2276 1954 et
2321 1886 2436 1953 alia
2484 1885 2822 1952 eiusmodi.
2869 1924 2912 1936 -

243 1992 395 2055 487.
426 1992 711 2056 Canones
744 1990 899 2056 iuris
930 1989 1286 2056 communis
1318 2001 1535 2057 contra
1568 1992 1872 2059 clericum
1908 1991 2380 2078 negotiatorem
2413 1989 2717 2077 leguntur
2739 1988 2910 2077 apud

242 2090 626 2156 Ferrarium.
681 2091 964 2159 Affertur
1011 2095 1292 2181 epitome
1338 2093 1605 2160 Constit.
1644 2093 1883 2160 Bened.
1924 2095 2086 2161 XIV.
2129 2093 2520 2178 Apostolicae
2549 2095 2908 2159 servitutis.

242 2229 285 2240 -
318 2195 468 2259 488.
524 2197 684 2259 Item
734 2205 799 2260 et
831 2195 1100 2262 constit.
1139 2196 1490 2263 Clementis
1523 2200 1682 2263 Xlll.
1728 2197 1840 2262 Ubi
1877 2198 2189 2281 primum.
2228 2233 2271 2244 -
2303 2197 2454 2261 489.
2497 2198 2561 2262 S.
2593 2199 2666 2262 C.
2708 2198 2905 2262 Conc.

237 2295 306 2361 in
361 2298 803 2382 Caputaquen.
859 2297 1245 2378 declaravit,
1298 2299 1495 2365 licere
1546 2299 1789 2367 clericis
1837 2319 2020 2387 agros
2077 2296 2370 2365 beneficii
2426 2317 2495 2364 ac
2541 2298 2909 2384 patrimonii

237 2399 400 2464 sacri
449 2418 572 2486 per
619 2400 808 2467 laicos
856 2403 1108 2480 colere,
1161 2403 1315 2468 item
1363 2421 1483 2489 pro
1532 2404 1777 2470 cultura
1826 2404 2023 2469 boves
2072 2415 2137 2470 et
2184 2402 2297 2468 alia
2359 2402 2645 2468 animalia
2693 2418 2911 2467 emere

236 2511 303 2566 et
351 2499 560 2566 foetus
604 2502 934 2581 vendere3
987 2505 1141 2571 item
1188 2524 1334 2571 sues
1381 2523 1502 2591 pro
1547 2526 1658 2573 sua
1705 2515 1773 2571 et
1822 2504 2091 2571 familiae
2139 2504 2600 2572 sustentatione
2649 2504 2718 2571 in
2762 2523 2911 2592 pro-

232 2601 396 2690 priis
442 2605 812 2673 nemoribus
858 2606 1072 2687 alere;
1126 2608 1278 2674 item
1325 2607 1614 2676 vendere
1671 2608 1818 2676 folia
1867 2608 2167 2676 arborum
2221 2628 2341 2696 pro
2387 2608 2683 2676 alimonia
2731 2608 2910 2676 bom·

232 2702 479 2785 hicum,
531 2725 599 2771 ac
647 2707 895 2775 lucrum
945 2727 1091 2775 cum
1142 2711 1301 2777 laico
1356 2710 1700 2790 dividere,
1752 2712 1854 2778 vel
1903 2729 2025 2797 per
2067 2730 2136 2777 se
2182 2712 2301 2776 arti
2356 2711 2592 2777 sericae
2651 2731 2912 2799 operam

233 2805 430 2887 dare;
470 2808 624 2875 item
659 2809 854 2878 licere
888 2812 1132 2878 clericis
1164 2813 1555 2900 pauperibus
1601 2825 1799 2880 terras
1831 2813 2140 2880 ecclesiae
2174 2812 2471 2880 colendas
2503 2812 2906 2893 conducere;

228 2919 433 2996 atque
481 2913 670 2978 etiam
720 2914 1050 2993 laicorum,
1102 2916 1448 2983 accedente
1484 2928 1694 2983 tamen
1728 2917 2149 2997 necessitate;
2187 2917 2395 2982 locare
2430 2935 2579 2982 oves
2616 2926 2680 2982 et
2710 2915 2911 2982 boves

235 3030 303 3085 et
357 3018 476 3085 alia
521 3021 807 3086 animalia
856 3041 937 3087 ex
982 3023 1379 3088 successione
1412 3021 1512 3086 vel
1547 3021 1812 3088 decimis
1848 3020 2297 3096 obvenientia3
2333 3030 2621 3107 segetem
2654 3037 2735 3084 ex
2767 3017 2910 3084 fun·

232 3120 334 3188 dis
381 3120 855 3190 beneficialibus
902 3135 1010 3190 aut
1054 3124 1605 3211 patrimonialibus
1653 3123 1965 3189 vendere.
1999 3159 2045 3171 -
2076 3124 2225 3189 490.
2282 3120 2519 3187 Eadem
2569 3122 2634 3188 S.
2667 3123 2907 3208 Congr.

224 3222 479 3310 pariter
526 3224 593 3291 in
641 3228 1074 3293 Nicostraten.
1128 3225 1507 3303 declaravit,
1560 3226 1825 3291 clericos
1870 3245 2060 3314 posse
2109 3225 2313 3291 locare
2363 3241 2586 3310 operas
2633 3224 2906 3304 bovum,

226 3344 400 3411 quos
450 3326 513 3391 in
559 3327 688 3394 suis
732 3327 943 3395 fundis
989 3349 1109 3417 pro
1157 3332 1403 3398 cultura
1451 3338 1557 3395 aut
1606 3328 1745 3394 aliis
1794 3327 1985 3394 licitis
2031 3327 2239 3394 modis
2289 3329 2611 3404 retinent,
2648 3326 2915 3393 minime

220 3446 394 3494 vero
441 3429 802 3497 conducere
847 3452 879 3497 a
926 3436 1245 3517 qiovatico
1311 3433 1507 3500 boves
1562 3443 1811 3520 emptos
1858 3450 1980 3518 pro
2028 3442 2197 3498 certa
2245 3431 2438 3499 tritici
2505 3430 2903 3518 quantitate:

222 3547 357 3596 nec
405 3551 558 3598 oves
604 3533 760 3600 item
811 3546 1052 3623 emptas
1099 3535 1456 3603 concedere
1488 3554 1607 3622 pro
1641 3546 1814 3602 certa
1848 3535 2009 3601 casei
2047 3533 2440 3621 quantitate3
2476 3553 2662 3621 posse
2701 3544 2910 3600 tamen

224 3634 299 3699 in
346 3635 479 3701 suis
526 3637 913 3705 molendinis
960 3638 1065 3704 vel
1113 3638 1394 3724 pistrinis
1442 3655 1711 3727 granum
1759 3638 1860 3704 vel
1896 3637 2127 3704 olivam
2163 3636 2522 3704 molendam
2556 3636 2906 3722 suscipere,

223 3737 428 3810 certis
475 3737 950 3807 conditionibus
996 3735 1494 3809 accedentibus:
1549 3761 1679 3810 non
1726 3760 1912 3828 posse
1958 3759 2277 3807 assumere
2347 3760 2506 3807 onus
2562 3737 2908 3825 colligendi

221 3838 373 3905 sive
419 3857 539 3925 per
582 3860 651 3907 se
697 3843 835 3908 sive
881 3862 1001 3930 per
1030 3843 1181 3909 alios
1225 3843 1444 3922 olivas,
1482 3846 1598 3911 nisi
1638 3845 1698 3910 in
1733 3843 2011 3930 praecisa
2046 3844 2451 3910 necessitate:
2491 3861 2676 3931 posse
2712 3860 2908 3928 opera

221 3960 349 4008 sua
398 3961 543 4008 cum
591 3945 808 4010 amicis
854 3954 1293 4020 commutare.
1342 3948 1392 4012 si
1442 3965 1636 4032 opera
1681 3946 1939 4013 sordida
1990 3967 2119 4014 non
2164 3946 2293 4014 sint
2342 3957 2405 4011 et
2453 3945 2909 4013 inhonesta.'-

224 4047 394 4112 491.
447 4035 683 4145 Eadem
734 4050 801 4116 S.
838 4051 908 4115 C.
965 4050 1029 4114 in
1076 4051 1355 4133 Apuana
1403 4049 1645 4127 edixit,
1712 4061 2001 4116 constare
2060 4050 2141 4116 de
2206 4049 2423 4115 illicita
2471 4048 2910 4138 negotiatione

222 4146 567 4214 cuiusdam
615 4149 900 4237 parochi,
952 4150 1060 4237 qui
1115 4171 1191 4232 ex
1240 4153 1547 4218 fructibus
1593 4154 1928 4238 paroeciae
1977 4151 2377 4238 aliorumque
2426 4170 2770 4219 munerum
2808 4171 2911 4217 so-

220 4249 533 4315 cietatem
580 4249 818 4317 bovum
869 4252 1163 4330 iniverat,
1216 4263 1281 4318 et
1327 4252 1560 4320 exinde
1606 4264 1843 4320 sortem
1892 4264 2052 4320 scut.
2097 4257 2266 4321 1000
2327 4254 2444 4320 sibi
2502 4273 2910 4342 comparave-

215 4363 351 4419 rat.
390 4388 434 4401 -
468 4353 622 4419 492.
675 4358 742 4419 ln
777 4356 1035 4438 Ripana
1082 4355 1346 4422 resolvit
1390 4356 1689 4422 sustineri
1741 4356 2129 4422 electionem
2192 4355 2521 4422 cuiusdam
2565 4354 2913 4422 sacerdotis

218 4456 302 4522 in
347 4453 714 4522 ministrum
750 4458 1023 4542 Capituli
1073 4458 1470 4545 collegiatae,
1523 4477 1591 4523 ac
1639 4458 1915 4544 proinde
1966 4459 2056 4524 uti
2107 4457 2573 4546 negotiatorem
2613 4478 2743 4525 non
2776 4477 2913 4526 esse

215 4557 658 4646 culpandum.
689 4596 733 4609 -
780 4563 931 4627 493.
986 4565 1076 4626 De
1120 4561 1422 4626 societate
1468 4562 1664 4647 vulgo
1713 4561 2218 4636 Accomandita,
2272 4581 2436 4648 quae
2484 4559 2728 4648 duplex
2775 4572 2910 4641 est3

214 4661 583 4748 regularis,
634 4664 737 4729 vel
785 4663 1168 4749 irregularis.
1205 4700 1249 4714 -
1282 4665 1437 4730 494.
1479 4667 1542 4732 S.
1578 4667 1651 4731 C.
1692 4662 1900 4750 Episc.
1943 4675 2007 4730 et
2039 4665 2267 4748 Regul.
2306 4664 2613 4745 resolvit,
2664 4663 2913 4731 clericis

213 4783 371 4836 non
415 4766 612 4834 licere
656 4769 989 4855 acquirere
1035 4769 1318 4838 actiones
1373 4767 1541 4835 illius
1600 4767 1967 4847 societatis,
2019 4787 2235 4856 neque
2296 4769 2454 4836 item
2498 4788 2619 4857 pro
2682 4767 2914 4838 iisdem
