3497 5235
600 282 721 345 256
911 292 914 297 ⁴
1356 284 1726 343 Instructionin
1767 284 1822 343 Β.
1851 283 2033 360 congr.
2064 284 2211 342 Cone.
2250 283 2521 358 expositio.

603 440 645 487 ›
685 415 1072 489 munitates
1108 417 1504 504 civitatum,
1547 423 1626 490 ut
1677 419 1934 489 iterum
1972 418 2458 491 declararetur
2491 436 2532 488 a
2569 416 2644 488 S.
2683 414 2793 505 C.‚
2834 436 2928 489 an
2980 434 3230 489 servan·

607 551 646 598 ›
686 528 821 601 dae
875 530 1018 602 sint
1071 530 1143 600 in
1198 529 1620 601 cancellaria
1672 530 2062 622 episcopali
2135 536 2502 619 tamquam
2555 529 2749 602 illius
2814 531 3051 602 curiae
3100 549 3232 602 can-

605 663 645 706 »
685 639 1002 727 cellaria,
1044 641 1417 712 videlieet:

748 776 786 822 ›
829 749 1231 838 ProcessuS,
1272 759 1342 823 et
1394 760 1554 825 acta
1609 752 1873 840 civilia,
1916 759 1989 826 et
2040 758 2274 825 cetera
2312 777 2350 820 ›
2391 748 2762 850 (Sequitur
2824 772 2989 825 mox
3038 754 3233 827 relata

601 886 640 933 >
679 864 929 935 notula
963 862 1046 935 de
1083 863 1284 935 verbo
1320 863 1416 934 ad
1460 864 1742 936 verbum
1777 861 2140 956 repetito).
2182 866 2254 936 S.
2288 862 2361 935 C.
2405 864 2739 937 Emorum
2778 858 2853 938 S.
2886 863 3095 937 Rom.
3132 863 3237 939 Ee-

601 999 639 1044 »
680 975 939 1047 clesiae
990 972 1196 1046 Card.
1240 972 1450 1046 Cone.
1495 972 1686 1047 Trid.
1734 972 2217 1066 Interpretum
2270 976 2714 1048 inhaerendo
2766 977 3238 1051 declarationi-

601 1110 640 1148 »
679 1086 841 1176 ὕας,
883 1087 1063 1158 alias
1116 1085 1347 1174 factiS,
1388 1088 1777 1177 rescripsit,
1819 1089 2208 1178 scripturas
2244 1107 2492 1160 omnes
2531 1089 2605 1159 iu
2641 1090 2970 1180 superius
3005 1090 3240 1163 descri-

601 1221 640 1269 ›
678 1207 802 1290 pto
857 1198 1049 1286 tolio,
1090 1199 1307 1270 etiam
1360 1205 1716 1290 postremo
1787 1200 1938 1271 loco
1993 1201 2386 1287 indicatas,
2445 1207 2517 1272 et
2569 1202 2628 1271 si
2684 1220 2868 1291 quae
2922 1203 3107 1274 aliae
3153 1220 3241 1273 ro·

602 1335 642 1378 v
684 1316 890 1401 gatae
944 1310 1207 1383 fuerint
1259 1330 1298 1381 a
1371 1311 1796 1382 cancellario
1849 1311 2276 1403 episcopali,
2340 1319 2700 1401 tamquam
2767 1314 2956 1385 illius
3026 1317 3239 1389 curiae

602 1446 642 1492 ›
682 1422 1105 1494 cancellario
1136 1441 1291 1494 esse
1320 1422 1792 1493 asservandus
1818 1422 1890 1493 iu
1920 1424 2365 1494 cancellariis
2394 1425 2945 1515 episcopalibus,
2977 1450 3015 1491 ι
3047 1425 3242 1500 Euius

601 1557 640 1604 ›
680 1532 887 1606 Card.
929 1534 1012 1606 de
1067 1534 1423 1626 Greqorio,
1463 1531 1692 1605 Praei.
1735 1533 1817 1603 A.
1860 1531 1941 1603 l).
1989 1534 2428 1617 camberini,
2467 1537 2929 1609 secretarius.
2965 1563 3004 1604 ι»

747 1647 916 1718 229.
960 1642 1044 1716 In
1082 1644 1293 1717 Cone.
1336 1642 1660 1717 Romano
1698 1646 1867 1717 anni
1913 1646 2123 1716 1725.
2171 1647 2238 1716 iu
2278 1648 2592 1737 Append.
2653 1667 2849 1719 nuru.
2894 1648 2932 1721 4
2947 1649 3013 1722 1.
3057 1651 3247 1723 datur

595 1759 842 1832 notula
895 1760 1434 1850 seripturarum,
1494 1777 1679 1847 quae
1735 1761 1806 1830 in
1859 1759 2285 1831 cancellaria
2341 1761 2687 1831 asservari
2743 1760 3010 1833 debent
3068 1764 3244 1834 iuxta

594 1873 1096 1946 resolutionem
1152 1868 1224 1943 S.
1267 1871 1340 1943 C.
1383 1869 1594 1944 Cone.
1636 1873 1805 1943 anni
1866 1873 2114 1958 1625„
2171 1871 2569 1960 eademque
2629 1871 2869 1944 italico
2923 1873 3242 1944 idiomate

593 1986 872 2057 reddita
928 1992 999 2057 et
1052 1983 1389 2056 distincta
1448 1985 1522 2056 in
1584 1992 1893 2073 quatuor
1965 1983 2494 2075 paragl·apbOS‚
2553 2000 2857 2072 quarum
2908 1985 2980 2054 in
3036 1986 3244 2075 prima

595 2099 989 2189 scripturae
1042 2105 1505 2170 recensentur
1563 2098 2001 2187 pertinentes
2055 2096 2142 2166 ad
2202 2113 2540 2185 personas
2592 2096 3139 2183 ecclesiasticam,
3185 2097 3245 2166 in

597 2208 823 2279 altera
877 2209 966 2279 ad
1023 2208 1170 2279 loca
1227 2227 1426 2279 sacra
1481 2215 1551 2279 et
1603 2208 2128 2294 ecclesiastica,
2188 2208 2262 2277 in
2320 2208 2524 2279 tertia
2578 2206 2667 2277 ad
2728 2208 3007 2297 negotia
3062 2226 3245 2279 saera

597 2327 671 2391 et
720 2320 1228 2406 ecclesiastiea,
1273 2320 1343 2389 in
1399 2328 1654 2409 quarta
1694 2320 1786 2391 ad
1840 2338 2093 2390 causas
2146 2319 2388 2389 civiles
2429 2325 2498 2389 et
2553 2318 3100 2389 ecclesiasticas.
3140 2316 3252 2389 Ce-

597 2438 831 2503 terum
887 2419 1050 2504 licet
1084 2433 1254 2504 ordo
1292 2432 1504 2504 [uerit
1550 2434 1900 2518 inversus,
1945 2448 2177 2520 neque
2215 2449 2371 2501 cum
2412 2446 2521 2516 eo,
2564 2447 2776 2518 quem
2815 2430 3060 2518 paullo
3094 2436 3248 2500 ante

599 2543 1083 2632 exhibuimus,
1123 2544 1531 2629 concordet,
1572 2543 1979 2616 substantia
2038 2550 2275 2614 tamen
2330 2540 2577 2611 eadem
2634 2547 2767 2611 est.

744 2656 914 2727 230.
959 2654 1166 2728 Hisce
1223 2658 1690 2748 praestitutis,
1732 2657 2104 2727 veniamus
2159 2654 2448 2744 propius
2501 2653 2594 2724 ad
2662 2671 2951 2724 causam
3008 2655 3253 2724 Rema-

596 2788 767 2840 nam
816 2774 881 2840 et
931 2769 1248 2841 aliarum
1297 2770 1490 2859 apud
1545 2768 1615 2841 S.
1660 2767 1734 2839 C.
1775 2766 2019 2855 Conc.,
2062 2768 2134 2837 in
2188 2785 2329 2855 qua
2384 2766 2527 2837 aeri
2592 2767 2980 2836 certamine
3034 2766 3257 2836 disce-

593 2886 874 2970 ptatum
929 2886 1037 2951 est
1093 2881 1278 2951 inter
1331 2880 1756 2951 tabelliones
1827 2888 1897 2952 et
1967 2878 2430 2951 cancellarios
2483 2877 2838 2949 curiarum
2894 2879 3252 2970 episcopa·

590 2990 768 3061 lium
820 2992 1227 3083 pontificiae
1278 2985 1567 3064 ditionis
1602 3011 1818 3083 super
1872 2993 2022 3062 iure
2074 2990 2498 3064 conficiendi
2537 2991 3013 3061 instrumenta
3064 2995 3253 3059 acto·

592 3122 749 3175 rum
805 3103 896 3174 ad
948 3105 1285 3196 eeclesias
1338 3104 1600 3194 piaque
1657 3105 1805 3175 loca
1860 3105 2321 3193 pertinentia.

742 3237 780 3278 ι
820 3212 1066 3286 Plures
1103 3214 1231 3305 (ita
1275 3216 1345 3285 in
1375 3215 1690 3287 eiusdem
1723 3234 1980 3286 causae
2008 3215 2213 3306 sollo,
2245 3212 2430 3302 quod
2466 3219 2739 3304 prostat
2776 3212 2850 3282 in
2888 3219 3053 3284 tom.
3087 3209 3252 3283 407.

595 3349 631 3396 ι
676 3326 901 3397 113301.
945 3328 1124 3397 atriti
1163 3326 1378 3399 4847.
1414 3347 1581 3419 paq.
1621 3322 1832 3421 154.)
1876 3325 2261 3396 identide.n
2302 3326 2718 3417 prodierunt
2772 3320 3254 3394 Romanorum

595 3461 634 3504 v
676 3433 1095 3508 Pontificum
1151 3435 1710 3511 Constitutioues
1764 3438 1946 3508 circa
2002 3438 2558 3507 asservationem
2611 3435 3121 3524 scripturarum
3173 3449 3256 3502 ac

594 3553 1309 3623 »instrumentorum
1367 3552 1434 3623 in
1510 3551 1815 3641 publicis
1872 3550 2205 3621 archiviis
2258 3550 2346 3620 ad
2413 3550 2484 3620 id
2554 3548 2932 3620 institutis.
2989 3545 3256 3619 Pluries

595 3687 634 3734 >
674 3664 887 3735 etiam
928 3664 1401 3754 disceptatum
1457 3664 1717 3736 deinde
1754 3672 1861 3735 est
1914 3663 2102 3734 iuter
2139 3658 2527 3753 Episcopos
2570 3668 2642 3733 et
2676 3662 3248 3743 communitateS,

594 3801 632 3846 ›
675 3794 1031 3866 quaenam
1084 3776 1479 3865 scripturae
1533 3774 1932 3846 conservari
1987 3773 2334 3845 deberent
2389 3774 2457 3843 in
2517 3772 2821 3865 publicis
2874 3771 3248 3854 archiviis,

593 3913 632 3956 v
673 3906 1027 3977 quaenam
1085 3889 1155 3957 iu
1210 3887 1654 3959 cancellariis
1708 3886 2260 3975 episcopalibus,
2311 3885 2408 3956 Ad
2466 3886 2651 3956 lianc
2685 3882 3251 3975 componendam

593 4026 631 4068 »
675 4002 1165 4090 quaestionem
1221 4008 1458 4071 aetum
1515 3999 1816 4088 primum
1874 4007 1981 4069 est
2033 3996 2224 4088 apud
2281 3997 2467 4068 hanc
2518 3998 2591 4068 S.
2644 3993 2717 4067 C.
2769 3997 2907 4067 sub
2961 3997 3071 4067 die
3127 3992 3245 4061 19.

591 4136 630 4174 ι
673 4110 1320 4198 Decembr.16:25.,
1363 4113 1615 4183 iterum
1658 4111 1774 4180 die
1807 4111 1879 4180 9.
1917 4106 2054 4180 lul.
2095 4109 2340 4193 1825„
2377 4108 2640 4197 quibus
2677 4108 3049 4179 definitum
3089 4103 3251 4186 luit,

590 4248 628 4293 ι»
671 4230 749 4295 ut
804 4224 875 4294 in
947 4225 1372 4304 cancellaria
1445 4222 1830 4312 episcopali
1902 4229 2497 4293 conservarentur
2559 4220 2960 4308 scripturae
3021 4230 3252 4288 omnes

592 4359 630 4404 ι»
671 4344 956 4425 roqutae
992 4357 1039 4408 a
1091 4335 1520 4409 cancellario
1554 4333 1964 4425 episcopali,
2002 4339 2366 4423 tanlquam
2409 4331 2840 4403 caracellart'o
2893 4328 3081 4400 illius
3133 4341 3262 4394 cu-

593 4471 632 4519 »
671 4450 863 4532 riae,·
900 4457 972 4521 et
1008 4450 1329 4521 adiectus
1369 4447 1501 4518 luit
1536 4446 1903 4537 catalogus
1940 4446 2348 4515 earumdem
2387 4445 2928 4532 scripturarum.
2962 4437 3256 4509 Factum

594 4583 633 4630 ›
674 4559 970 4649 proinde
1023 4568 1159 4642 est,
1223 4567 1300 4631 ut
1351 4560 1753 4630 cancellarii
1826 4559 2305 4649 episcopales,
2362 4554 2493 4627 elsi
2553 4553 2833 4625 notarili
2893 4542 3260 4642 privilegio

593 4697 633 4740 v
673 4672 1028 4759 destituti,
1067 4679 1313 4742 tamen
1364 4690 1581 4762 supra
1636 4670 2042 4742 memoratis
2076 4666 2631 4741 resolutionibus
2680 4666 2909 4737 innixi
2960 4665 3069 4735 ius
3112 4651 3253 4728 sibi
