3497 5235
578 287 698 362 ⁰⁸1¹·
722 289 792 345 11.
829 289 903 346 Do
941 288 1207 363 Epium),
1246 287 1655 362 Διοῑιίοιιίιοορσ,
1694 286 1922 345 Primo
1961 285 2019 344 ot
2053 286 2377 345 Patriuohn.
2420 288 2473 363 g.
2501 287 2550 344 7.
2777 281 2897 346 263

257 446 285 488 ›
319 440 518 513 neque
566 423 663 495 ad
719 423 1179 513 Capitulum,
1253 441 1472 514 neque
1522 421 1617 495 ad
1679 421 2038 495 Vicarium
2088 427 2399 512 spectare
2425 473 2456 502 ,
2526 420 2643 491 sed
2696 420 2903 491 libere

256 533 541 624 »futuro
591 535 975 607 successori
1026 534 1415 615 reservari,
1468 534 1530 605 si
1582 531 1677 604 ad
1738 533 2184 624 Episcopum,
2240 531 2532 604 ecclesia
2587 550 2727 602 uon
2778 550 2905 603 va·-

257 669 287 712 ι
316 650 534 727 conte,
579 646 1091 736 pertinuissent
1110 667 1144 731 ,·
1194 664 1281 716 ea:
1330 644 1438 716 his
1492 651 1726 717 tamen
1765 643 2245 717 deducendum
2292 662 2435 715 esse
2481 642 2905 715 rationabile

258 780 286 822 ν
315 757 653 828 salarium
717 758 996 831 Vicario
1065 757 1630 831 constituendum
1687 762 1754 829 et
1811 754 2376 848 persolvendum.
2413 779 2451 824 >
2523 751 2725 826 Idem
2780 754 2906 826 de-

257 891 287 934 »
319 874 575 939 cretum
614 868 751 941 fuit
786 869 863 940 in
898 867 1216 958 quadam
1258 887 1473 939 causa
1508 867 1797 939 Nullius
1834 866 1948 938 die
1981 867 2094 937 11.
2128 862 2266 937 Iul.
2307 866 2521 936 1616.
2564 861 2729 962 (lib.
2775 864 2893 938 13.

256 1002 286 1044 ›
316 978 553 1052 decret.
587 999 759 1073 paq.
802 979 924 1052 55.
967 986 1033 1052 et
1071 977 1240 1075 56.)
1279 981 1352 1052 in
1388 979 1783 1055 Mazarien.
1826 979 1917 1050 ad
1952 976 2131 1050 dub.
2165 980 2271 1065 3.,
2312 979 2386 1048 iu
2427 977 2893 1068 Cephaluden.

256 1113 286 1156 ι
321 1090 422 1161 17.
462 1086 643 1162 Nov.
694 1092 940 1180 1594„
986 1095 1063 1164 in
1102 1111 1246 1183 qua
1283 1099 1526 1164 tamen
1563 1090 1887 1183 apposita
1925 1089 2058 1160 tuit
2092 1088 2449 1161 conditio:
2509 1089 2652 1160 nisi
2692 1089 2901 1181 Capi-

254 1203 446 1274 »tulo
492 1222 584 1276 ea:
632 1204 1027 1295 Apostolico
1087 1204 1468 1297 privileqio
1526 1222 1851 1275 concessa
1901 1202 2260 1290 fuissent,·
2332 1219 2416 1273 ac
2468 1203 2756 1275 tandem
2820 1205 2897 1275 in

254 1337 284 1380 ι
318 1312 643 1387 ostunen.
690 1316 1068 1388 Procurat.
1112 1322 1178 1388 et
1215 1315 1570 1387 Resident.
1610 1316 1731 1387 28.
1774 1308 1912 1383 Iul.
1960 1313 2174 1385 1708.
2215 1312 2308 1385 ad
2360 1313 2432 1384 2.
2477 1318 2547 1386 et
2598 1316 2669 1386 3.
2712 1313 2887 1387 dub.

249 1417 384 1513 (lib.
413 1426 535 1500 58.
569 1427 833 1500 decret.
865 1446 1039 1519 paq.
1069 1426 1244 1500 266.
1245 1422 1316 1522 ).

372 1538 536 1608 244.
600 1564 637 1605 »
678 1536 903 1610 Probe
959 1544 1202 1609 autem
1257 1543 1551 1609 monent
1593 1537 1944 1622 doctores,
1996 1535 2223 1608 relata
2277 1534 2563 1607 decreta
2616 1535 2703 1608 de
2756 1535 2897 1608 illis

254 1671 284 1713 ›
316 1649 802 1723 emolumentis
853 1649 1324 1741 intelligenda
1379 1667 1560 1736 esse,
1617 1667 1805 1738 quae
1856 1667 1944 1720 ex
1997 1647 2484 1720 iurisdictione
2536 1655 2606 1721 et
2658 1650 2890 1740 sigillo

254 1783 284 1825 ›
315 1759 565 1833 directe
615 1761 1088 1854 proveniunt3
1149 1779 1355 1834 secus
1406 1767 1650 1832 tamen
1702 1759 1791 1831 de
1844 1759 2028 1845 illis;
2086 1777 2273 1848 quae
2324 1761 2754 1849 proveniunt
2808 1779 2896 1832 ex

193 1961 208 1984 ι
252 1895 282 1936 ›
312 1890 513 1945 causa
547 1890 898 1964 personae
939 1872 1500 1944 iurisdictionem
1535 1871 1959 1958 exerceam,
1992 1876 2074 1942 ut
2109 1874 2309 1942 notat
2344 1870 2528 1943 Add.
2572 1872 2667 1944 ad
2708 1871 2898 1957 Qua-

253 2011 283 2052 »
311 1995 494 2061 rant.
526 1988 604 2059 in
639 1988 829 2061 verb.
867 1987 1270 2079 Capitulum
1296 1987 1451 2058 sede
1477 1991 1823 2071 vacante,·
1859 2003 1943 2056 ac
1979 1983 2276 2075 proinde
2312 1990 2667 2073 statuunt,
2701 1985 2895 2076 quod

251 2124 281 2166 ›
313 2100 776 2172 emolumenta
828 2100 995 2188 illa,
1063 2118 1251 2191 quae
1301 2097 1634 2191 Episcopi
1687 2094 1963 2169 Vicario
2016 2098 2290 2168 ratione
2341 2097 2453 2168 sui
2504 2096 2718 2169 officii
2770 2096 2900 2169 de-

249 2235 282 2276 »
313 2210 591 2298 bentur,
646 2212 816 2284 sede
869 2219 1195 2301 vacante,
1256 2212 1507 2284 cedere
1559 2208 1874 2282 debeant
1925 2206 2274 2281 beneficio
2311 2204 2568 2280 Vicarii
2604 2205 2897 2299 Capitu-

247 2345 280 2386 ›
312 2323 513 2411 lari33
571 2342 759 2414 quae
812 2342 977 2397 vero
1014 2343 1157 2396 non
1193 2319 1502 2410 vicario,
1560 2321 1686 2393 sed
1720 2317 2075 2412 Episcopo
2128 2319 2580 2392 debebantur
2616 2320 2891 2391 ratione

245 2457 278 2498 ›
314 2434 839 2525 iurisdictionis,
895 2435 1135 2528 sigilli,
1195 2440 1321 2505 aut
1374 2432 1668 2506 alterius
1720 2432 1949 2520 tituli,
2005 2428 2340 2503 Gamerae
2395 2431 2886 2522 Apostolica03

245 2544 425 2617 »ubi
474 2564 640 2619 vero
700 2544 991 2619 Camera
1050 2565 1194 2619 non
1257 2544 1479 2617 babet
1532 2545 1643 2616 ius
1679 2596 1698 2629 ‚
1772 2543 2159 2616 successori
2221 2541 2649 2615 reservanda
2714 2544 2884 2615 sint.

240 2678 273 2719 ›
307 2651 603 2729 Leuren.
661 2658 744 2729 de
791 2657 1066 2740 Vicar„
1121 2663 1333 2731 tract.
1381 2656 1455 2730 3.
1514 2676 1671 2747 cap.
1715 2656 1785 2729 1.
1842 2662 2110 2747 quaest.
2151 2656 2360 2737 465..
2413 2663 2484 2728 et
2534 2654 2884 2748 Ventrigl.

241 2788 276 2831 ›
312 2767 432 2839 loc.
471 2769 593 2841 cit.
637 2787 831 2841 num.
874 2767 996 2842 33.
1033 2792 1072 2837 ›

364 2878 528 2951 245.
587 2875 673 2951 In
727 2889 1116 2954 memorata
1175 2883 1474 2954 Ianuen.
1534 2879 1884 2972 agebatur
1934 2881 2024 2952 de
2075 2899 2244 2952 casu
2277 2932 2297 2968 ‚
2362 2881 2437 2951 in
2492 2897 2633 2969 quo
2684 2877 2891 2970 Capi-

233 2988 445 3061 tulum
498 2987 860 3064 Ianuense
913 2999 1158 3064 contra
1197 2990 1823 3082 Archiepiscopum
1861 2991 2218 3063 novellum
2273 2989 2713 3063 attribuebat
2751 2989 2890 3062 sibi

231 3098 334 3171 ius
376 3119 459 3173 ex
511 3102 1061 3175 immemorabili
1119 3104 1640 3176 consuetudine
1692 3104 2056 3193 profluens
2108 3102 2547 3193 percipiendi
2607 3120 2885 3192 suaque

229 3208 517 3287 faciendi
571 3214 1053 3286 emolumenta
1108 3216 1374 3304 omnia,
1434 3234 1619 3306 quae
1673 3222 1992 3306 tempore
2044 3214 2232 3287 sedis
2283 3214 2604 3284 vacantis
2658 3230 2744 3284 ex
2781 3214 2891 3283 iu-

223 3321 619 3395 risdictione
673 3334 744 3399 et
797 3325 1029 3418 sigillo
1083 3327 1351 3415 curiae,
1410 3334 1535 3399 aut
1588 3327 1767 3398 alias
1820 3328 2483 3417 quomodocumque
2518 3326 2892 3416 provenie-

219 3429 413 3507 bant.
470 3432 731 3526 Itaque
781 3445 1160 3528 postquam
1218 3457 1330 3527 ea,
1388 3457 1576 3528 quae
1627 3438 1835 3510 modo
1896 3440 2425 3528 exscripsimuS‚
2484 3437 2884 3528 disceptata

216 3541 527 3633 fuerunt,
587 3547 838 3620 eodem
889 3550 965 3621 in
1018 3550 1213 3621 Folio
1265 3547 1338 3644 ξ.
1380 3551 1583 3622 Hisce
1636 3552 1961 3640 quaestio
2012 3550 2552 3637 subiiciebatur‚
2611 3569 2704 3621 an
2742 3548 2888 3640 legi

212 3652 558 3730 hactenus
609 3661 973 3749 expositae
1027 3661 1472 3734 consuetudo
1524 3663 1875 3734 contraria
1928 3668 2168 3753 posset
2228 3655 2620 3753 derogare?
2699 3658 2891 3743 Qua-

207 3775 495 3861 propter
546 3771 907 3843 rationum
962 3780 1320 3846 momenta
1356 3775 1434 3846 in
1472 3781 1850 3865 utramque
1884 3780 2162 3867 partem
2197 3774 2464 3846 ibidem
2513 3788 2890 3862 exponun-

209 3883 328 3949 tur
360 3932 380 3968 ‚
445 3900 531 3952 ac
582 3884 953 3973 speciatim
1005 3903 1133 3975 pro
1186 3892 1391 3976 parte
1453 3884 1879 3959 affirmativa
1951 3885 2355 3959 referuntur
2425 3884 2886 3956 auctoritates

202 3985 590 4065 Gaudentii
654 4013 696 4064 a
752 3990 979 4066 Ianua
1031 3996 1115 4068 de
1177 3995 1378 4068 Visit.
1427 3997 1751 4069 Praelat.
1792 3996 1947 4070 ord.
1992 3998 2129 4089 ins.
2171 3998 2332 4069 dub.
2380 3995 2496 4069 13.
2541 4000 2703 4068 sect.
2746 3993 2821 4065 2.
2854 4046 2885 4076 .

198 4101 284 4174 de
334 4102 477 4177 Vic.
527 4107 699 4196 Cap.
742 4126 817 4178 n.
853 4107 982 4180 20.
1021 4104 1094 4201 ἓ.
1128 4107 1205 4179 2.
1246 4109 1323 4178 in
1361 4109 1528 4200 Ῑῑη..
1566 4125 1848 4180 necnon
1883 4105 2242 4200 Gagliardi
2281 4110 2456 4179 Inst.
2499 4107 2649 4178 Iur.
2701 4106 2880 4179 Can.

196 4213 324 4286 lib.
375 4216 440 4288 1.
480 4218 593 4291 tit.
631 4218 800 4302 27..
835 4221 918 4292 de
966 4220 1110 4293 Vic.
1158 4221 1327 4312 Cap.
1369 4228 1435 4295 et
1470 4223 1599 4313 Ap.
1644 4241 1717 4292 η.
1763 4221 1880 4295 10.

351 4327 522 4401 246.
582 4327 673 4403 At
721 4350 886 4404 vero
938 4350 1066 4423 pro
1121 4334 1454 4424 negativa
1517 4339 1800 4424 praeter
1851 4335 2340 4405 auctoritatem
2405 4330 2702 4402 aliorum
2756 4330 2886 4403 do-

189 4445 477 4511 ctorum
530 4443 824 4514 affertur
874 4442 1253 4535 disciplina
1307 4444 1383 4516 S.
1425 4441 1501 4515 C.
1541 4441 1788 4531 Conc.;
1850 4465 1887 4508 αι
1920 4461 2086 4514 nam
2139 4444 2215 4514 in
2268 4442 2518 4515 Elven.
2578 4442 2718 4514 diei
2754 4443 2875 4515 28.

185 4546 419 4623 Mart.
462 4552 724 4625 1648.»
780 4549 1044 4647 (pergit
1081 4555 1362 4628 Folium
1397 4572 1655 4627 causae
1694 4550 2060 4650 Iauuen.),
2107 4576 2143 4620 ‹
2176 4554 2251 4625 in
2286 4571 2430 4643 qua
2466 4571 2626 4624 cum
2666 4571 2888 4644 quae-

185 4683 228 4725 >
269 4667 560 4736 teretur
609 4665 685 4736 in
737 4664 809 4735 4.
848 4663 1113 4737 dubio:
1176 4667 1287 4740 An
1353 4665 1631 4738 Vicario
1690 4665 2136 4758 capitulari,
2187 4684 2306 4739 seu
2357 4664 2551 4737 illius
2605 4665 2886 4738 notario
