3497 5235
623 292 746 367 ⁰⁸!-
771 293 840 351 11.
877 293 952 352 D·
990 292 1256 368 Bpiueopo,
1294 293 1703 368 Archiopinoopo,
1741 290 1972 350 Printte
2012 289 2070 348 ot
2107 289 2435 348 Patria-olm.
2476 289 2532 363 g.
2561 288 2611 345 3.
2848 283 2966 347 197

311 432 383 499 ut
423 423 750 519 Episcopi
801 429 1292 501 testimonium
1342 446 1470 521 per
1521 428 2063 518 aequipollens,
2121 432 2246 499 aut
2302 427 2517 500 etiam
2570 442 2697 517 per
2747 423 2965 496 fidem

315 539 837 613 testimonialem
909 540 1369 612 moderatoris
1445 540 1812 612 seminarii
1889 538 2208 630 suppleri
2277 554 2487 627 posse
2555 540 2956 607 censeatur.

314 647 494 723 Porro
543 654 913 725 seminarii
966 653 1371 725 moderator
1414 653 1489 724 in
1524 672 1726 740 casu,
1769 652 1858 724 de
1896 670 2038 741 quo
2075 652 2341 743 agitur,
2381 650 2591 721 homo
2628 654 2736 720 est
2773 665 2963 720 mere

313 765 632 857 privatus,
693 766 1015 857 adeoque
1065 767 1357 838 minime
1396 766 1584 854 talis,
1628 766 1742 838 cui
1777 765 2068 858 publica
2106 765 2284 837 fides
2320 782 2408 835 ex
2446 765 2596 834 iure
2633 759 2967 833 adhiberi

312 878 689 949 necessario
715 877 1001 950 debeat.
1036 872 1124 949 Iu
1159 875 1319 948 Emi
1354 875 1651 948 Bianchi
1689 877 2126 950 sententiam
2162 875 2578 966 plenissime
2615 874 2965 946 concessit

307 981 371 1055 S.
404 984 501 1075 C.;
562 1006 882 1078 namque
934 989 1248 1076 tametsi,
1308 989 1644 1079 inspectis
1696 989 2254 1062 circumstantiis
2307 989 2381 1059 in
2436 1006 2519 1059 eo
2571 1006 2741 1060 casu
2795 1006 2969 1060 con-

309 1098 768 1188 currentibus,
828 1123 867 1164 «
905 1100 1315 1172 ordinatum
1368 1107 1437 1172 et
1489 1100 1947 1172 ordinantem
2001 1097 2558 1188 inquietandum
2608 1116 2754 1170 non
2805 1116 2963 1171 esse

306 1209 683 1282 iudicaret:
743 1212 819 1282 in
868 1218 1234 1303 posterum
1287 1230 1451 1284 vero
1503 1212 1577 1283 in
1630 1211 1919 1284 casibus
1969 1209 2323 1282 similibus
2360 1211 2607 1282 literas
2642 1211 2966 1283 testimo-

308 1321 503 1393 niales
561 1322 1050 1412 exquirendas
1101 1341 1256 1395 esse
1309 1322 1565 1395 statuit
1614 1323 1815 1394 iuxta
1866 1328 2110 1394 votum
2165 1319 2325 1392 Emi
2377 1319 2703 1394 Bianchi.
2740 1346 2778 1388 ι»

426 1434 547 1505 95.
608 1431 875 1515 Quarta
926 1440 1000 1506 et
1051 1435 1302 1508 ultima
1371 1435 1552 1506 ratio
1621 1432 2084 1506 subiectionis
2150 1451 2317 1525 erga
2369 1431 2801 1524 Episcopum
2854 1438 2964 1504 est

302 1542 733 1618 {amiliaritas
784 1546 983 1617 iuxta
1040 1563 1198 1636 cap.
1240 1547 1313 1617 9.
1356 1545 1547 1617 SeSS.
1579 1546 1701 1616 23.
1744 1545 1826 1617 de
1866 1546 2215 1637 Reform„
2254 1563 2340 1617 ex
2378 1562 2520 1633 qua
2566 1542 2963 1635 Episcopus

311 1657 609 1730 alienum
660 1656 1032 1729 subditum
1083 1658 1415 1729 ordinare
1466 1663 1730 1748 potest,
1789 1656 1999 1727 modo
2052 1655 2248 1728 bunc
2298 1674 2428 1746 per
2463 1656 2852 1727 triennium
2888 1656 2965 1726 in

305 1786 415 1840 suo
458 1769 756 1841 servitio
805 1785 1046 1840 secum
1099 1769 1499 1858 retinuerit,
1557 1768 2036 1857 eumdemque
2073 1773 2443 1857 praeterea
2480 1768 2628 1839 suis
2662 1767 2966 1860 sumpti-

301 1879 419 1952 bus
449 1881 741 1953 aluerit:
784 1899 872 1952 ex
899 1881 1334 1973 praescripto
1370 1898 1536 1953 vero
1572 1876 2139 1952 Innocentianae
2177 1879 2592 1969 remiritur,
2625 1885 2707 1951 ut
2743 1880 2965 1951 trien-

302 1991 479 2063 nium
513 1993 610 2065 sit
648 1992 1008 2081 integrum
1043 1997 1115 2063 et
1151 1992 1612 2082 completum,
1655 1996 1725 2062 et
1762 1991 2108 2063 accedant
2158 1991 2409 2063 literae
2446 1991 2962 2064 testimoniales

301 2101 611 2198 Episcopi
664 2106 959 2197 originis
1026 2124 1155 2178 seu
1227 2105 1617 2194 domicilii;
1691 2111 1775 2177 ut
1845 2102 2242 2198 Episcopus
2295 2106 2636 2178 ordinans
2687 2104 2963 2177 benefi-

300 2220 493 2309 cium,
553 2220 752 2311 quod
804 2221 956 2291 eius
1007 2221 1515 2292 sustentationi
1569 2221 1783 2312 plene
1834 2218 2170 2308 sufficiat,
2227 2219 2483 2291 saltem
2537 2220 2724 2290 intra
2763 2236 2962 2292 men-

303 2348 430 2403 sem
483 2353 528 2403 a
580 2332 699 2405 die
751 2331 1044 2404 habitae
1096 2331 1569 2403 ordinationis
1621 2331 1859 2403 eidem
1910 2328 2280 2418 conferat3
2355 2329 2666 2419 denique
2736 2336 2817 2401 ut
2884 2330 2960 2401 in

302 2444 692 2516 testimonio
742 2442 1214 2515 ordinationis
1266 2443 1532 2515 diserta
1586 2442 1713 2514 fiat
1766 2444 2034 2514 mentio
2088 2448 2233 2513 tam
2270 2441 2358 2513 de
2395 2442 2604 2514 titulo
2657 2440 2963 2513 familia-

304 2556 550 2647 ritatis,
608 2576 828 2648 quam
880 2557 970 2630 de
1023 2556 1625 2630 testimonialibus
1673 2556 1942 2649 proprii
1995 2553 2327 2628 Praelati.

431 2672 555 2742 96.
614 2667 950 2760 TempuS,
1007 2687 1149 2759 quo
1203 2670 1465 2759 aliquis
1517 2687 1678 2741 cum
1731 2665 2085 2760 Episcopo
2138 2673 2613 2740 commoratus
2648 2675 2758 2740 est
2795 2676 2963 2741 ante

302 2779 625 2873 adeptum
663 2781 1180 2874 episcopatum,
1223 2781 1473 2870 utique
1509 2787 1964 2871 computatur
1999 2781 2074 2851 in
2107 2780 2444 2867 trienni0,
2479 2779 2673 2869 quod
2709 2799 2750 2851 a
2787 2778 2967 2852 Con-

303 2890 445 2962 cilio
492 2891 910 2980 requiritur.
965 2886 1146 2963 Nam
1217 2891 1291 2963 S.
1349 2888 1426 2961 C.
1486 2892 1560 2963 in
1617 2891 1993 2964 Catanien.
2049 2894 2125 2964 9.
2183 2889 2528 2965 Novemb.
2592 2892 2806 2963 1589.
2864 2892 2966 2963 ita

302 3001 543 3077 babet:
608 3029 647 3070 ι
687 3001 1086 3097 Episcopus
1121 3023 1268 3076 non
1303 3009 1542 3097 potest
1594 3005 1792 3076 iuxta
1831 3021 1991 3093 cap.
2025 3005 2099 3075 9.
2141 3005 2330 3075 Sess.
2361 3003 2481 3073 23.
2528 3002 2612 3074 de
2650 3003 2960 3094 Reform.

305 3113 789 3187 »familiarem
841 3134 1050 3187 suum
1122 3133 1266 3186 non
1334 3114 1706 3188 subditum
1760 3116 2135 3205 ordinare,
2194 3117 2331 3187 nisi
2394 3132 2523 3206 per
2572 3113 2966 3186 triennium

305 3249 338 3291 ›
371 3244 604 3298 secum
657 3224 873 3298 fuerit
923 3232 1426 3299 commoratus.
1485 3222 1726 3300 Oritur
1780 3227 2208 3316 difficultas,
2267 3245 2362 3297 an
2424 3227 2499 3297 in
2552 3225 2966 3297 huiusmodi

307 3359 340 3400 ν
375 3339 670 3411 triennio
708 3338 930 3429 possit
967 3339 1362 3428 computari
1399 3344 1708 3428 tempus,
1744 3357 1887 3429 quo
1924 3355 2166 3410 secum
2205 3343 2681 3410 commoratus
2718 3334 2960 3426 fuerit,

305 3469 341 3512 ›
374 3455 757 3539 antequam
811 3450 905 3522 ad
957 3450 1449 3540 episcopatum
1501 3455 1690 3521 esset
1741 3456 2132 3540 promotus.
2192 3446 2365 3522 Ideo
2417 3449 2774 3540 supplicat
2839 3465 2967 3538 pro

309 3580 343 3623 ν
379 3561 824 3634 resolutione.
869 3562 942 3633 S.
976 3558 1193 3651 Cong.
1228 3558 1441 3632 Conc.
1484 3560 1879 3651 respondit,
1921 3563 2169 3651 utique
2210 3561 2630 3651 computari.
2668 3585 2705 3628 ›
2764 3555 2968 3630 Idem

303 3671 676 3744 resolutum
730 3670 867 3745 fuit
922 3674 993 3743 in
1031 3674 1472 3764 Bruqnaten.
1515 3673 1637 3742 28.
1680 3667 1823 3743 Iul.
1871 3672 2085 3744 1580.
2128 3678 2200 3743 et
2235 3672 2309 3743 in
2348 3671 2660 3762 quadam
2703 3670 2968 3762 Cepha-

306 3780 562 3866 luden„
615 3802 799 3874 quas
849 3783 1001 3855 suis
1051 3782 1289 3855 verbis
1352 3782 1662 3854 afferunt
1727 3780 2113 3874 Rigantius
2164 3790 2235 3857 et
2289 3780 2698 3870 Giraldius3
2773 3781 2970 3853 hunc

302 3893 455 3964 vide
487 3896 598 3967 Ius
641 3896 855 3967 Pont.
896 3891 975 3965 P.
1010 3890 1108 3964 II.
1144 3892 1331 3967 Sect.
1356 3894 1478 3965 97.
1522 3912 1684 3985 pag.
1719 3894 1891 3965 957.
1934 3890 2068 3966 Hic
2104 3901 2350 3966 auctor
2387 3893 2604 3966 tradit
2640 3894 2961 3984 insuper,

302 4007 767 4078 necessarium
821 4023 966 4077 non
1019 4022 1203 4093 esse,
1262 4010 1342 4076 ut
1395 4006 1687 4077 triennii
1757 4005 2003 4096 lapsus
2056 4006 2150 4078 sit
2202 4007 2585 4078 continuus
2636 4023 2766 4077 seu
2819 4022 2968 4076 non

304 4113 756 4209 interruptus,
815 4115 903 4190 At
957 4123 1172 4208 negat
1223 4113 1677 4189 Honorantes
1731 4119 1965 4190 Praoe.
2014 4118 2202 4189 Secr.
2252 4116 2441 4188 Trib.
2496 4116 2641 4188 Vic.
2685 4115 2963 4206 cap.'1.

306 4225 481 4298 Nota
527 4229 931 4301 duodecimo
984 4247 1150 4321 pag.
1193 4228 1350 4316 21.;
1407 4229 1783 4319 utriusque
1835 4247 2001 4301 vero
2052 4227 2415 4301 sententia
2466 4225 2768 4298 fortasse
2830 4225 2969 4298 boc

303 4353 503 4410 sensu
551 4341 910 4413 conciliari
963 4345 1227 4432 potest,
1283 4347 1365 4412 ut
1418 4339 1559 4412 duo
1610 4346 1937 4432 tempora
1989 4338 2326 4429 coniungi
2379 4339 2702 4428 possint,
2760 4338 2970 4410 dum-

302 4451 494 4523 modo
544 4454 972 4545 interruptio
1027 4472 1173 4526 non
1224 4454 1319 4525 sit
1371 4453 1739 4526 notabilis.

442 4563 554 4633 97.
612 4562 1013 4637 Familiaris
1045 4564 1159 4638 'ad
1212 4565 1569 4653 effectum,
1628 4565 1718 4637 de
1773 4583 1915 4655 quo
1965 4582 2078 4636 res
2131 4570 2268 4651 est,
2324 4562 2445 4634 ille
2496 4561 2783 4652 dicitur,
2841 4562 2967 4652 qui

307 4664 633 4767 Episcopo
685 4677 1025 4767 inservit,
1085 4677 1367 4750 in-eius
1404 4667 1596 4749 'aede
1648 4683 2152 4766 commoratur,
2210 4675 2510 4766 eiusque
2563 4674 2969 4768 sumptibus
