3497 5235
905 334 1021 411 11η.
1048 341 1091 397 1.
1130 336 1202 395 n·
1243 334 1395 396 men
1435 313 1694 393 ιοοιοιῑὶι
1731 331 2008 391 manui.
2047 334 2099 408 g.
2130 333 2252 390 4-7.
2796 329 2907 393 117

271 496 303 536 ›
335 472 706 545 concedere
758 474 952 546 domi
1002 474 1446 566 celebrandi,
1501 491 1661 546 cum
1713 473 2042 545 infirmus
2093 471 2386 545 deberet
2454 488 2581 561 pro
2634 466 2905 541 viatico

269 614 299 652 ι
331 586 855 674 communicari,
914 586 984 656 S.
1027 583 1100 657 C.
1160 586 1574 677 respondit:
1615 586 1775 658 Non
1822 605 2045 678 posse.
2104 580 2288 665 Quin
2341 584 2482 653 imo
2534 599 2693 653 cum
2740 579 2907 655 Car-

267 724 298 764 »
331 697 572 770 dinalis
622 697 910 789 legatus
959 697 1431 791 Portugalliae
1482 699 1830 789 petiisset,
1872 704 1950 770 ut
1984 705 2222 789 posset
2257 697 2645 770 concedere
2680 696 2905 768 licen-

267 839 295 874 »
329 811 486 882 tiam
540 809 953 883 celebrandi
1009 812 1080 882 in
1130 813 1338 883 domo
1389 813 1666 905 privata
1717 812 2056 883 decenter
2110 811 2669 899 accommodata,
2738 828 2898 881 eum

265 949 292 988 ι
326 921 641 994 infirmus
694 923 956 1014 aliquis
1008 924 1219 997 debet
1273 943 1397 1016 per
1450 921 1799 997 viaticum
1853 923 2384 1011 communicari,
2442 931 2511 997 et
2558 924 2693 996 hoc
2728 923 2897 1014 quia

265 1061 294 1100 2
325 1035 388 1106 in
437 1035 580 1108 illis
633 1036 1042 1128 regionibus
1092 1043 1263 1109 sunt
1313 1038 1539 1109 multa
1589 1037 1739 1108 loca
1801 1036 1979 1108 adeo
2033 1035 2355 1129 dispersa
2407 1043 2478 1107 et
2529 1040 2801 1107 remota
2853 1053 2897 1107 a

264 1173 290 1215 ›
322 1148 695 1238 parochiiS,
754 1157 833 1222 ut
882 1168 1026 1222 non
1073 1150 1232 1222 sine
1285 1150 1592 1221 maximo
1645 1148 2091 1221 incommodo
2143 1148 2366 1238 possit
2401 1143 2899 1219 Eucharistiae

264 1287 291 1324 ν
322 1261 851 1334 Sacramentum
888 1261 1367 1350 circumferri3
1425 1257 1499 1332 S.
1539 1259 1616 1333 C.
1658 1261 2070 1353 respondit:
2114 1257 2270 1332 Nou
2304 1277 2459 1332 esse
2497 1259 2895 1331 conceden-

263 1373 510 1444 »dnm.
549 1399 587 1439 υ
648 1371 822 1448 Vide
879 1377 1463 1465 Calatayeronen.
1522 1373 1635 1446 die
1691 1375 1761 1444 7.
1806 1368 1968 1446 Iun.
2024 1374 2235 1445 1855.
2285 1370 2357 1466 ἓ.
2402 1373 2493 1444 Et
2527 1371 2647 1443 ad.

383 1485 547 1556 108.
600 1484 690 1558 At
742 1506 902 1559 vero
957 1489 1030 1559 in
1081 1492 1468 1558 meinorata
1511 1487 2097 1575 Calatayeronen.
2145 1485 2460 1558 oratorii
2502 1484 2696 1576 priv.
2738 1501 2902 1574 pro-

255 1598 476 1686 positis
524 1598 765 1671 dubiis
815 1623 857 1664 ‹
895 1600 960 1671 1.
997 1598 1104 1670 An
1138 1596 1531 1690 Episcopus
1568 1598 1818 1689 possit,
1860 1599 2045 1670 iusta
2084 1598 2605 1670 interveniente
2643 1614 2889 1686 causa,

257 1709 724 1784 »facultatem
767 1711 1161 1786 concedere
1213 1712 1623 1785 celebrandi
1679 1713 1754 1782 in
1804 1711 2128 1782 oratoriis
2189 1709 2483 1802 privatis
2538 1709 2608 1781 in
2663 1702 2891 1781 casu?

257 1847 286 1886 ι
317 1824 382 1893 2.
422 1825 531 1895 An
584 1833 911 1898 cessante
959 1845 1176 1898 causa
1227 1824 1650 1915 episcopalis
1694 1823 1948 1895 indulti
1989 1828 2390 1914 perseveret
2426 1821 2889 1893 nihilominus

255 1935 612 2009 »facultas
665 1939 740 2008 in
791 1939 931 2010 vim
982 1936 1232 2010 Bullae
1282 1935 1647 2010 Cruciatae
1700 1941 1776 2007 in
1826 1931 2044 2007 casu?
2079 1959 2116 2002 »
2174 1933 2298 2007 Die
2352 1936 2424 2006 7.
2467 1930 2627 2006 lan.
2667 1933 2880 2005 1855.

250 2065 438 2120 causa
474 2051 701 2122 dilata
737 2059 872 2139 est,
929 2051 1330 2141 iterumque
1387 2049 1777 2142 proposita,
1818 2049 2142 2139 plurimis
2187 2046 2356 2118 hinc
2390 2046 2555 2117 inde
2593 2044 2887 2137 prolatis

248 2163 800 2249 auctoritatibuS‚
854 2163 1220 2253 responsio
1268 2161 1526 2253 prodiit
1561 2162 1676 2234 die
1712 2163 1834 2234 ΞΟ.
1870 2158 2275 2233 Decembris
2310 2157 2626 2231 eiusdem
2666 2158 2882 2230 anni:

253 2273 403 2345 «Ad
461 2275 528 2344 1.
572 2271 941 2366 Negative,
997 2275 1133 2346 nisi
1186 2280 1429 2345 tamen
1482 2290 1784 2366 maguae
1818 2278 1891 2344 et
1929 2278 2262 2363 urgentes
2315 2270 2554 2343 adsint
2590 2287 2876 2358 causae,

251 2412 280 2451 t
313 2395 377 2459 et
427 2406 556 2478 per
607 2388 895 2459 modum
962 2394 1165 2461 actus
1232 2393 1541 2460 tantum.
1601 2387 1708 2459 Ad
1770 2389 1842 2456 2.
1900 2383 2266 2477 Negative.
2312 2410 2350 2453 2»
2418 2381 2630 2456 Porro
2697 2385 2885 2456 circa

246 2498 619 2570 secundum
673 2498 970 2571 dubium
1025 2518 1149 2590 pre
1201 2505 1403 2590 parte
1456 2499 1880 2571 affirmativa
1930 2497 2664 2584 animadvertebatur,
2722 2515 2881 2568 ora·

246 2612 401 2683 toria
436 2611 689 2685 haberi
727 2611 986 2699 debere
1021 2621 1390 2704 tamquam
1423 2611 1851 2699 -interdicta3
1909 2617 1979 2684 et
2030 2612 2102 2683 111
2141 2610 2283 2682 vim
2318 2607 2566 2682 Bullae
2601 2607 2888 2683 Crucia-

245 2728 341 2794 tae
375 2720 482 2819 (1)
520 2725 740 2796 etiam
776 2725 1130 2797 interdicti
1181 2733 1500 2817 tempore
1551 2721 1837 2796 Missam
1892 2723 2156 2796 ibidem
2211 2723 2572 2796 celebrare
2610 2722 2883 2796 licitum

241 2851 404 2907 esse.
457 2835 720 2909 Contra
789 2841 1030 2909 tamen
1084 2838 1528 2928 potissimum
1597 2837 2107 2928 replicabatur,
2180 2855 2423 2909 casum
2490 2836 2879 2924 interdicti,

241 2947 484 3038 qnippe
539 2948 733 3037 quod
783 2966 1158 3020 censuram
1210 2955 1281 3022 et
1330 2968 1634 3041 poenam
1703 2952 2078 3045 importet,
2146 2950 2506 3043 praesenti
2580 2948 2880 3022 themati

241 3076 365 3129 non
417 3078 625 3148 posse
677 3061 1235 3150 accommodari,
1291 3064 1365 3135 iu
1417 3081 1559 3153 quo
1612 3063 1812 3135 nulla
1875 3082 2006 3137 nee
2060 3082 2405 3150 censura,
2464 3079 2598 3134 nec
2648 3080 2882 3153 poena

239 3169 623 3245 intercedit.
682 3170 968 3246 Praeter
1037 3175 1316 3247 indulta
1370 3176 1441 3245 in
1494 3174 1716 3246 forma
1770 3176 2128 3248 ordinaria
2178 3183 2250 3248 et
2301 3175 2659 3247 communi
2712 3192 2883 3246 con-

238 3299 447 3371 cessa,
485 3285 875 3375 aliquando
928 3288 1394 3360 inveniuntur
1426 3286 1706 3359 indulta
1743 3288 1900 3360 sine
1938 3287 2277 3360 clausulis
2311 3287 2668 3360 consuetis
2703 3285 2886 3358 elar-

237 3395 388 3483 gita,
450 3413 637 3486 quae
688 3400 1250 3471 extraordinaria
1301 3400 1441 3472 dici
1496 3405 1821 3490 possunt,
1880 3400 2091 3491 quale
2144 3407 2254 3474 est
2306 3419 2372 3473 e.
2417 3420 2484 3491 g.
2544 3400 2750 3489 illud,
2792 3401 2884 3474 de

234 3522 358 3593 quo
393 3509 542 3597 agit
577 3508 826 3581 folium
862 3511 937 3581 in
975 3510 1403 3586 Placentina
1445 3513 1645 3585 Orat.
1695 3514 1889 3604 priv.
1934 3515 2054 3585 27.
2089 3511 2295 3587 Febr.
2338 3515 2584 3603 1864„
2627 3516 2701 3588 in
2740 3532 2883 3604 quo

232 3628 599 3694 1111151101αο
652 3622 1015 3694 clausulae
1066 3625 1259 3695 omni
1312 3624 1456 3697 lere
1507 3644 1595 3697 ex
1651 3633 1852 3717 parte
1888 3626 2306 3698 exulabant.
2349 3622 2594 3698 Maiori
2632 3626 2881 3717 expla-

232 3732 506 3805 natione
559 3734 845 3806 videtur
893 3733 1068 3807 haec
1120 3754 1335 3807 causa
1387 3737 1735 3828 indigere,
1794 3743 1872 3809 ut
1927 3738 2178 3810 melius
2230 3737 2697 3831 intelligatur.

366 3844 530 3916 109.
588 3843 762 3917 Cum
815 3848 1136 3920 oratoriis
1180 3850 1475 3941 privatis
1511 3848 1853 3923 confundi
1893 3869 2035 3922 11011
2071 3851 2338 3924 debent
2373 3853 2706 3940 oratoria,
2745 3870 2875 3925 seu

224 3956 528 4046 capellae
578 3965 857 4030 erectae
909 3958 982 4029 in
1035 3958 1362 4033 domibus
1414 3962 1689 4052 piorum
1744 3962 2052 4034 locorum
2092 3963 2563 4054 publicorum,
2603 3963 2875 4037 scilicet

226 4061 708 4159 hospitalium,
766 4068 1553 4166 orphanotrophiorum,
1609 4092 2016 4164 carcerum,
2072 4076 2551 4167 spiritualium
2607 4078 2875 4150 exerci-

222 4176 605 4252 tiorum-et
670 4180 1035 4254 similium.
1108 4181 1303 4257 Haec
1371 4188 1560 4258 enim
1628 4188 1934 4259 oratoria
2002 4189 2289 4261 minime
2361 4190 2871 4282 comprehensa

222 4297 592 4364 censentur
661 4293 736 4364 111
797 4293 1270 4383 prohibitione
1319 4296 1609 4372 Concilii
1662 4296 2084 4373 Tridentini.
2141 4297 2232 4372 Et
2281 4317 2458 4373 sane
2508 4303 2584 4375 in
2647 4303 2872 4396 719113-

351 4573 426 4648 (1)
466 4579 624 4632 Oirca.
665 4580 888 4631 Bullam
934 4582 1253 4635 Cruciatam
1306 4581 1644 4646 dignissima
1682 4588 1801 4648 est,
1853 4599 1990 4650 qnae
2039 4586 2347 4652 reseratur,
2396 4589 2871 4644 Santonderien.

231 4660 415 4712 Dubia
457 4679 630 4727 mper-
666 4666 856 4716 Bulla
897 4666 1181 4717 cruciata
1223 4668 1306 4722 15.
1339 4668 1480 4720 Iulii
1520 4669 1677 4722 1797.
1717 4684 1841 4722 cum
1889 4670 2197 4733 Toletano,
2240 4687 2378 4740 quae
2418 4674 2630 4740 legitur
2667 4676 2729 4728 in
2765 4675 2872 4727 fine

220 4747 362 4801 retii
406 4749 890 4806 Santanderien.
