3497 5235
549 271 664 343 ⁰⁸1·
695 270 766 327 11.
805 272 878 327 Do
916 270 1181 345 Episcopo,
1219 269 1626 343 Archiopinoopm
1667 268 1896 326 Primii»
1937 269 1993 326 ot
2030 268 2355 325 Patr-imus.
2398 269 2452 341 ξ.
2478 268 2527 323 4.
2750 266 2865 329 <223

396 407 528 477 156.
581 401 794 477 Hisce
843 405 1322 496 praenotatiS‚
1389 405 1481 476 ad
1532 421 1679 477 rem
1735 403 1968 475 venio.
2035 400 2109 473 S.
2153 422 2249 474 m.
2308 400 2477 475 Pius
2525 400 2660 475 ΡΡ.
2701 399 2868 491 ΙΧ.,

281 524 339 590 ut
365 518 599 589 facilius
634 518 1076 608 propositum
1113 517 1432 587 Sixtinae
1460 513 2000 587 Constitutionis
2035 514 2253 586 finem
2290 516 2699 607 attingeret,
2729 522 2877 587 sta-

275 629 457 701 biliter
484 627 1109 720 Congregationem
1146 627 1528 717 specialem
1583 645 1712 698 suo
1766 626 2050 699 decreto
2100 627 2474 718 deputavit
2516 646 2730 721 super
2765 645 2877 698 re-

278 742 605 832 cognitione
650 738 1120 811 Conciliorum
1173 737 1746 829 provincialium,
1807 746 2017 829 prout
2071 739 2310 810 videre
2343 746 2451 812 est
2504 742 2578 812 in
2630 758 2871 830 opere,

274 853 419 942 qnod
447 854 735 945 singulis
771 852 983 923 annis
1016 852 1252 924 editur
1286 851 1706 945 inscriptum
1734 853 2109 924 Annuario
2134 859 2305 938 etc.‚
2346 853 2456 925 vel
2484 855 2590 926 La
2622 855 2881 927 Gerar-

273 964 392 1035 chia
419 965 759 1037 cattolica.
794 961 973 1035 Eam
1007 981 1093 1033 ex
1120 963 1489 1035 nonnullis
1512 961 2014 1035 Cardinalibus
2040 962 2432 1036 coalescere
2467 964 2716 1053 voluit,
2752 966 2877 1056 qui

270 1074 339 1145 ad
367 1076 738 1167 generalem
774 1070 1405 1166 Congregationem
1449 1075 1815 1164 pertinent
1848 1071 2283 1147 Tridentinis
2320 1075 2623 1148 decretis
2658 1077 2880 1149 inter-

268 1187 576 1275 pretandis
628 1188 1136 1278 praepositam.
1190 1183 1497 1277 Insuper
1547 1187 1945 1280 complures
1994 1183 2445 1260 Consultores
2496 1190 2685 1260 inter
2735 1187 2881 1260 Ro—

268 1315 469 1370 manae
516 1301 756 1371 curiae
823 1295 1185 1371 Praelatos
1238 1304 1309 1369 et
1375 1316 1414 1368 e
1477 1298 1824 1370 saeculari
1891 1298 1998 1368 vel
2070 1298 2376 1390 regulari
2441 1299 2626 1370 clero
2693 1300 2881 1371 viros

264 1409 472 1483 electos
521 1411 881 1499 adiunxit,
922 1411 1397 1500 eumdemque
1447 1407 1895 1483 Cardinalem
1946 1407 2390 1484 Praefectum
2442 1417 2512 1483 et
2564 1407 2880 1483 Secreta·

263 1521 405 1591 rium
447 1524 870 1610 nominavit,
912 1523 1038 1612 qui
1089 1520 1163 1593 S.
1204 1519 1421 1613 Cong.
1464 1518 1756 1594 Concilii
1807 1539 1935 1612 pro
1987 1530 2303 1613 tempore
2358 1523 2624 1595 addicti
2676 1528 2871 1595 sunt.

263 1627 429 1705 Ratio
479 1653 643 1707 vero
677 1689 697 1724 ,
755 1653 943 1725 quae
995 1635 1070 1706 in
1121 1634 1448 1705 examine
1501 1633 1950 1725 Synodorum
2001 1635 2443 1707 conficiendo
2505 1641 2827 1707 servatur
2858 1688 2877 1723 ,

256 1741 396 1816 baec
440 1754 587 1818 est:
649 1748 725 1818 in
777 1747 1024 1840 primis
1076 1753 1235 1817 acta
1288 1764 1370 1818 ac
1423 1745 1708 1817 decreta
1755 1745 2129 1836 synodalia
2181 1747 2304 1817 uni
2361 1766 2399 1818 e
2450 1743 2887 1819 Consultori-

254 1853 360 1942 bus
406 1859 815 1944 mittuntur,
868 1859 990 1948 qui
1046 1857 1298 1929 eadem
1351 1878 1391 1928 a
1449 1859 1673 1948 prima
1745 1857 1837 1929 ad
1888 1858 2217 1930 ultimam
2286 1859 2622 1950 paginam
2676 1876 2937 1935 accu-.

250 1968 562 2041 ratissime
601 1971 901 2057 excutit,
940 1987 1252 2059 suasque
1286 1969 1824 2040 observationes
1868 1970 2176 2058 conficit,
2211 1988 2398 2060 quae
2433 1971 2621 2063 typis
2658 1969 2886 2041 edun-

249 2083 364 2147 tur.
422 2081 748 2153 Subinde
799 2081 1100 2172 singulis
1150 2078 1686 2153 Consultoribus
1763 2082 2017 2153 harum
2073 2082 2439 2175 exemplar
2507 2102 2653 2154 una
2719 2100 2883 2152 cum

246 2196 529 2263 actorum
583 2200 660 2265 et
712 2193 1159 2265 decretorum
1234 2191 1685 2282 synodalium
1737 2193 2127 2282 exemplari
2189 2192 2692 2282 distribuitur,
2760 2193 2887 2282 qui

241 2303 508 2388 posthac
560 2310 757 2377 stata
810 2303 927 2376 die
981 2304 1054 2375 in
1106 2303 1408 2376 aedibus
1461 2302 1898 2376 Secretariae
1950 2306 2022 2376 S.
2083 2303 2705 2395 Congregationis‚
2765 2301 2887 2377 Se-

242 2416 511 2486 cretario
567 2415 931 2507 praeside,
974 2416 1451 2503 conveniunt,
1518 2415 1763 2505 ibique
1812 2417 2465 2491 animadversiones
2515 2420 2710 2509 ipsas
2762 2438 2891 2512 ap-

233 2525 515 2611 probant
555 2529 673 2599 vel
710 2528 1066 2616 reiiciunt,
1101 2547 1184 2599 ac
1221 2547 1442 2600 novas
1476 2528 1694 2600 etiam
1734 2546 1860 2619 pro
1895 2532 2428 2621 opportunitate
2465 2531 2884 2603 subiiciunt.

234 2630 572 2728 Quidquid
628 2641 705 2710 in
759 2639 892 2710 boc
944 2642 1431 2730 praecursorio
1484 2648 1841 2713 conventu
1895 2641 2365 2714 deliberatum
2420 2642 2659 2731 fuerit,
2700 2643 2889 2735 typis

230 2745 453 2821 itidem
508 2751 780 2838 editur,
825 2759 895 2823 et
931 2751 1234 2842 singulis
1285 2749 1786 2823 Cardinalibus
1821 2754 2203 2843 specialem
2254 2753 2887 2856 congregationem

231 2863 830 2935 constituentibus
881 2881 1041 2935 cum
1093 2871 1465 2936 auctorum
1502 2870 1571 2936 et
1622 2863 2065 2937 decretorum
2112 2865 2498 2956 exemplari
2554 2865 2884 2936 traditur.

225 2964 450 3045 Patres
501 2973 930 3047 Cardinales
977 2976 1050 3045 in
1088 2975 1266 3047 aede
1317 2973 1713 3047 Cardinalis
1766 2978 2063 3049 senioris
2116 2977 2231 3049 die
2285 2977 2740 3067 praestituta,
2782 2977 2893 3046 in-

225 3084 659 3158 terveniente
713 3085 1072 3159 Cardinali
1124 3084 1492 3159 Praefecto
1545 3107 1626 3160 ac
1680 3086 2102 3175 SecretariO,
2160 3089 2233 3158 in
2290 3104 2512 3158 unum
2582 3092 2887 3173 coeunt,

221 3193 446 3286 ibique
499 3197 1013 3271 Consultorum
1051 3198 1602 3271 deliberationes
1653 3200 1764 3272 vel
1803 3200 2333 3291 amplectuntur
2384 3199 2493 3270 vel
2532 3198 2888 3285 reiiciunt,

213 3312 276 3377 et
321 3310 578 3400 siquid
639 3312 803 3382 novi
858 3311 1375 3383 advertendum
1425 3317 1791 3396 occurrat,
1850 3317 1919 3382 et
1974 3311 2106 3401 ipsi
2160 3312 2430 3401 pariter
2481 3315 2894 3401 proponunt

214 3441 288 3492 ac
334 3425 726 3499 definitive
779 3426 1045 3496 servari
1125 3424 1500 3495 mandant.
1543 3420 1834 3495 Patrum
1912 3422 2466 3494 deliberationes
2533 3441 2678 3492 una
2733 3437 2893 3492 cum

206 3539 537 3631 exemplo
583 3538 986 3624 literarum,
1029 3535 1459 3626 quibuscum
1497 3539 1656 3605 acta
1695 3552 1779 3605 ac
1814 3533 2102 3606 decreta
2149 3533 2521 3625 synodalia
2559 3533 2649 3605 ad
2685 3549 2896 3603 suum

206 3655 578 3720 auctorem
636 3648 903 3719 remitti
966 3647 1261 3736 debent,
1328 3647 1524 3718 SSmi
1586 3643 1667 3715 D.
1709 3642 1798 3716 N.
1859 3646 2080 3718 oculis
2129 3646 2633 3733 subiiciuntur‚
2693 3649 2900 3715 ante-

202 3777 414 3848 quam
475 3759 1002 3851 expediantur.

342 3874 529 3945 157.
579 3869 922 3953 Quamvis
973 3876 1213 3942 autem
1264 3874 1467 3940 tanta
1520 3869 1933 3940 maturitate
1984 3868 2121 3940 hae
2169 3867 2436 3959 Synodi
2489 3866 2901 3939 examinen-

193 3989 327 4069 tur,
371 3984 880 4056 nihilominus
934 3981 1338 4053 huiusmodi
1390 3999 1505 4053 res
1556 3998 1700 4051 non
1751 3981 2005 4070 utique
2053 3980 2491 4071 pontificiam
2545 3977 2901 4069 approba-

189 4097 466 4169 tionem
535 4096 830 4187 proprie
884 4095 1147 4166 dictam
1201 4110 1440 4165 secum
1495 4093 1657 4182 fert,
1715 4092 1843 4163 sed
1890 4112 2124 4166 merae
2160 4092 2664 4182 recognitionis
2715 4090 2901 4161 limi-

191 4213 289 4278 tes
325 4228 495 4280 non
540 4206 874 4295 excedit3
929 4205 1234 4295 ideoque
1270 4206 1344 4276 in
1384 4206 1607 4279 literis
1660 4202 1918 4277 Sacrae
1953 4202 2560 4296 CongregatioriiS‚
2602 4202 2931 4296 quibus-⁴

180 4339 338 4393 cum
430 4327 629 4393 acta
706 4336 792 4389 ac
870 4318 1153 4390 decreta
1231 4318 1332 4388 sic
1383 4318 1743 4408 recognita
1814 4311 2317 4403 remittuntur,
2384 4313 2625 4386 dedita
2678 4333 2899 4406 opera

175 4435 490 4505 omnino
535 4435 876 4516 cavetur,
920 4427 1186 4518 nequid
1223 4428 1515 4500 verbum
1570 4427 1875 4514 excidat,
1919 4426 2112 4516 quod
2147 4426 2507 4516 propriam
2546 4431 2618 4498 et
2653 4445 2894 4498 veram

172 4543 819 4636 approbationem
857 4558 1108 4612 sonare
1142 4540 1497 4612 videatur.
1540 4539 1610 4611 Si
1647 4539 1838 4610 enim
1875 4536 2318 4628 Synodorum
2357 4537 2902 4629 provincialium

163 4657 492 4733 decreta
564 4653 668 4726 ad
721 4648 793 4724 S.
852 4652 928 4724 C.
987 4653 1372 4725 transmitti
1444 4652 1647 4725 iussit
1701 4650 1942 4725 Sixtus
1995 4648 2121 4742 V.‚
2186 4650 2483 4725 huiusce
2554 4658 2743 4724 certe
2796 4650 2899 4722 rei
