3497 5235
751 321 1024 397 Appondix.
1062 321 1135 380 Do
1175 318 1545 379 sumaim·
1584 315 1948 379 Eucharistiae
1989 321 2320 396 expositione.
2747 324 2859 389 103

263 461 345 529 tot
387 455 873 542 monumentiS,
931 474 1012 528 ac
1062 454 1463 528 rationibus
1512 453 1896 542 redundat,
1938 462 2016 529 ut
2053 454 2506 529 doctissimus
2542 455 2863 533 Martene

259 563 372 663 (De
402 568 683 659 antiqua
713 568 1061 641 Ecclesiae
1087 568 1471 658 disciplina
1507 568 1580 638 ivn
1610 567 1872 640 divinis
1903 568 2333 641 celebrandis
2368 569 2622 663 Officiis
2650 591 2711 643 c.
2733 571 2858 645 29.

263 699 418 750 num.
455 674 562 775 6.)
620 678 711 750 de
771 680 1192 771 exponendo
1260 676 1753 751 Eucharistiae
1821 680 2278 752 Sacramento
2346 681 2563 754 verba
2629 682 2861 756 facere

263 798 487 863 recuset
534 809 688 864 eam
743 791 833 863 ob
887 811 1205 880 causam,
1261 791 1451 882 quod
1503 792 1636 864 hoc
1689 797 2190 883 argumentum
2244 797 2388 864 tam
2441 796 2722 885 copiose
2774 815 2858 868 ac

257 901 601 975 luculenter
651 900 1013 975 Thiersius
1062 904 1625 996 pertractaverit,
1683 910 1764 976 ut
1816 903 1992 974 nihil
2049 904 2433 994 superaddi
2485 925 2694 997 posse
2754 909 2863 980 vi-

258 1016 486 1086 deatur.
541 1013 948 1089 Doctrinam
1015 1034 1178 1088 vero
1230 1015 1540 1089 auctoris
1608 1016 1788 1088 adeo
1852 1015 2179 1109 probavit
2245 1019 2859 1108 praeclarissimus

257 1124 597 1199 Cardinalis
645 1125 873 1216 Bona,
930 1135 1010 1201 ut
1061 1129 1152 1201 ad
1203 1128 1440 1220 ipsum
1501 1129 1616 1201 die
1686 1130 1806 1200 29.
1875 1127 2169 1219 Augusti
2240 1147 2428 1201 anno
2486 1131 2699 1203 1673.
2759 1134 2861 1205 ita

256 1240 609 1330 scripserit:
671 1242 1021 1314 Existimo
1072 1247 1337 1323 autem,
1388 1240 1569 1333 quod
1607 1243 1834 1331 ipsam
1884 1236 2052 1335 (hoc
2086 1246 2194 1312 est
2232 1240 2697 1338 sententiam)
2733 1245 2865 1316 du-

252 1351 382 1423 dum
424 1353 732 1425 audieris
784 1375 831 1425 a
883 1354 1233 1426 communi
1285 1353 1511 1425 amico
1564 1353 1864 1424 Domino
1916 1353 2110 1425 Luca
2147 1352 2491 1425 Dacherio
2517 1377 2550 1440 ;
2604 1356 2864 1428 librum

252 1464 518 1538 videlicet
563 1466 908 1557 optimum
957 1484 1130 1547 esse,
1180 1471 1246 1538 et
1284 1465 1520 1556 pium,
1571 1470 1636 1536 et
1687 1465 1773 1536 ab
1825 1465 2139 1537 omnibus
2192 1466 2367 1538 viris
2404 1466 2624 1539 doctis
2654 1475 2863 1560 atque

250 1577 489 1650 eruditis
537 1579 1030 1671 approbatum.

363 1691 424 1760 6.
460 1688 902 1763 contrariam
959 1709 1117 1764 vero
1161 1690 1753 1764 consuetudinem
1791 1686 2144 1780 approbat
2196 1707 2625 1781 magnopere
2663 1688 2864 1763 Chri-

247 1804 473 1875 stianus
505 1800 758 1895 Lupus
792 1797 981 1897 (loco
1014 1804 1228 1878 citato
1262 1823 1418 1896 cap.
1458 1797 1651 1898 12),
1708 1808 1858 1874 tum
1913 1802 2082 1892 quia
2131 1802 2476 1893 populum
2531 1822 2571 1873 a
2622 1804 2854 1900 vanis,

247 1915 759 2006 periculosisque
794 1915 1099 2006 negotiis
1125 1920 1460 2001 removet,
1484 1913 1970 2004 >frequentiam
2010 1932 2136 2007 pro
2164 1910 2656 1988 Eucharistiae
2684 1915 2866 1987 ado-

245 2027 472 2099 ratione
522 2028 614 2099 ad
671 2023 1056 2099 Ecclesiam
1110 2026 1411 2113 inducit,
1454 2031 1523 2097 et
1558 2024 2251 2097 obmurmurationes
2302 2025 2626 2116 impedit,
2670 2039 2855 2116 quae

244 2136 301 2208 in
340 2138 478 2229 ipsa
528 2138 689 2211 fieri
742 2143 1304 2210 consueverunt:
1363 2144 1542 2224 tum,
1585 2137 1753 2227 quia
1808 2135 2054 2208 fideles
2108 2136 2201 2208 ad
2252 2144 2457 2209 actus
2509 2138 2852 2210 virtutum

242 2248 708 2342 theologalium
762 2250 1184 2344 promendos
1219 2250 1650 2336 excitantur,
1708 2249 2081 2341 culparum
2131 2248 2413 2320 veniam
2466 2249 2855 2341 implorant

240 2360 663 2455 divinamque
714 2381 948 2454 opem,
1005 2370 1082 2436 ut
1135 2363 1424 2455 pietatis
1476 2380 1688 2453 opera
1741 2361 2167 2452 suscipiant.

352 2471 415 2545 7.
451 2474 529 2548 P.
571 2473 1003 2566 Theophilus
1028 2469 1498 2566 RaynauduS,
1531 2473 1651 2563 qui
1690 2473 1766 2545 in
1794 2473 2092 2563 reliquis
2120 2475 2616 2546 controversiis
2644 2492 2855 2548 suum

240 2585 408 2660 facile
455 2588 799 2662 iudicium
847 2588 1158 2680 proferre
1193 2587 1400 2676 solet,
1440 2586 1602 2660 licet
1638 2604 1765 2678 pro
1802 2585 2226 2677 exponenda
2264 2584 2676 2677 frequenter
2712 2586 2866 2661 Eu-

239 2699 530 2774 charistia
587 2702 878 2774 minime
930 2702 1300 2789 assentiat,
1358 2701 1451 2773 ab
1504 2699 1849 2772 eiusmodi
1912 2704 2153 2771 tamen
2206 2702 2628 2789 quaestione
2682 2702 2861 2775 defi-

238 2813 457 2887 nienda
508 2813 837 2887 consulto
890 2814 1232 2903 abstinet,
1289 2814 1416 2887 sed
1467 2830 1615 2885 rem
1669 2818 1890 2885 totam
1926 2809 2288 2886 Ecclesiae
2323 2813 2586 2886 iudicio
2638 2815 2858 2887 relin-

237 2927 557 3013 quendam
612 2934 882 3000 censet.
944 2927 1057 2999 Sic
1106 2927 1295 2997 enim
1348 2924 1569 2999 habet
1619 2931 1795 2997 tom.
1829 2923 1899 2995 5.
1943 2942 2230 2996 suorum
2284 2942 2624 3017 operum:
2682 2919 2859 3020 (He-

235 3038 512 3111 leroclita
579 3040 991 3131 spiritualia
1057 3058 1222 3131 paq.
1262 3032 1483 3133 83.).·
1560 3059 1597 3102 ι
1635 3032 1911 3110 Haereo
1979 3037 2167 3109 sitne
2236 3036 2425 3107 inter
2485 3037 2854 3111 indecoros

239 3147 531 3224 »Christi
586 3150 664 3221 in
714 3148 1164 3223 Eucharistia
1215 3149 1520 3223 honores
1571 3150 1909 3241 frequens
1961 3147 2343 3221 admodum
2389 3148 2675 3221 divinae
2711 3147 2848 3222 Eu-

238 3280 267 3325 »
295 3261 656 3335 charistiae
694 3264 1068 3355 expositio,
1123 3264 1329 3336 cuius
1380 3281 1554 3334 usus
1590 3263 1663 3334 in
1702 3263 1814 3333 his
1849 3262 1991 3333 oris
2028 3266 2400 3351 tantopere
2446 3261 2849 3353 invalescit,

235 3396 265 3437 ι
293 3380 363 3445 ut
392 3393 610 3468 prope
650 3375 1115 3465 quotidianus
1151 3374 1408 3447 evadat
1446 3380 1582 3447 etc.
1625 3371 1774 3465 Ego
1812 3374 1884 3445 iu
1921 3373 2055 3445 hac
2090 3377 2291 3465 parte
2328 3371 2506 3444 nihil
2544 3373 2847 3461 defini03

237 3505 264 3546 ν
295 3492 356 3557 et
398 3487 740 3579 probatas
791 3488 1350 3560 consuetudines
1403 3505 1546 3558 non
1597 3486 1899 3559 sollicito
1936 3490 2073 3558 etc.
2132 3481 2551 3557 Timendum
2589 3493 2724 3575 est,
2764 3504 2856 3559 ne

236 3618 266 3659 ν
296 3600 614 3671 maiestas
667 3600 982 3691 mysterii
1035 3599 1204 3671 fidei
1257 3606 1401 3670 tarn
1455 3598 1731 3687 crebra,
1778 3598 1887 3670 vel
1927 3598 2142 3669 etiam
2180 3595 2468 3669 assidua
2506 3597 2662 3670 eius
2697 3599 2856 3671 vul-

235 3730 263 3771 »
293 3712 556 3800 gatione
584 3711 978 3799 deteratur,
1011 3730 1140 3784 nec
1176 3710 1354 3783 adeo
1383 3709 1590 3782 facile
1625 3708 1967 3804 percellat
2005 3710 2501 3781 contuentium
2539 3715 2846 3799 mentes,

235 3839 492 3912 »quam
544 3824 604 3895 si
657 3822 1212 3913 infrequentius,
1271 3829 1369 3911 et,
1426 3822 1618 3914 quod
1672 3821 1819 3894 fere
1871 3840 2320 3911 consequens
2374 3828 2527 3909 est,
2586 3823 2849 3899 maiore

233 3954 263 3995 ν
292 3953 437 4006 cum
473 3942 825 4027 apparatu
861 3942 933 4008 et
969 3936 1416 4009 accuratione
1467 3941 2008 4027 proponeretur.
2051 3928 2373 4006 Viderint
2425 3933 2500 4020 ii,
2542 3932 2633 4004 ad
2669 3950 2849 4022 quos

236 4067 264 4108 ›
295 4048 559 4131 attinet,
601 4048 779 4138 quid
813 4050 1039 4141 magis
1073 4049 1148 4119 in
1184 4050 1317 4120 hac
1353 4066 1428 4120 re
1465 4049 1557 4119 sit
1593 4065 1631 4119 e
1666 4046 1793 4119 Dei
1834 4046 2050 4139 gloria
2088 4053 2159 4120 et
2193 4046 2380 4119 bono
2413 4045 2842 4134 animarum3
2928 4050 2933 4054 ’

232 4176 444 4231 »nam
495 4178 732 4234 meum
799 4161 915 4233 hic
966 4161 1307 4234 iudicium
1376 4162 1828 4251 interponere
1880 4159 2285 4232 consultum
2356 4176 2495 4229 non
2550 4154 2757 4229 foret.
2806 4181 2845 4226 »

231 4263 637 4347 Venerabilis
689 4292 974 4366 quoque
1027 4276 1133 4346 vir
1182 4271 1576 4346 Cardinalis
1626 4268 2046 4345 Thomasius
2097 4278 2414 4343 veterum
2472 4287 2553 4342 ac
2603 4288 2853 4343 recen-

232 4381 455 4456 tiorum
503 4384 863 4459 Ecclesiae
910 4387 1176 4460 rituum
1228 4386 1729 4479 peritissimuS,
1772 4386 1846 4457 in
1880 4384 2016 4457 hac
2052 4401 2126 4456 re
2165 4382 2428 4455 dubius
2473 4381 2633 4454 fuit.
2676 4379 2849 4456 Cum

233 4495 394 4568 enim
441 4496 1025 4591 Archipresbyter
1074 4496 1396 4587 Palmae,
1454 4498 1647 4590 quod
1700 4504 1809 4569 est
1870 4495 2211 4589 oppidum
2264 4494 2583 4568 eiusdem
2646 4495 2855 4569 nobi-

233 4601 501 4684 lissimae
568 4610 913 4684 Familiae
981 4604 1482 4701 tributarium,
1537 4609 1986 4683 Cardinalem
2040 4609 2554 4698 consuluisset,
2611 4614 2851 4680 utrum

237 4716 490 4815 Singulis
538 4723 802 4800 diebus
851 4721 1235 4798 Dominicis
1286 4724 1361 4797 in
1411 4724 1677 4816 templo
1727 4742 1979 4798 recens
2030 4723 2335 4797 excitato
2388 4742 2662 4799 sacram
2707 4718 2853 4794 Eu—
