3497 5235
1012 293 1132 369 ⁰⁸?-
1159 294 1257 353 111.
1296 295 1369 353 Do
1409 294 1545 354 olm
1585 293 1856 353 saecului.
1899 293 2059 369 §.a
2748 289 2866 352 453

353 452 389 494 ›
427 425 534 499 Ad
585 429 655 499 3.
710 424 1097 500 vitandam
1149 447 1305 502 esse
1357 429 1789 502 locutionem
1841 431 2065 502 teneri
2114 448 2203 501 ex
2237 428 2612 514 charitate,
2653 426 2870 516 idque

227 565 259 609 ι
293 540 409 625 ita,
468 546 546 610 ut
598 538 800 612 nulla
852 540 1135 632 proprie
1191 540 1423 614 dictae
1473 541 1936 634 obligationis
2007 540 2443 633 significatio
2495 544 2865 629 appareat.

352 675 387 720 ›
429 648 535 722 Ad
589 651 663 722 4.
720 648 1086 722 Provisum
1137 652 1214 725 in
1265 653 1503 725 tertio.

351 788 388 830 »
425 761 535 833 Ad
587 764 658 834 5.
715 758 1082 855 Negative‚
1124 771 1193 837 et
1247 764 1511 837 dentur
1561 763 1850 838 decreta
1888 765 2012 836 28.
2056 759 2354 834 Ianuar.
2401 761 2647 847 1780„
2688 764 2759 832 et
2794 761 2864 832 5.

222 900 254 944 ι
287 872 627 947 Februar.
674 875 889 949 1803.

348 1012 388 1056 ›
432 986 534 1059 Ad
589 987 660 1060 6.
717 993 790 1059 et
843 989 914 1058 7.
969 982 1340 1059 Provisum
1394 989 1467 1060 in
1519 990 1590 1061 5.

349 1126 389 1171 ›
435 1094 535 1172 Ad
589 1102 661 1171 8.
720 1096 931 1173 quta
998 1100 1320 1193 exposita
1389 1101 1719 1192 negative
1773 1106 1845 1174 et
1897 1100 1990 1172 ad
2044 1103 2385 1171 mentem.
2452 1093 2652 1168 Mens
2718 1102 2865 1185 est,

218 1237 253 1282 ›
287 1209 478 1302 quod
528 1211 589 1283 si
638 1208 1035 1303 Episcopus
1087 1213 1365 1284 nullum
1429 1211 1653 1284 habet
1703 1213 1778 1284 in
1831 1213 2116 1284 civitate
2175 1205 2429 1300 Newry
2479 1206 2867 1297 vicarium,

217 1347 253 1384 ι
287 1323 409 1413 qui
463 1341 623 1394 eam
674 1323 1087 1414 parochiam
1138 1324 1617 1411 administret,
1656 1330 1997 1397 teneatur
2041 1340 2205 1395 eum
2257 1320 2358 1393 ibi
2410 1321 2867 1408 constituere,

212 1460 250 1500 ›
284 1451 365 1506 ac
418 1451 547 1525 per
596 1452 759 1505 eum
817 1435 1052 1525 ipsum
1104 1434 1367 1508 debeat
1416 1436 1638 1508 etiam
1687 1434 2102 1508 satisfacere
2155 1432 2573 1525 obligationi
2615 1427 2874 1502 Missae

215 1568 250 1613 ›
285 1563 411 1636 pro
463 1544 758 1636 populo,
817 1546 1314 1618 animadverso
1367 1553 1640 1635 tamen,
1699 1547 1895 1637 quod
1949 1546 2042 1619 ad
2095 1562 2420 1618 normam
2468 1541 2543 1638 ᾗ.
2582 1542 2656 1614 A.
2694 1540 2876 1614 Con·

213 1682 248 1727 ›
285 1656 434 1729 stit.
477 1653 749 1729 Bened.
792 1653 983 1727 xlv.
1046 1659 1216 1733 Cum
1266 1676 1533 1750 semper
1575 1660 1883 1741 oblatas,
1920 1659 1995 1731 in
2030 1654 2524 1749 praefinienda
2560 1672 2872 1747 congrua

215 1791 250 1834 ›
286 1765 377 1838 ad
431 1767 815 1841 illiusmodi
867 1787 1050 1841 onus
1100 1769 1368 1844 habeat
1417 1775 1856 1861 respectum.

347 1905 387 1950 ›
434 1879 538 1951 Ad
587 1882 662 1952 9.
722 1879 825 1952 Ad
879 1882 1351 1956 Secretarium
1407 1901 1567 1956 cum
1621 1880 1863 1955 SSmo.
1903 1905 1943 1949 »

345 1992 519 2063 365.
576 1990 759 2064 Dum
809 1992 1221 2066 huiusmodi
1273 1994 1657 2066 dubiorum
1710 1992 2098 2085 propositio
2145 1991 2379 2064 adhuc
2413 1992 2492 2063 in
2524 2008 2872 2083 suspenso

203 2109 381 2190 erat,
415 2101 685 2176 tactum
711 2110 845 2194 est,
881 2110 959 2177 ut
995 2105 1136 2177 alia
1165 2104 1385 2178 dubia
1423 2105 1515 2177 ad
1550 2102 1945 2176 Ecclesiam
1975 2100 2410 2177 orientalem
2440 2103 2872 2195 pertinentia

201 2222 797 2310 proponerentur.
836 2213 1032 2299 Quae
1068 2218 1287 2291 dubia
1338 2217 1655 2291 secundo
1709 2218 1865 2291 loco
1917 2219 1993 2289 in
2044 2216 2447 2308 appendice
2479 2217 2869 2309 proposita,

201 2325 291 2399 de
340 2326 582 2399 italica
639 2329 879 2421 lingua
933 2331 1008 2401 iu
1059 2330 1364 2404 latinum
1417 2349 1756 2404 conversa
1809 2330 2079 2402 tenoris
2128 2337 2335 2402 erant
2386 2329 2800 2418 sequentis:

356 2438 421 2509 1.
470 2461 507 2505 «
553 2437 656 2510 An
708 2439 1049 2532 obligatio
1102 2443 1512 2533 applicandi
1550 2439 1839 2514 Missam
1891 2459 2018 2531 pro
2067 2439 2359 2531 populo,
2400 2458 2587 2530 quae
2622 2458 2878 2513 secun-

205 2573 245 2617 »
282 2549 456 2623 dum
512 2552 622 2623 ius
672 2547 1033 2626 Ecclesiae
1086 2554 1549 2629 occidentalis
1610 2554 1945 2647 imposita
1998 2558 2108 2626 est
2174 2552 2502 2644 parochis
2572 2552 2875 2644 aliisque

205 2687 245 2732 ›
282 2662 788 2737 ecclesiasticis
838 2666 1008 2738 viris
1060 2668 1462 2739 animarum
1516 2686 1761 2740 curam
1815 2666 2344 2757 obtinentibuS‚
2402 2666 2634 2738 locum
2686 2668 2882 2740 simi-

202 2798 242 2843 »
282 2773 450 2846 liter
498 2775 768 2848 habeat
815 2794 943 2867 pro
994 2778 1246 2851 iisdem
1281 2781 1607 2870 personis
1652 2780 1740 2853 de
1780 2780 1921 2852 ritu
1957 2775 2354 2852 Orientali?
2408 2785 2479 2851 et
2513 2786 2875 2869 quatenus

195 2909 235 2953 ›
278 2885 734 2976 affirmative,

345 3002 420 3072 2.
461 3026 498 3069 ›
540 3000 736 3074 Circa
774 3001 1440 3076 determinationem
1477 3003 1756 3077 dierum
1786 3022 1881 3074 an
1915 3001 2229 3075 debeant
2264 3000 2620 3073 observari
2649 3000 2868 3093 legeS,

198 3137 236 3181 ›
278 3131 368 3183 ac
418 3114 973 3186 consuetudines
1023 3115 1515 3204 rationabileS‚
1574 3132 1762 3204 quae
1814 3114 1993 3187 forte
2041 3114 2331 3205 vigeant
2382 3115 2456 3185 in
2510 3112 2875 3203 aliquibus

194 3248 236 3290 π)
275 3225 733 3298 dioecesibus
786 3225 958 3299 dicti
1011 3221 1241 3299 ritus?
1858 3280 1863 3285 .

348 3338 421 3407 3.
466 3361 504 3405 ›
545 3333 630 3408 In
682 3335 965 3413 defectu
1018 3338 1275 3409 harum
1311 3339 1548 3431 legum
1584 3342 1657 3409 et
1691 3338 2299 3410 consuetudinum
2340 3354 2432 3410 an
2468 3337 2878 3410 huiusmodi

193 3472 233 3517 ›
274 3447 785 3521 determinatio
837 3449 992 3521 fieri
1044 3449 1305 3523 debeat
1375 3450 1466 3522 ad
1531 3467 1854 3520 normam
1907 3455 1980 3522 et
2032 3469 2118 3523 ex
2173 3450 2367 3521 omni
2418 3455 2625 3541 parte
2676 3450 2877 3523 iuxta

193 3583 234 3624 »
278 3558 480 3650 leges
530 3555 1060 3633 occidentales?

349 3671 423 3741 4.
468 3696 506 3740 ›
547 3670 655 3741 An
707 3671 797 3743 ob
854 3691 1103 3764 graves
1156 3691 1413 3746 causas
1464 3680 1537 3747 et
1588 3675 2167 3748 circumstantias
2202 3674 2355 3746 fieri
2408 3674 2605 3748 locus
2657 3678 2877 3763 queat

191 3806 234 3850 ι
277 3783 497 3854 alicui
551 3782 946 3856 reductioni
985 3784 1261 3856 dierum
1299 3785 1843 3875 praefinitorum
1882 3805 1923 3856 a
1960 3784 2239 3876 legibus
2273 3782 2868 3873 occidentalibuS‚

190 3918 233 3962 ι
277 3899 505 3984 atque
557 3896 776 3966 etiam
824 3896 1028 3968 totali
1081 3896 1600 3986 dispensationi
1655 3915 1821 3970 cum
1872 3897 2306 3990 obligatione
2344 3904 2583 3970 tamen
2622 3895 2874 3969 orandi

190 4030 231 4071 »
263 4023 412 4096 pro
442 4005 706 4096 populo
732 4007 806 4077 in
836 4006 978 4079 illis
1013 4007 1185 4099 ipsis
1212 4004 1468 4098 Missis,
1503 4028 1689 4099 quae
1719 4028 1848 4101 pro
1876 4011 2028 4101 ipso
2057 4010 2531 4102 applicandae
2561 4004 2869 4080 forent‘b

345 4113 796 4209 Quapropter
829 4114 989 4191 Emi
1025 4117 1273 4193 Patres
1309 4121 1383 4192 in
1420 4121 1675 4194 iisdem
1711 4122 2017 4194 comitiis
2062 4122 2206 4193 diei
2241 4123 2363 4194 23.
2408 4117 2616 4192 Mart.
2655 4119 2869 4192 1863.

184 4230 736 4303 rescribendum
788 4250 943 4306 esse
997 4240 1473 4305 censuerunt:

352 4364 391 4409 ‹
437 4339 540 4413 A'd
599 4343 665 4412 1.
728 4343 1188 4431 Affirmative‚
1245 4343 1625 4416 reformato
1678 4342 1928 4432 dubio,
1986 4349 2067 4414 ut
2118 4343 2494 4431 sequitur:
2555 4340 2660 4414 An
2700 4342 2881 4415 obli—

189 4477 236 4520 »
286 4454 478 4545 gatio
533 4450 823 4526 Missam
875 4455 1284 4547 applicandi
1340 4474 1468 4547 pro
1518 4455 1832 4547 popul0‚
1891 4471 2078 4544 quae
2129 4453 2528 4526 secundum
2583 4454 2695 4526 ius
2743 4450 2880 4528 Eo-

190 4587 239 4633 ›
285 4566 546 4637 clesiae
596 4566 1058 4640 occidentalis
1112 4568 1443 4659 imposita
1498 4574 1607 4639 est
1657 4563 2029 4658 Episcopis
2083 4573 2155 4637 et
2220 4564 2584 4656 parochis,
2641 4565 2876 4640 locum

187 4699 239 4745 >
287 4676 612 4751 similiter
661 4677 931 4750 habeat
978 4696 1107 4770 pro
1158 4678 1408 4751 iisdem
1463 4677 1785 4769 personis
1837 4676 1927 4750 de
1978 4677 2122 4750 ritu
2175 4672 2556 4750 orientali?
