3497 5235
928 178 1046 253 οη.
1073 179 1119 237 1.
1158 144 1259 237 120⁰
1273 177 1426 237 mn
1462 175 1724 235 nouo-iu
1763 174 2042 235 mum
2084 177 2140 252 g.
2165 174 2291 233 4-7.
2867 170 2949 234 oe

294 310 607 377 elesiarum
642 308 911 377 tuitione
945 310 1134 378 solet.
1162 348 1207 360 -
1241 313 1353 377 59.
1389 309 1710 376 Ecclesiae
1742 308 2120 395 praesertim
2154 306 2544 375 cathedrales
2578 306 2675 373 ius
2707 307 2946 377 habent

291 410 367 478 ad
405 431 563 477 sacra
610 411 902 477 utensilia
951 432 983 477 a
1030 411 1446 490 beneficiatis,
1500 422 1565 478 et
1613 411 1989 477 nominatim
2020 410 2097 478 ab
2129 411 2459 498 Episcopis
2493 410 2711 477 relicta
2744 413 2944 501 vulgo

290 515 622 599 spolittm.-
650 517 754 579 60.
786 513 969 591 Quod
1006 514 1149 581 ideo
1182 515 1587 600 potissimum
1623 513 1955 579 inductum
2006 525 2123 591 est,
2173 525 2245 579 ut
2292 512 2515 579 eadem
2552 512 2616 578 in
2650 514 2945 598 profanas

296 617 569 685 laicorum
618 634 840 681 manus
873 636 954 681 ne
986 615 1232 682 cadant.
1272 654 1314 665 -
1347 620 1457 682 61.
1496 616 1661 692 Quae
1691 617 2025 700 speciatim
2073 617 2348 681 veniunt
2394 617 2655 682 nomine
2701 618 2941 700 spolii?

294 757 333 768 -
359 724 454 786 62.
492 719 695 786 Aliter
740 719 1085 805 disponens
1119 718 1198 784 de
1235 720 1331 796 iis,
1378 718 1531 785 nibil
1564 719 1714 804 agit.
1757 723 2130 784 Detentores
2176 719 2402 803 poenis
2436 728 2500 783 et
2530 718 2942 786 satisfactioni

292 822 720 889 subiiciuntur.
757 858 800 869 -
834 823 1220 888 collectores
1268 840 1554 887 camerae
1586 821 1988 907 Apostolicae
2037 821 2098 885 in
2148 820 2221 885 iis
2268 841 2337 886 se
2388 819 2747 886 immiscere
2788 840 2943 909 pro-

292 925 591 991 hibentur.
616 962 661 974 -
685 930 795 992 63.
829 926 1201 992 Sanctiones
1235 923 1599 991 huiusmodi
1634 924 2069 1009 compluribus
2106 923 2584 1009 quaestionibus
2619 925 2938 1011 originem

289 1027 675 1115 praebebant.
715 1066 761 1077 -
792 1031 899 1094 64.
942 1028 1118 1093 Plura
1166 1028 1357 1094 dubia
1405 1026 1486 1092 de
1532 1025 1724 1111 spolio
1774 1026 2237 1113 Episcoporum
2280 1046 2348 1091 ac
2381 1028 2754 1113 praesertim
2791 1031 2941 1093 Car-

290 1129 568 1195 dinalium
617 1131 967 1196 novissime
1017 1130 1082 1194 in
1118 1132 1350 1195 Aesina
1399 1128 1670 1194 resoluta
1703 1138 1854 1192 sunt
1901 1150 1932 1192 a
1982 1134 2044 1196 S.
2087 1131 2155 1193 C.
2196 1127 2409 1214 Episc.
2445 1141 2510 1194 et
2542 1130 2770 1215 Regul.
2808 1131 2938 1206 Qua

282 1230 353 1298 de
378 1251 443 1298 re
475 1233 878 1317 Apostolicae
921 1233 1094 1301 SSt‘ni
1130 1234 1203 1297 D.
1235 1235 1310 1297 N.
1345 1231 1593 1295 Literae
1629 1231 1692 1297 in
1729 1230 1866 1295 eius
1898 1228 2442 1295 confirmationem
2475 1233 2935 1316 prodierunt.-

284 1338 374 1400 65.
407 1336 471 1400 In
518 1336 878 1401 Feretrana
928 1336 1077 1401 licet
1124 1335 1475 1421 Episcopus
1525 1332 1865 1398 defunctus
1903 1332 2330 1398 inventarium
2365 1352 2493 1398 non
2528 1334 2929 1411 coniecisset,

282 1443 338 1506 S.
372 1443 437 1504 G.
486 1436 836 1503 cathedrali
890 1456 1014 1503 non
1062 1437 1292 1503 cedere
1327 1435 1574 1502 censuit
1608 1434 1928 1512 utensilia,
1966 1454 2129 1519 quae
2163 1434 2473 1501 haeredes
2514 1434 2634 1501 rite
2668 1435 2939 1501 demon-

280 1540 527 1606 strabant
557 1560 651 1606 ex
685 1541 866 1606 bonis
912 1540 1459 1625 patrimonialibus
1493 1549 1852 1623 comparata
1884 1537 2100 1603 fuisse.
2132 1576 2175 1586 -
2209 1542 2317 1604 66.
2357 1541 2494 1604 Non
2528 1548 2744 1626 potest
2778 1537 2931 1625 Epi-

280 1663 482 1728 scopus
528 1643 625 1709 uti
677 1644 1063 1730 paramentis
1108 1642 1370 1708 alicuius
1419 1641 1720 1707 ecclesiae
1769 1651 1947 1706 extra
1995 1640 2185 1706 illam.
2238 1643 2327 1706 De
2376 1640 2758 1707 utensilibus
2810 1652 2933 1707 tra·

288 1757 498 1812 etatum
547 1745 763 1812 edidit
807 1745 888 1812 de
937 1745 1240 1811 Albertis.

406 1984 520 2055 39.
566 1982 683 2054 Ad
733 1983 1041 2073 primum
1093 1981 1285 2071 quod
1339 1982 1624 2070 attinet,
1698 1999 1945 2053 sacrae
2014 1981 2230 2054 aedes
2298 1982 2411 2054 vel
2483 1980 2931 2054 cathedrales

281 2102 428 2166 sunt
491 2089 679 2186 (quo
747 2094 1035 2166 nomine
1087 2094 1304 2166 etiam
1353 2095 1693 2166 ecclesias
1743 2093 2260 2185 patriarchales
2329 2099 2401 2166 et
2461 2093 2938 2183 archiepisco-

277 2206 455 2295 pales
504 2201 1216 2301 comprehendimus)
1268 2210 1339 2278 et
1392 2206 1837 2298 collegiatae,
1893 2206 2003 2278 vel
2058 2205 2531 2297 parochialeS,
2589 2213 2715 2279 aut
2764 2208 2936 2278 sim-

278 2317 475 2407 plices
531 2317 913 2390 ecclesiae.
997 2315 1095 2389 De
1175 2319 1424 2410 primis
1501 2319 1770 2409 optime
1848 2318 2157 2408 quadrat
2232 2318 2555 2391 doctrina
2635 2317 2933 2408 Sperelli

278 2428 482 2500 Dacis.
511 2428 639 2503 68.
676 2449 752 2500 n.
784 2428 947 2511 20„
985 2448 1202 2520 quam
1239 2430 1566 2519 sequitur
1600 2428 1823 2519 Crisp.
1867 2428 1951 2500 de
1986 2429 2182 2502 visit.
2207 2436 2400 2522 past.
2436 2431 2524 2501 P.
2561 2431 2653 2503 ΙΙ.
2696 2427 2770 2524 ἓ.
2808 2428 2926 2503 43.

277 2556 338 2608 n.
364 2540 432 2611 4.
471 2538 799 2613 Barbosa
840 2541 1043 2615 Cons.
1084 2541 1246 2624 25„
1285 2541 1579 2631 aliique,
1639 2546 1738 2630 et,
1796 2540 1988 2632 quod
2041 2542 2271 2612 maius
2306 2547 2441 2630 est,
2484 2538 2556 2613 S.
2590 2538 2667 2613 C.
2708 2539 2922 2614 Conc.

272 2652 339 2722 in
375 2654 663 2726 Terrae.
704 2660 770 2726 et
800 2654 1020 2727 Setin.
1069 2654 1184 2724 17.
1218 2649 1452 2726 Martii
1494 2653 1710 2724 1781.
1751 2651 1826 2748 ἓ.
1865 2654 1935 2724 7.
1982 2674 2019 2720 α
2060 2655 2132 2725 Si
2170 2660 2424 2745 agatur
2483 2650 2618 2750 (ita
2656 2654 2936 2746 Sperel-

279 2788 311 2831 ›
345 2761 503 2860 lius)
555 2766 655 2839 de
705 2765 1176 2837 instauranda
1227 2766 1525 2838 ecclesia
1578 2765 2023 2853 cathedrali,
2082 2765 2292 2838 latior
2342 2766 2747 2855 distinctio,
2804 2784 2934 2838 seu

278 2899 309 2942 ›
344 2877 716 2967 graduatio
767 2876 1094 2949 facienda
1132 2884 1276 2966 est3
1334 2896 1502 2948 nam
1554 2883 1626 2949 et
1678 2877 1815 2949 hoc
1849 2878 1922 2948 in
1957 2896 2130 2950 casu
2169 2881 2365 2968 prius
2401 2878 2493 2951 ad
2528 2879 2928 2970 portionem

278 3010 310 3053 ›
344 3004 459 3076 pro
508 2987 791 3060 fabrica
844 2989 1319 3077 destinatam3
1377 2987 1640 3061 deinde
1692 2989 2201 3061 recurrendum
2255 2995 2362 3061 est
2415 2990 2507 3060 ad
2553 2995 2936 3063 consuetu-

276 3120 307 3163 »
342 3099 618 3189 dinem3
678 3098 942 3189 quibus
994 3100 1470 3190 cessantibuS,
1528 3097 1925 3191 Episcopus
1961 3107 2247 3173 tenetur
2282 3107 2614 3190 quartam
2653 3107 2930 3192 partem

253 3205 307 3276 ἰ)
342 3209 702 3284 fructuum
752 3231 924 3284 suae
977 3230 1266 3284 mensae
1319 3219 1466 3285 tam
1522 3214 2039 3304 praesentium,
2114 3231 2331 3302 quam
2386 3214 2929 3304 praeteritorum

275 3321 799 3413 ›impendere3
857 3342 999 3413 qua
1054 3343 1198 3396 non
1251 3323 1690 3414 sufficiente,
1747 3322 1907 3419 (pro
1961 3324 2233 3397 fabrica
2289 3326 2728 3413 necessaria,
2783 3343 2929 3397 non

275 3438 571 3507 »tamen
615 3434 710 3506 ad
745 3431 1109 3531 ornatum)
1147 3444 1486 3510 tenentur
1521 3438 1842 3510 canonici
1883 3437 1972 3508 de
2006 3436 2438 3529 praebendis
2471 3434 2809 3534 (deducto
2837 3456 2930 3511 ne

276 3567 307 3610 ›
340 3542 631 3641 egeant)
683 3547 1161 3637 contribuere3
1222 3555 1293 3621 et
1345 3550 1485 3621 illis
1522 3567 1811 3640 quoque
1850 3567 1995 3620 non
2031 3548 2583 3638 sufficientibuS‚
2626 3553 2929 3639 possunt

276 3676 309 3714 ι
342 3659 549 3729 ceteri
606 3658 682 3729 in
735 3658 925 3731 dicta
977 3660 1274 3733 ecclesia
1326 3660 1736 3734 beneficiati
1789 3661 1988 3732 iuxta
2042 3661 2252 3751 vireS‚
2308 3666 2381 3733 et
2414 3660 2675 3733 deinde
2711 3660 2929 3733 etiam

274 3789 306 3832 ›
343 3772 528 3840 totus
581 3769 817 3840 clerus
869 3769 961 3841 ab
1014 3767 1363 3864 Episcopo
1417 3790 1579 3844 cum
1630 3790 1986 3844 consensu
2040 3773 2325 3844 maioris
2371 3774 2593 3865 partis
2631 3771 2929 3861 capituli

275 3898 308 3944 ›
340 3877 427 3950 ad
476 3880 1085 3954 contribuendum
1122 3884 1313 3976 cogi3
1371 3890 1443 3956 et
1492 3884 1807 3973 denique
1861 3883 1934 3955 in
1987 3882 2389 3956 subsidium
2443 3889 2727 3956 tenetur
2762 3901 2931 3955 con-

276 3992 655 4065 »tribuere
707 3994 1061 4084 populus;
1117 3997 1217 4067 ita
1272 3997 1614 4067 latissime
1668 3996 1904 4066 varias
1958 3995 2419 4085 antiquorum
2470 4011 2926 4066 reassumens

273 4123 308 4166 ›
340 4105 711 4194 opiniones
763 4107 1121 4179 consuluit
1174 4104 1470 4197 Berojus
1510 4105 1712 4180 Cons.
1746 4105 1821 4178 3.
1846 4125 1977 4199 per
2005 4112 2168 4188 tot„
2198 4103 2511 4177 Barbosa
2553 4106 2757 4179 Cous,
2797 4105 2922 4177 25.

273 4236 308 4279 ›
340 4216 471 4286 vol.
511 4215 587 4288 3.
650 4239 689 4283 α
729 4212 1177 4291 Manutentio
1230 4224 1498 4308 autem,
1540 4236 1669 4291 seu
1703 4217 2188 4290 reaedificatio
2226 4217 2568 4290 ecclesiae
2606 4216 2930 4288 aedium·

273 4344 307 4390 >
339 4342 473 4415 que
521 4328 627 4399 illi
681 4328 1126 4402 adnexarum
1180 4331 1430 4402 eodem
1483 4330 1635 4403 iure
1688 4329 2033 4402 definitur
2067 4329 2265 4401 iuxta
2306 4328 2477 4421 Cap.
2516 4326 2695 4400 Boni
2731 4329 2930 4421 prin·

275 4458 307 4501 ›
340 4438 510 4533 cipis
558 4440 728 4512 dist.
773 4440 893 4513 96.
941 4465 977 4508 ι
1035 4437 1235 4513 Idem
1287 4440 1599 4512 firmavit
1649 4437 1837 4511 Rota
1889 4441 1964 4511 in
2037 4441 2521 4515 constantien.
2583 4439 2929 4529 Reaedifi-

272 4554 397 4620 cot.
437 4553 767 4624 ecclesiae
818 4553 890 4625 3.
933 4551 1141 4625 Mart.
1188 4553 1401 4624 1758.
1441 4550 1518 4647 g.
1562 4553 1635 4623 7.
1691 4569 1928 4623 coram
1983 4549 2229 4623 Ratta.
