3497 5235
1039 296 1158 370 οη.
1185 296 1280 354 ΠΙ.
1320 297 1393 355 De
1436 296 1569 356 clero
1611 295 1885 355 nemori.
1927 296 1980 369 ξ.
2009 296 2055 353 1.
2769 293 2884 355 297

257 433 294 499 si
326 431 465 498 adsit
511 428 960 497 consuetudo:
1011 429 1281 495 minime
1329 449 1487 495 vero
1535 427 1757 494 deberi
1817 427 1992 493 iuxta
2042 429 2339 504 alterum,
2389 426 2441 493 si
2490 427 2888 494 consuetudo

262 533 400 601 desit.
429 570 472 581 -
508 537 616 600 73.
652 534 722 598 ln
755 532 874 598 hoc
907 530 1266 597 attenditur
1309 532 1546 598 utilitas
1594 531 1899 597 ecclesiae
1946 530 2368 616 particularis,
2420 531 2685 595 minime
2731 549 2888 595 vero

259 636 605 702 universalis.
633 672 679 685 -
713 640 822 702 74.
862 635 1109 701 Utilitas
1156 634 1521 700 huiusmodi
1557 634 1778 701 adesse
1817 644 2140 711 censetur,
2193 653 2335 699 cum
2386 635 2527 717 quis
2560 634 2735 699 abest
2769 651 2888 718 pro

260 739 473 825 agendis
532 738 814 804 universi
884 737 1160 825 Capituli
1226 737 1326 803 vel
1376 738 1687 803 ecclesiae
1737 738 2040 824 negotiis.
2092 739 2218 802 Nec
2267 756 2387 823 pro
2436 736 2711 804 absentia
2771 736 2891 802 hu-

257 840 481 907 iusmodi
533 841 892 927 requiritur
939 839 1237 927 Episcopi
1293 838 1571 905 facultas.
1627 840 1789 904 Huic
1838 852 2045 905 tamen
2099 841 2194 905 ius
2243 850 2336 904 est
2386 841 2773 917 examinare,
2810 859 2889 905 an

258 963 394 1010 causa
439 945 849 1030 negotiorum
900 962 1054 1009 vere
1097 944 1322 1020 subsit,
1376 955 1441 1009 et
1488 942 1861 1029 prohibere,
1913 961 1996 1007 ne
2043 942 2370 1008 collusioni
2422 962 2489 1007 ac
2526 941 2887 1007 remissioni

258 1047 389 1112 locus
433 1045 566 1112 fiat.
596 1082 642 1095 -
678 1050 781 1112 75.
822 1048 903 1112 Ut
949 1044 1093 1131 quis
1140 1047 1356 1113 abesse
1405 1048 1602 1131 possit
1652 1064 1773 1131 pro
1821 1046 2081 1132 negotio
2126 1065 2275 1110 suae
2308 1045 2709 1131 praebendae
2744 1064 2890 1130 par-

259 1148 518 1227 ticulariS,
575 1150 930 1234 requiritur
977 1148 1231 1215 licentia
1279 1149 1604 1237 Episcopi.
1656 1184 1700 1196 -
1751 1153 1857 1214 76.
1905 1147 2266 1233 Aliquando
2315 1167 2713 1234 nequaquam
2765 1148 2891 1214 dis-

258 1250 600 1318 tributiones
648 1251 871 1319 deheri
922 1249 1310 1317 declaratum
1362 1261 1479 1316 est.
1518 1286 1562 1299 —
1611 1255 1717 1317 77.
1772 1251 2098 1339 Theologo
2147 1262 2212 1316 et
2260 1250 2760 1334 poenitentiario
2812 1251 2892 1317 ob

259 1355 492 1422 officium
554 1375 743 1422 suum
790 1354 1157 1420 absentibus
1199 1353 1703 1424 ,distributiones
1752 1353 2093 1419 debentur.
2131 1389 2174 1400 -
2223 1357 2328 1420 78.
2383 1357 2538 1419 Item
2587 1352 2893 1419 canonico

253 1459 515 1543 parocho,
571 1459 673 1523 cui
722 1477 870 1523 cura
922 1455 1246 1523 immineat
1292 1455 1533 1523 adnexa
1585 1457 1913 1534 ecclesiae,
1968 1457 2165 1540 idque
2216 1474 2333 1542 pro
2383 1467 2715 1543 tempore,
2767 1474 2896 1541 quo

255 1581 400 1628 curae
448 1580 713 1649 operam
762 1572 970 1628 navat.
1030 1559 1429 1637 canonicus,
1497 1559 1596 1624 cui
1646 1559 1891 1625 adnexa
1946 1571 2042 1624 est
2112 1577 2259 1623 cura
2321 1569 2496 1623 extra
2568 1557 2894 1622 civitatem

255 1663 303 1729 in
338 1665 658 1741 dioecesi,
712 1665 807 1730 ius
858 1663 1050 1729 habet
1097 1662 1176 1728 ad
1226 1662 1468 1728 fructus
1531 1662 1960 1738 canonicales,
2021 1680 2153 1725 non
2202 1672 2416 1725 autem
2466 1660 2542 1725 ad
2593 1659 2899 1724 distribu-

256 1766 458 1834 tiones:
514 1779 830 1851 utraeque
879 1764 1203 1832 debentur
1249 1765 1553 1831 canonico
1591 1764 1755 1829 intra
1790 1761 2218 1829 cathedralem
2271 1782 2487 1828 curam
2539 1763 2899 1828 animarum

254 1870 527 1937 adnexam
579 1869 837 1936 habenti
889 1889 1008 1955 pro
1066 1869 1285 1945 horis,
1347 1868 1577 1953 quibus
1624 1878 1770 1933 actu
1829 1887 2091 1933 munera
2150 1867 2528 1954 parochialia
2587 1878 2916 1945 exercet,

255 1985 475 2039 onerata
531 1972 913 2056 ceteroquin
979 1971 1272 2038 eiusdem
1335 1971 1743 2038 conscientia.
1799 2007 1843 2019 -
1891 1973 1995 2037 79.
2048 1970 2310 2048 Quando
2360 1989 2508 2036 cura
2562 1969 2897 2037 habitualis

251 2094 416 2160 penes
465 2074 837 2160 Capitulum
885 2075 1162 2152 residet,
1215 2086 1280 2140 et
1324 2076 1581 2139 actualis
1643 2092 1846 2159 penes
1901 2093 2102 2138 unum
2153 2074 2235 2140 de
2283 2072 2556 2162 gremio,
2586 2073 2897 2158 -quamvis

252 2179 622 2244 amoribilem
674 2176 751 2244 ad
799 2188 1068 2254 nutum,
1122 2176 1603 2243 distributiones
1664 2195 1784 2261 pro
1845 2175 2054 2252 horis,
2126 2186 2197 2240 ut
2255 2194 2485 2260 supra,
2550 2174 2890 2240 debentur.

254 2283 476 2358 Quando
524 2291 743 2347 autem
801 2280 1058 2346 actualis
1109 2281 1392 2345 exerceri
1461 2291 1672 2363 potest
1729 2281 1807 2345 ab
1856 2297 1984 2343 uno
2045 2288 2223 2343 extra
2283 2277 2644 2364 gremium,
2693 2278 2899 2343 soluta

250 2402 493 2471 congrua
542 2383 871 2460 mercede,
923 2383 1111 2447 aliter
1158 2381 1507 2448 dicendum
1557 2391 1674 2459 est,
1727 2380 2015 2466 quamvis
2066 2380 2230 2446 forte
2278 2399 2397 2465 per
2441 2380 2758 2458 accidenS,
2798 2399 2903 2445 ea·-

253 2485 374 2552 detn
418 2487 620 2553 soluta
669 2485 1023 2571 pensione,
1076 2484 1184 2549 uni
1236 2484 1319 2550 de
1368 2482 1619 2570 gremio
1667 2504 1816 2548 cura
1866 2485 2122 2549 actualis
2186 2483 2551 2550 concredita
2601 2483 2817 2548 fuerit.
2854 2518 2899 2531 -

247 2589 334 2653 80.
369 2588 427 2655 Si
476 2601 653 2657 extra
689 2586 1116 2654 cathedralem
1156 2606 1369 2672 neque
1404 2586 1647 2664 habitu,
1700 2605 1914 2672 neque
1947 2587 2416 2674 actuCapitulo
2450 2608 2597 2653 cura
2635 2586 2897 2662 insidet,

245 2709 432 2777 neque
466 2691 731 2770 fructus,
771 2710 987 2777 neque
1020 2691 1504 2757 distributiones
1542 2694 1884 2757 canonicus
1917 2691 2020 2757 vel
2068 2691 2512 2757 beneficiarius
2547 2711 2683 2757 eam
2720 2710 2901 2755 exer·

246 2810 376 2859 cens
405 2797 744 2880 percipere
775 2796 1041 2880 poterit.
1071 2830 1114 2843 -
1140 2798 1246 2860 81.
1283 2795 1458 2861 Licet
1493 2795 1809 2880 Episcopo
1844 2794 2030 2872 duos,
2074 2811 2204 2859 non
2242 2795 2456 2878 plures
2491 2813 2566 2859 ex
2603 2792 2900 2877 Capitulo

246 2895 557 2963 cathedrali
608 2897 711 2963 vel
759 2896 1238 2982 collegiatarum
1289 2894 1654 2962 dioeceseos
1700 2898 1764 2963 in
1796 2917 1982 2961 suum
2017 2898 2352 2962 servitium
2387 2914 2732 2971 assumere,
2785 2895 2903 2978 qui

245 2995 477 3064 interim
524 2997 932 3085 praebendae
985 2998 1227 3064 fructus
1271 3018 1418 3064 suos
1468 2999 1727 3065 faciunt.
1759 3035 1805 3047 -
1834 3003 1944 3066 82.
1988 2999 2084 3065 Ad
2135 2984 2304 3065 hunc
2352 3010 2563 3062 tamen
2599 2996 2901 3061 effectum

247 3100 397 3166 nefas
428 3102 639 3169 eidem
676 3112 793 3176 est,
829 3120 1151 3166 assumere
1184 3102 1521 3168 canonicos
1554 3104 1865 3187 parochos
1900 3104 1999 3168 vel
2034 3103 2371 3168 canonicos
2405 3098 2826 3165 coadiutores.
2858 3133 2903 3146 -

246 3203 340 3265 83.
377 3203 666 3270 canonici
707 3203 1003 3289 Episcopi
1051 3202 1313 3269 servitio
1347 3203 1647 3288 adscripti
1688 3203 2173 3270 distributiones
2208 3203 2470 3269 minime
2504 3201 2897 3288 percipiunt.

244 3303 506 3389 Capitula
540 3305 733 3370 etiam
768 3307 1073 3391 passivam
1111 3306 1592 3391 exemptionem
1627 3306 1921 3372 habentia
1974 3304 2293 3392 impedire
2332 3315 2696 3391 nequeunt,
2746 3304 2904 3388 quin

243 3401 388 3469 duos
430 3406 508 3473 de
553 3427 672 3472 suo
721 3408 968 3492 gremio
1016 3407 1319 3474 adsciscat
1372 3412 1721 3494 Episcopus
1761 3410 1821 3473 in
1856 3428 2038 3473 sunm
2072 3408 2436 3473 servitium.
2464 3446 2505 3456 -
2540 3412 2652 3473 84.
2684 3405 2909 3472 Distri-

242 3503 515 3574 butiones
573 3512 857 3575 lucratur
901 3510 1242 3575 canonicus
1308 3510 1387 3576 ad
1451 3511 1763 3576 visitanda
1813 3514 1920 3578 SS.
1967 3514 2098 3577 ΑΑ.
2138 3514 2260 3576 LL.
2312 3511 2759 3596 abEpiscopo
2812 3508 2902 3573 uti

240 3611 597 3677 Procurator
645 3613 918 3691 missus3
971 3614 1157 3677 aliter
1204 3624 1301 3678 est
1349 3612 1429 3678 de
1479 3615 1783 3679 canonico
1821 3615 1882 3680 in
1915 3632 2082 3677 sacra
2119 3612 2487 3678 dioeceseos
2538 3613 2905 3677 visitatione

243 3712 617 3798 Episcopum
665 3714 1035 3779 comitante.
1065 3750 1108 3763 -
1140 3718 1247 3781 85.
1292 3717 1606 3801 Episcopo
1658 3715 2005 3780 celebranti
2061 3717 2162 3781 vel
2212 3715 2590 3782 Pontificatia
2640 3712 2908 3781 obeunti

239 3809 309 3874 in
354 3815 682 3881 cathedrali
734 3817 1068 3881 canonicos
1117 3836 1337 3883 omnes
1385 3817 1677 3883 assistere
1725 3827 1790 3882 et
1839 3817 2152 3883 inservire
2205 3819 2403 3884 teneri
2457 3818 2660 3883 edixit
2706 3821 2901 3884 Conc.

238 3913 429 3993 Trid.,
479 3930 543 3983 et
591 3921 655 3984 S.
697 3919 764 3984 C.
809 3921 1034 3996 Conc.,
1086 3920 1272 3986 salvis
1324 3932 1533 3986 tamen
1587 3920 1889 4006 legitimis
1939 3922 2397 3987 vacationibus.
2451 3956 2495 3968 -
2541 3925 2649 3986 86.
2706 3922 2909 4005 quue

239 4035 365 4083 non
406 4020 608 4086 solum
662 4020 725 4084 in
772 4039 1044 4087 munere
1110 4021 1355 4088 diaconi
1420 4023 1532 4089 sed
1598 4034 1662 4089 et
1707 4024 2127 4089 subdiaconi:
2202 4024 2310 4109 qui
2373 4023 2643 4088 ministri
2696 4023 2909 4088 eidem

238 4118 538 4188 inservire
588 4134 892 4189 tenentur
939 4126 1125 4190 etiam
1179 4127 1241 4192 in
1293 4126 1468 4191 urbis
1517 4138 1581 4192 et
1627 4127 1914 4192 suburbii
1969 4127 2272 4192 ecclesiis.
2308 4162 2351 4174 -
2397 4129 2503 4191 87.
2561 4128 2716 4190 Item
2764 4126 2912 4190 assi-

234 4231 395 4289 stere
445 4224 708 4303 debent,
758 4225 811 4290 si
862 4227 1212 4314 Episcopus
1261 4248 1406 4294 cum
1457 4248 1653 4314 cappa
1705 4231 1925 4295 Missae
1972 4250 2041 4294 ac
2091 4229 2325 4295 divinis
2361 4227 2582 4294 officiis
2635 4228 2908 4307 intersit,

237 4326 332 4389 vel
395 4342 647 4413 paratus
707 4330 944 4395 assistat
1005 4350 1149 4396 cum
1214 4333 1515 4419 pluviali,
1584 4334 1771 4397 mitra
1834 4343 1940 4397 aut
2001 4349 2196 4418 cappa
2265 4330 2503 4396 divinis
2566 4330 2785 4396 officiis
2850 4343 2915 4397 et

237 4427 450 4497 Missae
495 4432 765 4498 solemni
806 4430 870 4497 in
905 4434 1189 4499 ecclesiis
1221 4435 1494 4502 civitatis
1540 4436 1658 4501 sibi
1708 4435 2035 4512 subiectis,
2074 4434 2428 4501 dummodo
2466 4436 2527 4500 in
2563 4435 2915 4501 cathedrali

235 4531 545 4602 sufficiens
592 4534 828 4600 chorali
877 4535 1142 4602 servitio
1176 4557 1482 4603 numerus
1518 4548 1861 4602 remaneat.
1905 4539 2061 4602 Item
2095 4538 2141 4600 si
2180 4537 2533 4623 Episcopus
2565 4536 2910 4606 cathedrali

239 4636 518 4704 concioni
568 4637 812 4703 assistat
842 4648 987 4723 post
1018 4643 1507 4705 conventualem
1541 4640 1787 4705 habitae
1824 4638 1889 4704 in
1921 4637 2409 4725 Quadragesima
2457 4641 2560 4706 vel
2594 4640 2718 4706 alio
2756 4654 2914 4707 tem-
