3497 5235
546 342 665 405 222
1302 344 1670 403 latitudiuis
1710 345 1765 401 Β.
1793 344 1976 417 Gongr.
2002 342 2150 401 Οοιιο.
2191 343 2462 418 expositio.

551 500 590 544 ›
630 474 1069 548 sacerdotem
1142 477 1217 547 in
1269 495 1476 548 suum
1529 478 1766 549 locum
1836 475 2207 548 absentiae
2259 484 2575 570 tempore
2644 476 3010 569 subrogare
3067 495 3177 548 ne-

549 610 586 652 »
627 592 929 676 queunt,
969 592 1092 658 tuo
1143 586 1477 677 prudenti
1529 588 1793 661 iudicio
1851 589 2285 678 relinquitur
2351 589 2758 661 eorumdem
2811 590 3176 661 excusatio—

552 723 589 766 »
632 716 762 770 nes
813 699 1169 789 excipere,
1212 718 1475 790 eosque
1531 700 1622 772 ab
1660 700 2070 781 huiusmodi
2122 717 2415 772 accessu
2449 699 2900 792 indulgenter
2940 701 3179 772 exime-

554 833 591 875 »
632 827 734 896 re,
773 811 1010 899 prouti
1049 810 1254 882 docet
1303 808 1577 885 Bened.
1620 808 1811 882 XIV.
1856 811 1938 884 de
1978 812 2240 902 synod.
2282 812 2500 884 dioec.
2544 812 2665 883 lib.
2694 811 2826 883 ΙΙΙ.
2866 810 3178 902 cap.12.,

553 943 592 987 ›
631 920 1075 1009 potissimum
1129 941 1325 993 num.
1374 920 1446 994 3.
1505 919 1707 1003 Quod
1758 924 1948 995 enim
2001 924 2240 1014 legum
2292 922 2750 995 ferendarum
2798 924 2937 994 vim
2986 924 3183 1014 respi-

555 1052 595 1099 ›
636 1032 757 1120 cit,
799 1033 892 1105 ad
942 1052 1090 1105 rem
1141 1032 1330 1106 idem
1399 1035 1619 1107 tradit
1670 1030 1860 1131 (loc.
1918 1035 2041 1107 cit.
2084 1056 2158 1107 n.
2227 1032 2370 1131 7).·
2428 1036 2628 1108 Solus
2682 1036 3051 1127 Episcopus
3095 1041 3185 1107 est

554 1165 593 1209 ›
635 1143 845 1215 iudex
869 1164 953 1216 ac
990 1145 1381 1238 leqislator,
1409 1146 1552 1237 ipse
1587 1166 1718 1218 sua
1753 1146 2030 1219 decreta
2054 1146 2236 1238 facit
2270 1165 2355 1218 ac
2398 1146 2836 1239 promulqat,
2872 1153 2938 1219 et
2967 1165 3187 1238 quom-

553 1278 592 1322 »
629 1256 735 1326 vis
787 1255 1231 1330 adstantium
1266 1258 1641 1330 consilium
1687 1263 2049 1349 exposcat,
2086 1276 2226 1329 non
2280 1264 2517 1331 tamen
2565 1259 2838 1351 coqitur
2886 1258 3058 1329 illud
3103 1277 3189 1329 se-

553 1390 592 1434 »
629 1368 776 1458 qui.
817 1365 969 1440 Hoc
1003 1375 1240 1441 autem
1280 1369 1774 1440 tantummodo
1809 1368 2327 1459 perficiendum
2363 1375 2497 1457 est,
2532 1369 2723 1459 quod
2762 1370 2917 1441 fieri
2950 1375 3185 1460 potest,

551 1505 591 1547 »
630 1497 723 1550 ne
774 1479 1012 1552 desint
1047 1479 1340 1571 parochi
1392 1487 1516 1552 aut
1567 1481 1812 1552 vicarii
1849 1480 2146 1552 foranei.
2179 1504 2216 1546 »
2272 1476 2476 1552 Idem
2510 1482 2969 1573 praescripsit
3018 1478 3084 1551 S.
3120 1477 3185 1552 C.

549 1593 670 1664 alii
721 1589 1073 1683 Episcopo
1125 1592 1453 1664 eamdem
1505 1610 1652 1664 rem
1707 1592 2186 1684 percontanti.

690 1702 842 1777 Hoc
892 1724 1056 1777 vero
1093 1724 1236 1777 non
1273 1710 1381 1777 est
1418 1705 1953 1797 negligendum,
2012 1711 2401 1794 antequam
2439 1702 2773 1794 Synodus
2826 1706 3188 1795 aperiatur,

545 1824 654 1906 ut,
696 1818 754 1890 si
793 1817 1037 1908 aliqua
1092 1816 1270 1888 forte
1305 1818 1784 1890 controversia
1838 1816 2271 1904 suboriatur,
2314 1833 2529 1905 quam
2583 1817 2897 1891 Antistes
2946 1818 3015 1888 in
3051 1834 3196 1888 con-

551 1931 812 2004 tinenti
867 1929 1198 2001 dirimere
1250 1929 1428 2000 nolit
1482 1930 1592 2001 vel
1648 1938 1988 2019 nequeat,
2030 1946 2122 2000 ne
2161 1946 2354 1999 mora
2421 1925 2703 2019 Synodo
2755 1931 3191 2015 innectatur,

551 2041 1128 2114 dissentientium
1180 2041 1336 2112 iura
1388 2046 1725 2128 reservet,
1769 2046 1839 2113 et
1891 2040 2180 2113 interim
2232 2039 2412 2111 illud
2463 2046 2761 2129 statuat,
2831 2042 3021 2131 quod
3071 2058 3199 2112 me-

550 2153 691 2225 lius
725 2155 799 2224 in
835 2151 1131 2224 Domino
1171 2151 1522 2224 videatur.
1554 2149 1667 2224 Ita
1703 2171 1913 2245 porro
1949 2169 2102 2223 sese
2133 2151 2347 2242 gessit
2389 2148 2979 2245 Arcbiepiscopus
3002 2148 3085 2223 N.
3114 2145 3190 2220 N.

549 2264 627 2335 in
679 2262 964 2354 Synodo
1014 2263 1290 2352 habita,
1330 2265 1657 2336 volvente
1712 2282 1954 2336 mense
2008 2261 2408 2353 Septembri
2466 2263 2680 2334 1858.

700 2377 864 2446 155.
909 2373 1080 2447 Cum
1135 2376 1323 2447 enim
1391 2377 1714 2448 canonici
1769 2375 2111 2447 ecclesiae
2183 2373 2771 2465 metropolitanae
2846 2374 3200 2466 conquesti

545 2485 873 2575 tuissent,
905 2489 1140 2577 primo
1175 2506 1330 2560 sese
1368 2488 1460 2560 ad
1497 2486 1862 2579 Synodum
1916 2488 2014 2558 ita
2069 2485 2285 2556 fuisse
2338 2478 2702 2573 invitatOS,
2761 2493 2843 2557 ut
2896 2506 3040 2558 non
3090 2484 3201 2556 ad-

545 2601 776 2672 instar
827 2599 1135 2693 collegii,
1178 2620 1310 2673 ceu
1345 2599 1710 2688 volebant,
1750 2599 1878 2671 sed
1929 2615 2057 2689 per
2091 2590 2582 2688 procuratores
2616 2597 3072 2687 interessent,
3110 2616 3202 2670 se-

427 2749 438 2758 ·
545 2711 775 2784 cundo
827 2720 1094 2800 autem,
1137 2714 1213 2784 in
1249 2712 1690 2784 sessionibus
1741 2715 1899 2801 post
1950 2708 2294 2795 AbbateS,
2336 2708 2459 2797 qui
2513 2709 2954 2781 territorium
3014 2728 3204 2800 sepa-

544 2830 781 2895 ratum
836 2822 1214 2912 baberent,
1256 2842 1410 2896 sese
1463 2824 1844 2895 collocatos
1895 2820 2142 2908 fuisse,
2183 2817 2375 2909 quod
2428 2818 2565 2890 sibi
2615 2835 2763 2891 non
2817 2827 3205 2911 competere

545 2933 1128 3024 arbitrabantur3
1211 2936 1482 3009 iudices
1561 2935 1943 3026 synodales
1976 2985 1995 3021 ,
2077 2931 2625 3023 Archiepiscopo
2714 2933 3157 3022 approbante
3185 2984 3202 3019 ,

541 3054 924 3136 utramque
977 3049 1392 3138 petitionem
1448 3046 1733 3118 interim
1783 3045 2211 3130 reiecerunt,
2253 3042 2631 3114 reservatis
2683 3042 2966 3115 iuribus
3018 3042 3209 3134 Capi-

542 3157 695 3228 tulo
746 3160 1323 3251 competentibus
1375 3159 1532 3231 sine
1585 3158 1732 3230 ullo
1785 3155 2220 3247 praeiudicio
2280 3154 2353 3225 in
2406 3160 2813 3244 posterum,
2866 3163 3081 3246 prout
3129 3154 3208 3226 de

543 3268 724 3355 iure,
766 3269 1271 3344 diiudicandis.
1331 3267 1616 3360 Itaque,
1658 3269 1988 3341 absoluta
2041 3265 2365 3360 Synodo,
2425 3264 3022 3358 Archiepiscopus
3073 3284 3210 3338 rem

542 3379 636 3451 ad
665 3379 736 3451 S.
762 3377 838 3451 C.
865 3378 940 3453 C.
975 3382 1257 3470 detulit,
1289 3383 1365 3453 in
1394 3401 1536 3473 qua
1566 3383 1799 3474 plenis
1827 3381 2130 3453 comitiis
2157 3379 2300 3451 diei
2331 3372 2638 3448 18.1un.
2665 3379 2881 3449 1859.
2918 3378 3212 3451 dubium

451 3537 462 3550 ·
542 3492 984 3580 propositum
1036 3492 1222 3565 fuit:
1304 3516 1338 3559 ι
1382 3492 1488 3565 An
1541 3499 1611 3565 et
1664 3492 2018 3584 quomodo
2072 3492 2144 3561 in
2197 3490 2538 3581 proximis
2591 3487 2900 3579 Synodis
2953 3488 3209 3562 servari

541 3626 581 3668 ν
623 3601 885 3674 debeat
935 3604 1302 3677 decretum
1352 3605 1665 3677 iudicum
1703 3603 2156 3695 synodalium
2193 3602 2332 3672 diei
2371 3602 2491 3673 30.
2534 3595 2732 3690 Sept.
2774 3602 3028 3690 1858„
3069 3607 3214 3672 tum

544 3736 581 3781 ›
624 3713 810 3785 circa
837 3711 1144 3806 Capituli
1181 3712 1267 3786 N.
1302 3712 1391 3787 N.
1426 3718 1515 3789 ad
1555 3715 1920 3808 Synodum
1958 3731 2083 3806 per
2111 3719 2601 3804 procuratores
2638 3731 3037 3802 accessum,
3062 3719 3215 3784 tum

543 3847 583 3894 ›
624 3825 810 3897 circa
840 3828 1163 3899 ordinem
1194 3827 1487 3900 sedendi
1524 3830 1598 3899 in
1626 3822 1839 3902 casu?
1864 3853 1901 3896 »
1936 3830 2006 3899 S.
2033 3825 2106 3899 C.
2141 3823 2536 3918 respondit,
2573 3818 3037 3913 «Capitulum
3078 3841 3215 3894 me-

545 3959 583 4004 >
622 3938 1139 4029 tropolitauum
1175 3958 1328 4013 esse
1365 3941 1823 4013 invitandum
1860 3940 1953 4012 ad
1988 3937 2350 4031 Synodum
2391 3935 2924 4026 provincialem,
2968 3943 3219 4027 quate-

543 4070 583 4112 »
628 4067 764 4119 nus
799 4050 873 4120 in
911 4052 1160 4125 eadem
1201 4053 1487 4125 civitate
1539 4052 1965 4138 celebretur,
2007 4051 2335 4122 ordinato
2388 4054 2631 4119 tamen
2680 4049 2970 4119 servitio
3027 4046 3214 4119 cbori

541 4181 581 4228 ›
623 4160 916 4234 arbitrio
954 4171 1025 4237 et
1056 4165 1484 4258 prudentiae
1523 4162 2077 4254 Archiepiscopi.
2120 4158 2455 4234 Canonici
2492 4164 2760 4245 aulem,
2818 4158 2969 4230 sive
3010 4157 3220 4230 colle·

541 4291 581 4338 ›
625 4272 904 4362 gialiter
961 4278 1108 4349 sive
1175 4295 1303 4368 per
1354 4282 1848 4368 procuratores
1917 4274 2513 4360 intervenientes',
2591 4272 2826 4346 locum
2896 4270 3215 4342 habeant

539 4404 578 4448 ›
621 4383 819 4455 iuxta
857 4389 1374 4479 praescriptum
1412 4389 1486 4460 iu
1512 4386 2023 4458 Caeremoniali
2052 4382 2781 4478 Episcoporum(Lib.
2814 4385 2879 4452 1.
2910 4402 2972 4455 c.
2996 4377 3213 4475 31.)›

535 4493 612 4564 in
650 4513 791 4584 quo
829 4516 1087 4590 nempe
1122 4501 1488 4589 statuitur,
1540 4506 1619 4571 ut
1666 4499 1991 4572 canonici
2045 4498 2299 4571 ceteris
2332 4498 2796 4590 praecedant,
2839 4497 2899 4567 si
2938 4495 3219 4585 capitu-

533 4606 780 4679 lariter
831 4612 1246 4700 procedant,
1304 4612 1416 4682 sin
1467 4629 1634 4683 vero
1686 4629 1895 4683 secus
1945 4610 2064 4697 sit,
2125 4609 2433 4680 Abbates
2487 4616 2559 4682 et
2607 4604 3215 4679 Commendatarii

532 4719 1060 4812 praeierantur,
1102 4741 1184 4793 ac
1220 4721 1479 4795 deinde
1533 4729 2026 4815 procuratores
2074 4719 2385 4812 Capituli
2436 4720 2855 4795 succedant.
