3497 5235
577 290 692 355 160
1321 293 1689 352 humationis
1729 294 1782 350 8.
1809 293 1993 366 Gongr.
2022 293 2168 351 Ocno.
2209 294 2481 369 expositio.

577 453 617 499 ι
656 428 907 518 possit,
947 426 1324 499 dioecesim
1362 447 1566 499 suam
1604 429 1992 517 quotannis
2045 429 2335 502 visitare
2391 434 2699 518 tenetur,
2739 430 2962 522 possit
2994 427 3249 500 huius-

580 564 619 609 »
658 540 849 612 modi
900 541 1375 612 visitationem
1428 539 1658 613 facere
1713 558 1842 632 per
1893 559 2255 630 mensem,
2311 541 2427 614 vel
2478 542 2796 628 circiter,
2856 547 3246 631 antequam

576 677 616 723 ι
655 651 944 724 labatur
991 653 1268 743 integer
1318 671 1551 723 annus
1604 672 1644 722 a
1698 653 1815 723 die
1866 658 2198 743 peractae
2253 653 2546 725 ultimae
2600 653 3074 738 visitationis,
3132 650 3249 722 vel

574 789 614 835 ι
658 765 895 856 potius
947 762 1207 835 debeat
1260 770 1699 855 exspectare,
1758 764 1951 853 quod
2004 766 2176 835 anni
2231 764 2537 836 circulus
2589 762 2989 853 expleatur,
3048 768 3254 832 ante-

577 900 616 945 »
658 894 876 966 quam
928 874 1162 945 denuo
1215 875 1479 961 visitet,
1537 876 1636 948 ita
1693 880 1771 947 ut
1825 877 2011 947 intra
2065 874 2328 967 singuli
2368 875 2712 964 cuiusque
2749 873 2920 944 anni
2956 888 3249 943 cursum

578 1011 618 1057 ι
658 1005 803 1059 una
838 992 1121 1059 tantum
1159 987 1469 1057 visitatio
1507 981 1679 1059 fiat?
1713 1012 1750 1051 x
1808 986 1881 1058 S.
1924 985 1999 1059 C.
2058 987 2474 1080 respondit:
2539 1009 2575 1051 ‹
2610 985 3076 1071 Affirmative,
3118 982 3252 1053 sed

580 1124 619 1169 »
662 1117 804 1171 non
857 1115 1063 1189 posse
1117 1099 1481 1189 percipere
1527 1099 2126 1189 procurationem,
2170 1117 2403 1190 neque
2440 1097 2806 1184 victualia,
2849 1096 2985 1168 nisi
3024 1093 3255 1166 semel

582 1235 620 1278 ι
659 1212 735 1282 in
788 1227 978 1280 anno
1015 1234 1052 1276 ιι
1109 1209 1208 1280 ita
1249 1208 1365 1280 19.
1408 1205 1604 1300 Sept.
1653 1210 1868 1281 1682.
1911 1211 2104 1305 apud
2139 1208 2411 1284 Bened.
2454 1206 2646 1280 XIV.
2688 1209 2771 1280 de
2810 1210 2984 1299 Syn.
3025 1207 3252 1279 dioec.

577 1321 708 1394 lib.
749 1318 841 1393 X.
900 1340 1059 1412 cap.
1109 1321 1224 1392 10.
1284 1339 1358 1392 n.
1403 1322 1475 1392 6.
1533 1317 1737 1393 Idem
1789 1320 1860 1393 S.
1902 1319 1976 1394 C.
2035 1323 2405 1414 respondit
2456 1323 2530 1393 in
2571 1322 2643 1394 S.
2686 1320 2916 1395 Marci
2973 1319 3089 1389 16.
3132 1314 3262 1388 Iu-

580 1435 680 1506 nii
714 1434 926 1504 1723.
964 1432 1057 1503 ad
1090 1433 1155 1502 1.
1191 1432 1402 1521 dub.‚
1434 1441 1505 1504 et
1544 1430 1761 1506 Polic.
1794 1433 1860 1503 1.
1889 1430 2054 1505 Iun.
2088 1435 2299 1506 1737.
2343 1432 2535 1524 apud
2571 1426 3061 1504 Bened.X1V.
3092 1430 3146 1500 l.
3181 1448 3279 1501 c.-

723 1545 850 1615 36.
894 1539 1073 1615 Item
1114 1542 1407 1615 arbitrio
1458 1542 1790 1636 Episcopi
1844 1546 2277 1636 relinquitur
2320 1544 2728 1636 praefinire,
2771 1563 2812 1612 a
2844 1541 2993 1631 ‘qua
3030 1541 3265 1613 eccle-

580 1655 685 1727 sia
737 1655 1168 1726 visitationis
1219 1654 1503 1726 initium
1543 1653 1953 1727 faciendum
1987 1657 2105 1744 sit,
2147 1658 2476 1747 quamvis
2517 1655 2744 1745 magis
2780 1652 3142 1746 expediat,
3183 1657 3264 1723 et

583 1785 972 1858 congruum
1030 1765 1148 1853 sit,
1206 1765 1528 1837 eamdem
1568 1786 1609 1836 a
1646 1765 2070 1856 cathedrali,
2128 1769 2444 1854 omniurn
2482 1768 2886 1839 dioeceseos
2922 1764 3266 1836 ecclesia-

583 1897 743 1950 rum
780 1876 1128 1968 principe.
1164 1876 1525 1965 inchoare,
1558 1885 1769 1971 prout
1804 1880 2273 1950 communiter
2310 1880 2651 1951 usitatum
2680 1885 2812 1949 est.
2848 1874 2921 1948 S.
2954 1872 3030 1946 C.
3063 1871 3256 1961 Bit„

585 1986 1007 2079 Ventriglia,
1046 1984 1391 2077 Barbosa,
1432 1985 1809 2061 Monacell.
1867 1989 2061 2080 apud
2115 1988 2392 2061 Ferrar.
2435 1991 2568 2062 loc.
2612 1991 2733 2062 cit.
2776 2008 2850 2060 n.
2894 1988 3016 2059 85.
3074 1984 3266 2057 Con-

589 2101 775 2193 gruit
810 2100 1060 2171 eadem
1099 2096 1172 2169 S.
1205 2097 1279 2170 C.
1301 2095 1459 2171 Bit.
1499 2100 1573 2171 in
1597 2101 1987 2173 Abellinen.
2020 2103 2092 2172 8.
2125 2099 2469 2174 Novemb.
2512 2101 2760 2189 1843„
2794 2119 3012 2191 quam
3043 2096 3265 2188 paulo

588 2220 757 2285 ante
810 2207 919 2305 (n.
961 2208 1121 2308 21.)
1176 2212 1572 2300 attulimuS,
1635 2213 1786 2301 ubi,
1845 2215 2171 2303 quamvis
2205 2213 2293 2286 de
2330 2212 2605 2286 Vicario
2646 2212 3034 2306 Capitulari
3090 2210 3270 2281 visi-

585 2324 934 2398 tationem
986 2324 1447 2415 aggrediente
1500 2325 1782 2416 proprie
1818 2343 1931 2397 res
1974 2327 2092 2414 sit,
2152 2325 2615 2398 nihilominus
2650 2327 2864 2397 etiam
2903 2322 3265 2415 Episcopo

553 2434 780 2507 idem
842 2452 1023 2525 opus
1093 2435 1457 2508 inchoanti
1518 2455 1673 2508 eam
1738 2438 2293 2510 declarationem
2363 2435 3039 2509 accommodandam
3103 2451 3266 2504 esse

595 2547 904 2637 quisque
956 2564 1084 2638 per
1132 2564 1209 2617 se
1260 2547 1480 2620 videt.

735 2660 858 2731 37.
916 2657 1023 2728 Au
1075 2677 1241 2730 vero
1294 2665 1537 2731 contra
1574 2678 1719 2747 eOS,
1761 2660 1885 2750 qui
1921 2660 2402 2733 visitationem
2437 2659 2680 2734 subire
2730 2664 3073 2745 renuunt,
3116 2656 3270 2730 vim

587 2771 848 2844 inferre
898 2770 1137 2857 liceat,
1194 2779 1317 2842 aut
1372 2770 1747 2843 dumtaxat
1801 2772 2048 2862 poenis
2100 2772 2596 2862 spiritualibus
2649 2770 3263 2857 animadvertere,

587 2903 672 2957 ac
717 2882 1141 2954 nominatim
1177 2884 1911 2956 excommunicatione
1965 2888 2235 2957 statuta
2286 2884 2364 2955 in
2405 2884 2816 2958 Clementia.
2868 2880 3273 2953 Attenden-

589 3001 699 3068 tes
745 2997 820 3066 2.
861 2994 952 3067 de
987 2999 1157 3066 stat.
1201 2988 1391 3066 Mon.
1452 2994 1526 3066 in
1582 2995 1741 3084 lin„
1801 3013 2035 3067 meum
2089 3014 2232 3067 non
2286 3003 2396 3069 est
2445 2995 2767 3067 hocloco
2804 2991 3265 3079 diiudicare3

585 3106 815 3179 satius
866 3107 1027 3194 erit,
1067 3105 1127 3177 si
1166 3105 1578 3177 consulatur
1613 3103 1928 3178 Ferraris
1980 3106 2116 3178 loc.
2159 3108 2278 3179 cit.
2322 3126 2396 3178 n.
2428 3108 2585 3194 98„
2627 3105 2752 3176 ubi
2787 3124 2914 3198 pro
2949 3110 3271 3194 utraque

585 3223 792 3310 parte
843 3216 1306 3289 auctoritates
1357 3216 1570 3305 plena
1627 3235 1846 3290 manu
1899 3219 2239 3308 congerit.
2283 3215 2648 3308 Quidquid
2682 3235 2846 3289 vero
2881 3217 3017 3289 hac
3055 3215 3148 3287 de
3184 3233 3274 3287 re

588 3329 712 3417 sit,
768 3346 897 3422 pro
948 3327 1119 3399 data
1171 3326 1308 3399 sibi
1362 3329 1748 3418 prudentia
1800 3327 2091 3400 videant
2140 3326 2500 3420 Episcopi,
2540 3328 2715 3419 quid
2754 3328 2977 3419 magis
3012 3327 3091 3398 in
3128 3324 3282 3398 Do-

589 3439 785 3511 mino
835 3437 1213 3530 expediat,
1270 3439 1330 3509 si
1382 3439 1672 3528 quando
1742 3440 1819 3512 in
1888 3440 2026 3511 hac
2085 3440 2275 3513 tristi
2326 3441 2737 3513 conditione
2785 3457 2943 3512 sese
2995 3439 3283 3512 versari

593 3550 1066 3641 conspiciant.

739 3662 860 3732 38.
918 3659 1025 3731 Ad
1078 3662 1481 3751 exemplum
1534 3659 1792 3734 Christi
1864 3660 2140 3735 Domini
2210 3659 2385 3735 Luc.
2441 3664 2591 3751 16.,
2646 3664 2768 3754 qui
2819 3662 3014 3734 misit
3064 3661 3277 3734 binos

590 3773 751 3844 illos
803 3779 970 3847 ante
1016 3772 1277 3863 faciem
1311 3793 1515 3846 suam
1550 3775 1625 3845 in
1663 3793 1937 3846 omnem
1970 3775 2330 3847 civitatem
2362 3782 2429 3850 et
2462 3776 2722 3855 locum,
2754 3793 2890 3866 quo
2924 3779 3085 3846 erat
3119 3773 3282 3863 ipse

589 3889 961 3966 venturus,
1011 3884 1301 3974 expedit
1355 3886 1688 3958 maiorem
1728 3888 1803 3958 in
1841 3887 2156 3975 modum,
2196 3893 2275 3959 ut
2310 3888 2384 3960 in
2422 3886 2704 3978 singula
2739 3886 3029 3976 oppida,
3073 3903 3281 3975 quae

589 3996 864 4068 visitari
916 3994 1228 4086 debent,
1285 3998 1468 4068 sacri
1522 4015 1908 4089 praecones
1961 3999 2516 4088 praemittantur
2566 3998 2941 4070 missiones
2993 3997 3283 4087 populo

593 4106 1012 4197 exhibituri,
1070 4096 1286 4197 prout
1332 4107 1539 4180 docet
1589 4106 1959 4201 Crispinus
2008 4110 2144 4181 loc.
2187 4110 2312 4181 cit.
2364 4106 2440 4203 g.
2485 4110 2602 4180 17.
2660 4128 2738 4180 n.
2782 4109 2904 4180 43.
2945 4114 3020 4180 et
3066 4126 3279 4198 seq.,

591 4224 662 4291 et
688 4220 1159 4293 communiter
1190 4220 1506 4292 solemne
1535 4218 1812 4293 habent
1846 4220 2278 4293 cordatiores
2305 4225 2377 4293 et
2406 4220 2692 4292 maioris
2726 4220 2860 4291 zeli
2893 4217 3282 4311 Episcopi.

739 4331 860 4401 39.
918 4325 1253 4421 Episcopi
1304 4331 1475 4403 dum
1527 4350 1805 4404 sacram
1858 4339 2213 4423 peragunt
2263 4332 2772 4420 visitationem,
2828 4348 2956 4422 per
2988 4349 3096 4419 se,
3151 4330 3297 4403 vel

592 4439 849 4513 saltem
900 4459 1028 4532 per
1079 4442 1256 4515 alios
1306 4442 1605 4515 verbum
1655 4441 1784 4515 Dei
1844 4443 2260 4534 praedicare
2308 4448 2677 4531 tenentur,
2734 4441 3153 4532 praesertim
3207 4443 3299 4514 si

594 4551 860 4645 populo
913 4570 1158 4625 sacrae
1209 4554 1584 4627 missiones
1635 4554 1710 4627 in
1762 4561 2215 4628 antecessum
2284 4552 2657 4645 praebitae
2730 4570 2875 4625 non
2944 4551 3217 4624 fuerint
3263 4571 3297 4623 ε

597 4663 794 4755 quod
843 4663 945 4736 ita
998 4664 1308 4758 graviter
1354 4666 1786 4757 inculcatur,
1852 4675 1935 4743 ut
1998 4668 2241 4760 plures
2289 4685 2527 4742 rerum
2575 4666 2955 4739 moralium
3003 4670 3308 4737 tracta-
