<?xml version="1.0" encoding="UTF-8"?>
<!DOCTYPE html PUBLIC "-//W3C//DTD XHTML 1.0 Transitional//EN"
    "http://www.w3.org/TR/xhtml1/DTD/xhtml1-transitional.dtd">
<html xmlns="http://www.w3.org/1999/xhtml" xml:lang="en" lang="en">
 <head>
  <title>
</title>
<meta http-equiv="Content-Type" content="text/html;charset=utf-8" />
  <meta name='ocr-system' content='tesseract 3.04.00' />
  <meta name='ocr-capabilities' content='ocr_page ocr_carea ocr_par ocr_line ocrx_word'/>
</head>
<body>
  <div class='ocr_page' id='page_1' title='image "./devisitationesa00popegoog_0109.png"; bbox 0 0 3497 5235; ppageno 0'>
   <div class='ocr_carea' id='block_1_1' title="bbox 907 293 2914 409">
    <p class='ocr_par' dir='ltr' id='par_1_1' title="bbox 907 293 2914 409">
     <span class='ocr_line' id='line_1_1' title="bbox 907 293 2914 409; baseline 0 -16"><span class='ocrx_word' id='word_1_1' title='bbox 907 335 1026 409; x_wconf 65' lang='grc' dir='ltr'>οη.</span> <span class='ocrx_word' id='word_1_2' title='bbox 1052 335 1094 392; x_wconf 78' lang='lat'>1.</span> <span class='ocrx_word' id='word_1_3' title='bbox 1137 335 1208 393; x_wconf 76' lang='lat' dir='ltr'>n·</span> <span class='ocrx_word' id='word_1_4' title='bbox 1248 335 1398 393; x_wconf 60' lang='lat' dir='ltr'>statu</span> <span class='ocrx_word' id='word_1_5' title='bbox 1437 332 1697 393; x_wconf 60' lang='lat' dir='ltr'>muenia·</span> <span class='ocrx_word' id='word_1_6' title='bbox 1737 334 2014 392; x_wconf 64' lang='lat' dir='ltr'>maten-isli.</span> <span class='ocrx_word' id='word_1_7' title='bbox 2056 335 2110 408; x_wconf 70' lang='lat' dir='ltr'>g.</span> <span class='ocrx_word' id='word_1_8' title='bbox 2137 335 2257 392; x_wconf 70' lang='grc'><strong>4-7.</strong></span> <span class='ocrx_word' id='word_1_9' title='bbox 2629 293 2649 310; x_wconf 72' lang='grc'><em>’</em></span> <span class='ocrx_word' id='word_1_10' title='bbox 2839 334 2914 398; x_wconf 84' lang='lat'>81</span> 
     </span>
    </p>
   </div>
   <div class='ocr_carea' id='block_1_2' title="bbox 241 464 2932 3795">
    <p class='ocr_par' dir='ltr' id='par_1_2' title="bbox 241 464 2928 2998">
     <span class='ocr_line' id='line_1_2' title="bbox 243 464 2920 558; baseline 0 -19"><span class='ocrx_word' id='word_1_11' title='bbox 243 467 364 539; x_wconf 90' lang='lat' dir='ltr'>uni</span> <span class='ocrx_word' id='word_1_12' title='bbox 414 486 501 539; x_wconf 79' lang='lat' dir='ltr'>ex</span> <span class='ocrx_word' id='word_1_13' title='bbox 557 468 635 540; x_wconf 89' lang='lat' dir='ltr'>S.</span> <span class='ocrx_word' id='word_1_14' title='bbox 680 465 758 539; x_wconf 88' lang='lat' dir='ltr'>C.</span> <span class='ocrx_word' id='word_1_15' title='bbox 818 464 1388 554; x_wconf 76' lang='lat' dir='ltr'>ConsultoribuS,</span> <span class='ocrx_word' id='word_1_16' title='bbox 1452 466 1726 556; x_wconf 85' lang='lat' dir='ltr'>Aloysio</span> <span class='ocrx_word' id='word_1_17' title='bbox 1788 485 2044 557; x_wconf 82' lang='lat' dir='ltr'>nempe</span> <span class='ocrx_word' id='word_1_18' title='bbox 2107 465 2411 555; x_wconf 85' lang='lat' dir='ltr'>Ferrari,</span> <span class='ocrx_word' id='word_1_19' title='bbox 2468 468 2920 558; x_wconf 88' lang='lat' dir='ltr'>postmodum</span> 
     </span>
     <span class='ocr_line' id='line_1_3' title="bbox 243 574 2911 671; baseline -0.001 -22"><span class='ocrx_word' id='word_1_20' title='bbox 243 579 816 671; x_wconf 71' lang='lat' dir='ltr'>Apostolicarum</span> <span class='ocrx_word' id='word_1_21' title='bbox 874 578 1480 651; x_wconf 87' lang='lat' dir='ltr'>caeremoniarum</span> <span class='ocrx_word' id='word_1_22' title='bbox 1550 575 1944 665; x_wconf 72' lang='lat' dir='ltr'>Praesente,</span> <span class='ocrx_word' id='word_1_23' title='bbox 2019 584 2091 649; x_wconf 92' lang='lat' dir='ltr'>et</span> <span class='ocrx_word' id='word_1_24' title='bbox 2157 578 2231 650; x_wconf 89' lang='lat' dir='ltr'>S.</span> <span class='ocrx_word' id='word_1_25' title='bbox 2288 574 2362 648; x_wconf 90' lang='lat' dir='ltr'>C.</span> <span class='ocrx_word' id='word_1_26' title='bbox 2419 574 2597 670; x_wconf 86' lang='lat' dir='ltr'>Neg.</span> <span class='ocrx_word' id='word_1_27' title='bbox 2657 579 2911 652; x_wconf 77' lang='lat' dir='ltr'>eccles,</span> 
     </span>
     <span class='ocr_line' id='line_1_4' title="bbox 245 689 2925 783; baseline -0.001 -18"><span class='ocrx_word' id='word_1_28' title='bbox 245 692 600 766; x_wconf 79' lang='lat' dir='ltr'>extraord.</span> <span class='ocrx_word' id='word_1_29' title='bbox 645 690 1102 783; x_wconf 83' lang='lat' dir='ltr'>praepositae</span> <span class='ocrx_word' id='word_1_30' title='bbox 1139 689 1699 777; x_wconf 77' lang='lat' dir='ltr'>SubsecretariO,</span> <span class='ocrx_word' id='word_1_31' title='bbox 1744 689 1894 760; x_wconf 91' lang='lat' dir='ltr'>viro</span> <span class='ocrx_word' id='word_1_32' title='bbox 1930 690 2310 780; x_wconf 81' lang='lat' dir='ltr'>omnigena</span> <span class='ocrx_word' id='word_1_33' title='bbox 2347 689 2671 762; x_wconf 91' lang='lat' dir='ltr'>doctrina</span> <span class='ocrx_word' id='word_1_34' title='bbox 2716 709 2925 781; x_wconf 91' lang='lat' dir='ltr'>prae-</span> 
     </span>
     <span class='ocr_line' id='line_1_5' title="bbox 243 799 2925 893; baseline -0.002 -15"><span class='ocrx_word' id='word_1_35' title='bbox 243 806 411 893; x_wconf 81' lang='lat' dir='ltr'>dite,</span> <span class='ocrx_word' id='word_1_36' title='bbox 468 810 543 877; x_wconf 90' lang='lat' dir='ltr'>et</span> <span class='ocrx_word' id='word_1_37' title='bbox 600 823 843 876; x_wconf 91' lang='lat' dir='ltr'>rerum</span> <span class='ocrx_word' id='word_1_38' title='bbox 896 802 1536 875; x_wconf 87' lang='lat' dir='ltr'>ecclesiasticarum</span> <span class='ocrx_word' id='word_1_39' title='bbox 1589 820 1725 872; x_wconf 90' lang='lat' dir='ltr'>usu</span> <span class='ocrx_word' id='word_1_40' title='bbox 1776 801 2232 893; x_wconf 89' lang='lat' dir='ltr'>peritissimo.</span> <span class='ocrx_word' id='word_1_41' title='bbox 2273 799 2446 873; x_wconf 90' lang='lat' dir='ltr'>Cum</span> <span class='ocrx_word' id='word_1_42' title='bbox 2494 803 2735 892; x_wconf 88' lang='lat' dir='ltr'>itaque</span> <span class='ocrx_word' id='word_1_43' title='bbox 2772 803 2925 874; x_wconf 77' lang='lat' dir='ltr'>elu-</span> 
     </span>
     <span class='ocr_line' id='line_1_6' title="bbox 242 912 2925 1006; baseline -0.001 -18"><span class='ocrx_word' id='word_1_44' title='bbox 242 915 834 988; x_wconf 87' lang='lat' dir='ltr'>cubratissimum</span> <span class='ocrx_word' id='word_1_45' title='bbox 872 916 1023 1005; x_wconf 91' lang='lat' dir='ltr'>ipse</span> <span class='ocrx_word' id='word_1_46' title='bbox 1074 921 1146 986; x_wconf 89' lang='lat' dir='ltr'>et</span> <span class='ocrx_word' id='word_1_47' title='bbox 1196 913 1805 985; x_wconf 89' lang='lat' dir='ltr'>consultissimum</span> <span class='ocrx_word' id='word_1_48' title='bbox 1862 919 2100 984; x_wconf 92' lang='lat' dir='ltr'>votum</span> <span class='ocrx_word' id='word_1_49' title='bbox 2153 912 2620 1001; x_wconf 82' lang='lat' dir='ltr'>elaborasset,</span> <span class='ocrx_word' id='word_1_50' title='bbox 2678 915 2925 1006; x_wconf 84' lang='lat' dir='ltr'>singu-</span> 
     </span>
     <span class='ocr_line' id='line_1_7' title="bbox 241 1025 2921 1119; baseline 0 -20"><span class='ocrx_word' id='word_1_51' title='bbox 241 1027 471 1117; x_wconf 88' lang='lat' dir='ltr'>lisque</span> <span class='ocrx_word' id='word_1_52' title='bbox 525 1027 773 1100; x_wconf 89' lang='lat' dir='ltr'>dubiis</span> <span class='ocrx_word' id='word_1_53' title='bbox 824 1027 1000 1117; x_wconf 90' lang='lat' dir='ltr'>quid</span> <span class='ocrx_word' id='word_1_54' title='bbox 1051 1025 1631 1119; x_wconf 90' lang='lat' dir='ltr'>respondendum</span> <span class='ocrx_word' id='word_1_55' title='bbox 1682 1025 1873 1097; x_wconf 90' lang='lat' dir='ltr'>idem</span> <span class='ocrx_word' id='word_1_56' title='bbox 1926 1031 2274 1114; x_wconf 83' lang='lat' dir='ltr'>censeret,</span> <span class='ocrx_word' id='word_1_57' title='bbox 2330 1028 2704 1117; x_wconf 89' lang='lat' dir='ltr'>perspicue</span> <span class='ocrx_word' id='word_1_58' title='bbox 2758 1047 2921 1119; x_wconf 92' lang='lat' dir='ltr'>pro-</span> 
     </span>
     <span class='ocr_line' id='line_1_8' title="bbox 241 1134 2921 1231; baseline 0 -21"><span class='ocrx_word' id='word_1_59' title='bbox 241 1141 630 1231; x_wconf 84' lang='lat' dir='ltr'>posuisset,</span> <span class='ocrx_word' id='word_1_60' title='bbox 668 1134 829 1208; x_wconf 72' lang='lat' dir='ltr'>Emi</span> <span class='ocrx_word' id='word_1_61' title='bbox 865 1135 1110 1210; x_wconf 91' lang='lat' dir='ltr'>Patres</span> <span class='ocrx_word' id='word_1_62' title='bbox 1146 1139 1219 1208; x_wconf 90' lang='lat' dir='ltr'>iu</span> <span class='ocrx_word' id='word_1_63' title='bbox 1257 1135 1577 1209; x_wconf 91' lang='lat' dir='ltr'>eiusdem</span> <span class='ocrx_word' id='word_1_64' title='bbox 1613 1136 2049 1210; x_wconf 90' lang='lat' dir='ltr'>sententiam</span> <span class='ocrx_word' id='word_1_65' title='bbox 2085 1138 2270 1209; x_wconf 90' lang='lat' dir='ltr'>circa</span> <span class='ocrx_word' id='word_1_66' title='bbox 2300 1139 2537 1209; x_wconf 88' lang='lat' dir='ltr'>omnia</span> <span class='ocrx_word' id='word_1_67' title='bbox 2575 1139 2645 1209; x_wconf 91' lang='lat' dir='ltr'>in</span> <span class='ocrx_word' id='word_1_68' title='bbox 2686 1139 2921 1230; x_wconf 90' lang='lat' dir='ltr'>plenis</span> 
     </span>
     <span class='ocr_line' id='line_1_9' title="bbox 244 1241 2920 1339; baseline 0 -17"><span class='ocrx_word' id='word_1_69' title='bbox 244 1251 549 1323; x_wconf 89' lang='lat' dir='ltr'>comitiis</span> <span class='ocrx_word' id='word_1_70' title='bbox 587 1250 732 1321; x_wconf 89' lang='lat' dir='ltr'>diei</span> <span class='ocrx_word' id='word_1_71' title='bbox 783 1251 857 1320; x_wconf 83' lang='lat'>9.</span> <span class='ocrx_word' id='word_1_72' title='bbox 901 1246 1080 1339; x_wconf 78' lang='lat' dir='ltr'>Aug.</span> <span class='ocrx_word' id='word_1_73' title='bbox 1127 1249 1341 1321; x_wconf 77' lang='lat'><strong>1844.</strong></span> <span class='ocrx_word' id='word_1_74' title='bbox 1381 1250 1660 1320; x_wconf 90' lang='lat' dir='ltr'>cunctis</span> <span class='ocrx_word' id='word_1_75' title='bbox 1695 1247 2052 1338; x_wconf 80' lang='lat' dir='ltr'>suffragiis</span> <span class='ocrx_word' id='word_1_76' title='bbox 2087 1241 2449 1336; x_wconf 78' lang='lat' dir='ltr'>abierunt,</span> <span class='ocrx_word' id='word_1_77' title='bbox 2494 1257 2569 1322; x_wconf 92' lang='lat' dir='ltr'>ut</span> <span class='ocrx_word' id='word_1_78' title='bbox 2604 1251 2920 1322; x_wconf 82' lang='lat' dir='ltr'>ostendit</span> 
     </span>
     <span class='ocr_line' id='line_1_10' title="bbox 245 1356 2920 1450; baseline -0.001 -15"><span class='ocrx_word' id='word_1_79' title='bbox 245 1363 507 1435; x_wconf 74' lang='lat' dir='ltr'>Aesina</span> <span class='ocrx_word' id='word_1_80' title='bbox 559 1378 781 1450; x_wconf 90' lang='lat' dir='ltr'>super</span> <span class='ocrx_word' id='word_1_81' title='bbox 830 1359 1172 1433; x_wconf 76' lang='lat' dir='ltr'>facultate</span> <span class='ocrx_word' id='word_1_82' title='bbox 1211 1358 1551 1432; x_wconf 90' lang='lat' dir='ltr'>testandi.</span> <span class='ocrx_word' id='word_1_83' title='bbox 1610 1356 1684 1430; x_wconf 93' lang='lat' dir='ltr'>S.</span> <span class='ocrx_word' id='word_1_84' title='bbox 1725 1357 2308 1450; x_wconf 81' lang='lat' dir='ltr'>Congregationis</span> <span class='ocrx_word' id='word_1_85' title='bbox 2359 1361 2788 1432; x_wconf 87' lang='lat' dir='ltr'>resolutione</span> <span class='ocrx_word' id='word_1_86' title='bbox 2827 1362 2920 1434; x_wconf 91' lang='lat' dir='ltr'>ad</span> 
     </span>
     <span class='ocr_line' id='line_1_11' title="bbox 246 1468 2923 1563; baseline 0 -19"><span class='ocrx_word' id='word_1_87' title='bbox 246 1472 697 1545; x_wconf 88' lang='lat' dir='ltr'>audientiam</span> <span class='ocrx_word' id='word_1_88' title='bbox 747 1490 808 1542; x_wconf 79' lang='lat' dir='ltr'>S.</span> <span class='ocrx_word' id='word_1_89' title='bbox 866 1490 963 1541; x_wconf 94' lang='lat' dir='ltr'>m.</span> <span class='ocrx_word' id='word_1_90' title='bbox 1018 1468 1226 1563; x_wconf 85' lang='lat' dir='ltr'>Greg.</span> <span class='ocrx_word' id='word_1_91' title='bbox 1283 1468 1475 1541; x_wconf 86' lang='lat' dir='ltr'>XVI.</span> <span class='ocrx_word' id='word_1_92' title='bbox 1535 1489 1621 1543; x_wconf 82' lang='lat' dir='ltr'>ex</span> <span class='ocrx_word' id='word_1_93' title='bbox 1677 1489 1870 1543; x_wconf 91' lang='lat' dir='ltr'>more</span> <span class='ocrx_word' id='word_1_94' title='bbox 1923 1471 2204 1560; x_wconf 91' lang='lat' dir='ltr'>delata,</span> <span class='ocrx_word' id='word_1_95' title='bbox 2263 1491 2379 1544; x_wconf 86' lang='lat' dir='ltr'>res</span> <span class='ocrx_word' id='word_1_96' title='bbox 2440 1473 2514 1543; x_wconf 90' lang='lat' dir='ltr'>in</span> <span class='ocrx_word' id='word_1_97' title='bbox 2577 1490 2923 1562; x_wconf 90' lang='lat' dir='ltr'>suspenso</span> 
     </span>
     <span class='ocr_line' id='line_1_12' title="bbox 248 1580 2925 1675; baseline 0.001 -21"><span class='ocrx_word' id='word_1_98' title='bbox 248 1584 486 1673; x_wconf 90' lang='lat' dir='ltr'>aliquo</span> <span class='ocrx_word' id='word_1_99' title='bbox 525 1589 847 1673; x_wconf 90' lang='lat' dir='ltr'>tempore</span> <span class='ocrx_word' id='word_1_100' title='bbox 882 1585 1171 1670; x_wconf 90' lang='lat' dir='ltr'>mansit,</span> <span class='ocrx_word' id='word_1_101' title='bbox 1213 1581 1441 1655; x_wconf 92' lang='lat' dir='ltr'>donec</span> <span class='ocrx_word' id='word_1_102' title='bbox 1475 1580 1801 1654; x_wconf 79' lang='lat' dir='ltr'>Pontifex</span> <span class='ocrx_word' id='word_1_103' title='bbox 1837 1584 1955 1655; x_wconf 87' lang='lat' dir='ltr'>ille</span> <span class='ocrx_word' id='word_1_104' title='bbox 1994 1585 2261 1655; x_wconf 90' lang='lat' dir='ltr'>meritis</span> <span class='ocrx_word' id='word_1_105' title='bbox 2297 1585 2653 1673; x_wconf 90' lang='lat' dir='ltr'>annisque</span> <span class='ocrx_word' id='word_1_106' title='bbox 2693 1586 2925 1675; x_wconf 85' lang='lat' dir='ltr'>gravis</span> 
     </span>
     <span class='ocr_line' id='line_1_13' title="bbox 248 1694 2923 1786; baseline 0.001 -21"><span class='ocrx_word' id='word_1_107' title='bbox 248 1696 430 1766; x_wconf 84' lang='lat' dir='ltr'>viam</span> <span class='ocrx_word' id='word_1_108' title='bbox 492 1695 873 1766; x_wconf 91' lang='lat' dir='ltr'>universae</span> <span class='ocrx_word' id='word_1_109' title='bbox 936 1696 1171 1766; x_wconf 91' lang='lat' dir='ltr'>carnis</span> <span class='ocrx_word' id='word_1_110' title='bbox 1232 1695 1595 1786; x_wconf 82' lang='lat' dir='ltr'>ingressus</span> <span class='ocrx_word' id='word_1_111' title='bbox 1644 1701 1780 1766; x_wconf 91' lang='lat' dir='ltr'>est.</span> <span class='ocrx_word' id='word_1_112' title='bbox 1845 1694 1943 1767; x_wconf 85' lang='lat' dir='ltr'>Ad</span> <span class='ocrx_word' id='word_1_113' title='bbox 1996 1715 2352 1767; x_wconf 89' lang='lat' dir='ltr'>summum</span> <span class='ocrx_word' id='word_1_114' title='bbox 2422 1694 2923 1769; x_wconf 85' lang='lat' dir='ltr'>Pontificatum</span> 
     </span>
     <span class='ocr_line' id='line_1_14' title="bbox 250 1802 2924 1897; baseline 0 -19"><span class='ocrx_word' id='word_1_115' title='bbox 250 1814 536 1879; x_wconf 84' lang='lat' dir='ltr'>evectus</span> <span class='ocrx_word' id='word_1_116' title='bbox 587 1826 649 1877; x_wconf 93' lang='lat' dir='ltr'>s.</span> <span class='ocrx_word' id='word_1_117' title='bbox 693 1827 791 1877; x_wconf 88' lang='lat' dir='ltr'>m.</span> <span class='ocrx_word' id='word_1_118' title='bbox 845 1803 1014 1878; x_wconf 91' lang='lat' dir='ltr'>Pius</span> <span class='ocrx_word' id='word_1_119' title='bbox 1062 1803 1197 1877; x_wconf 92' lang='lat' dir='ltr'>PP.</span> <span class='ocrx_word' id='word_1_120' title='bbox 1238 1802 1402 1893; x_wconf 67' lang='lat' dir='ltr'>lx„</span> <span class='ocrx_word' id='word_1_121' title='bbox 1460 1805 1534 1876; x_wconf 92' lang='lat' dir='ltr'>S.</span> <span class='ocrx_word' id='word_1_122' title='bbox 1591 1804 2171 1897; x_wconf 74' lang='lat' dir='ltr'>congregationis</span> <span class='ocrx_word' id='word_1_123' title='bbox 2222 1808 2726 1880; x_wconf 90' lang='lat' dir='ltr'>resolutionem</span> <span class='ocrx_word' id='word_1_124' title='bbox 2780 1827 2924 1879; x_wconf 94' lang='lat' dir='ltr'>non</span> 
     </span>
     <span class='ocr_line' id='line_1_15' title="bbox 252 1914 2927 2008; baseline 0 -18"><span class='ocrx_word' id='word_1_125' title='bbox 252 1918 455 1990; x_wconf 91' lang='lat' dir='ltr'>modo</span> <span class='ocrx_word' id='word_1_126' title='bbox 512 1918 989 2005; x_wconf 89' lang='lat' dir='ltr'>confirmavit,</span> <span class='ocrx_word' id='word_1_127' title='bbox 1036 1919 1164 1990; x_wconf 90' lang='lat' dir='ltr'>sed</span> <span class='ocrx_word' id='word_1_128' title='bbox 1218 1920 1435 1990; x_wconf 90' lang='lat' dir='ltr'>etiam</span> <span class='ocrx_word' id='word_1_129' title='bbox 1485 1937 1653 1990; x_wconf 91' lang='lat' dir='ltr'>suas</span> <span class='ocrx_word' id='word_1_130' title='bbox 1705 1914 2146 2008; x_wconf 80' lang='lat' dir='ltr'>Apostolicas</span> <span class='ocrx_word' id='word_1_131' title='bbox 2196 1916 2474 1991; x_wconf 86' lang='lat' dir='ltr'>Literas</span> <span class='ocrx_word' id='word_1_132' title='bbox 2524 1920 2639 1992; x_wconf 91' lang='lat' dir='ltr'>die</span> <span class='ocrx_word' id='word_1_133' title='bbox 2697 1921 2762 1990; x_wconf 88' lang='lat'>1.</span> <span class='ocrx_word' id='word_1_134' title='bbox 2805 1916 2927 1990; x_wconf 91' lang='lat' dir='ltr'>Iu-</span> 
     </span>
     <span class='ocr_line' id='line_1_16' title="bbox 253 2029 2925 2121; baseline 0 -20"><span class='ocrx_word' id='word_1_135' title='bbox 253 2030 349 2101; x_wconf 88' lang='lat' dir='ltr'>nii</span> <span class='ocrx_word' id='word_1_136' title='bbox 405 2029 629 2100; x_wconf 72' lang='lat'><strong>1847.</strong></span> <span class='ocrx_word' id='word_1_137' title='bbox 690 2030 1031 2120; x_wconf 89' lang='lat' dir='ltr'>incipien.</span> <span class='ocrx_word' id='word_1_138' title='bbox 1100 2029 1329 2114; x_wconf 79' lang='lat' dir='ltr'>Quum</span> <span class='ocrx_word' id='word_1_139' title='bbox 1380 2030 1563 2101; x_wconf 82' lang='lat' dir='ltr'>illud</span> <span class='ocrx_word' id='word_1_140' title='bbox 1614 2029 1839 2118; x_wconf 87' lang='lat' dir='ltr'>dedit,</span> <span class='ocrx_word' id='word_1_141' title='bbox 1907 2030 2172 2119; x_wconf 90' lang='lat' dir='ltr'>quibus</span> <span class='ocrx_word' id='word_1_142' title='bbox 2222 2050 2350 2118; x_wconf 90' lang='lat' dir='ltr'>ea,</span> <span class='ocrx_word' id='word_1_143' title='bbox 2416 2050 2602 2121; x_wconf 88' lang='lat' dir='ltr'>quae</span> <span class='ocrx_word' id='word_1_144' title='bbox 2654 2031 2925 2104; x_wconf 88' lang='lat' dir='ltr'>ibidem</span> 
     </span>
     <span class='ocr_line' id='line_1_17' title="bbox 254 2141 2922 2236; baseline 0 -21"><span class='ocrx_word' id='word_1_145' title='bbox 254 2144 619 2236; x_wconf 83' lang='lat' dir='ltr'>leguntur,</span> <span class='ocrx_word' id='word_1_146' title='bbox 675 2143 943 2215; x_wconf 76' lang='lat' dir='ltr'>directe</span> <span class='ocrx_word' id='word_1_147' title='bbox 994 2162 1122 2215; x_wconf 93' lang='lat' dir='ltr'>suo</span> <span class='ocrx_word' id='word_1_148' title='bbox 1174 2142 1639 2214; x_wconf 90' lang='lat' dir='ltr'>communivit</span> <span class='ocrx_word' id='word_1_149' title='bbox 1688 2143 2001 2229; x_wconf 89' lang='lat' dir='ltr'>oraculo,</span> <span class='ocrx_word' id='word_1_150' title='bbox 2042 2144 2315 2232; x_wconf 91' lang='lat' dir='ltr'>totique</span> <span class='ocrx_word' id='word_1_151' title='bbox 2369 2143 2715 2215; x_wconf 89' lang='lat' dir='ltr'>catholico</span> <span class='ocrx_word' id='word_1_152' title='bbox 2769 2141 2922 2215; x_wconf 91' lang='lat' dir='ltr'>orbi</span> 
     </span>
     <span class='ocr_line' id='line_1_18' title="bbox 256 2245 2926 2344; baseline 0 -18"><span class='ocrx_word' id='word_1_153' title='bbox 256 2254 605 2327; x_wconf 83' lang='lat' dir='ltr'>servanda</span> <span class='ocrx_word' id='word_1_154' title='bbox 657 2253 1163 2344; x_wconf 83' lang='lat' dir='ltr'>promulgavit.</span> <span class='ocrx_word' id='word_1_155' title='bbox 1204 2251 1433 2327; x_wconf 86' lang='lat' dir='ltr'>Hasce</span> <span class='ocrx_word' id='word_1_156' title='bbox 1473 2253 1911 2344; x_wconf 85' lang='lat' dir='ltr'>Apostolicas</span> <span class='ocrx_word' id='word_1_157' title='bbox 1963 2251 2240 2326; x_wconf 89' lang='lat' dir='ltr'>Literas</span> <span class='ocrx_word' id='word_1_158' title='bbox 2292 2255 2626 2328; x_wconf 89' lang='lat' dir='ltr'>dabimus</span> <span class='ocrx_word' id='word_1_159' title='bbox 2676 2257 2751 2328; x_wconf 95' lang='lat' dir='ltr'>in</span> <span class='ocrx_word' id='word_1_160' title='bbox 2804 2245 2926 2327; x_wconf 82' lang='lat' dir='ltr'>v‘o-</span> 
     </span>
     <span class='ocr_line' id='line_1_19' title="bbox 258 2362 2927 2456; baseline 0 -18"><span class='ocrx_word' id='word_1_161' title='bbox 258 2366 525 2438; x_wconf 91' lang='lat' dir='ltr'>lumine</span> <span class='ocrx_word' id='word_1_162' title='bbox 559 2362 700 2436; x_wconf 91' lang='lat'>111.</span> <span class='ocrx_word' id='word_1_163' title='bbox 749 2364 885 2436; x_wconf 89' lang='lat' dir='ltr'>sub</span> <span class='ocrx_word' id='word_1_164' title='bbox 939 2384 1140 2436; x_wconf 89' lang='lat' dir='ltr'>num.</span> <span class='ocrx_word' id='word_1_165' title='bbox 1183 2367 1289 2452; x_wconf 87' lang='grc'>6.;</span> <span class='ocrx_word' id='word_1_166' title='bbox 1347 2384 1489 2455; x_wconf 88' lang='lat' dir='ltr'>qua</span> <span class='ocrx_word' id='word_1_167' title='bbox 1543 2364 1631 2436; x_wconf 90' lang='lat' dir='ltr'>de</span> <span class='ocrx_word' id='word_1_168' title='bbox 1684 2383 1761 2438; x_wconf 90' lang='lat' dir='ltr'>re</span> <span class='ocrx_word' id='word_1_169' title='bbox 1813 2384 1896 2437; x_wconf 90' lang='lat' dir='ltr'>eo</span> <span class='ocrx_word' id='word_1_170' title='bbox 1948 2366 2281 2437; x_wconf 90' lang='lat' dir='ltr'>lectorem</span> <span class='ocrx_word' id='word_1_171' title='bbox 2333 2367 2785 2456; x_wconf 80' lang='lat' dir='ltr'>remittimuS,</span> <span class='ocrx_word' id='word_1_172' title='bbox 2838 2385 2927 2440; x_wconf 92' lang='lat' dir='ltr'>ne</span> 
     </span>
     <span class='ocr_line' id='line_1_20' title="bbox 257 2475 2928 2570; baseline 0.001 -21"><span class='ocrx_word' id='word_1_173' title='bbox 257 2479 608 2570; x_wconf 86' lang='lat' dir='ltr'>longiores</span> <span class='ocrx_word' id='word_1_174' title='bbox 668 2478 788 2550; x_wconf 89' lang='lat' dir='ltr'>hic</span> <span class='ocrx_word' id='word_1_175' title='bbox 845 2478 1032 2550; x_wconf 89' lang='lat' dir='ltr'>ultra</span> <span class='ocrx_word' id='word_1_176' title='bbox 1084 2485 1405 2549; x_wconf 86' lang='lat' dir='ltr'>nostrum</span> <span class='ocrx_word' id='word_1_177' title='bbox 1475 2478 1887 2549; x_wconf 90' lang='lat' dir='ltr'>institutum</span> <span class='ocrx_word' id='word_1_178' title='bbox 1956 2477 2428 2550; x_wconf 83' lang='lat' dir='ltr'>inveniamur.</span> <span class='ocrx_word' id='word_1_179' title='bbox 2506 2475 2693 2550; x_wconf 90' lang='lat' dir='ltr'>Illud</span> <span class='ocrx_word' id='word_1_180' title='bbox 2762 2497 2928 2551; x_wconf 90' lang='lat' dir='ltr'>vero</span> 
     </span>
     <span class='ocr_line' id='line_1_21' title="bbox 263 2587 2928 2684; baseline 0.002 -23"><span class='ocrx_word' id='word_1_181' title='bbox 263 2589 922 2678; x_wconf 86' lang='lat' dir='ltr'>animadvertimus,</span> <span class='ocrx_word' id='word_1_182' title='bbox 962 2607 1045 2662; x_wconf 91' lang='lat' dir='ltr'>ea</span> <span class='ocrx_word' id='word_1_183' title='bbox 1082 2587 1450 2661; x_wconf 85' lang='lat' dir='ltr'>Pontificia</span> <span class='ocrx_word' id='word_1_184' title='bbox 1502 2590 2060 2682; x_wconf 89' lang='lat' dir='ltr'>praescriptione</span> <span class='ocrx_word' id='word_1_185' title='bbox 2113 2595 2522 2682; x_wconf 91' lang='lat' dir='ltr'>amputatas</span> <span class='ocrx_word' id='word_1_186' title='bbox 2582 2600 2928 2684; x_wconf 89' lang='lat' dir='ltr'>perpetuo</span> 
     </span>
     <span class='ocr_line' id='line_1_22' title="bbox 262 2701 2928 2794; baseline 0.001 -20"><span class='ocrx_word' id='word_1_187' title='bbox 262 2702 470 2776; x_wconf 84' lang='lat' dir='ltr'>inisse</span> <span class='ocrx_word' id='word_1_188' title='bbox 521 2705 1084 2791; x_wconf 81' lang='lat' dir='ltr'>controversiaS,</span> <span class='ocrx_word' id='word_1_189' title='bbox 1149 2722 1332 2792; x_wconf 89' lang='lat' dir='ltr'>quae</span> <span class='ocrx_word' id='word_1_190' title='bbox 1393 2703 1575 2774; x_wconf 84' lang='lat' dir='ltr'>inter</span> <span class='ocrx_word' id='word_1_191' title='bbox 1627 2701 1952 2775; x_wconf 87' lang='lat' dir='ltr'>doctores</span> <span class='ocrx_word' id='word_1_192' title='bbox 2003 2705 2570 2790; x_wconf 85' lang='lat' dir='ltr'>ventilabantur,</span> <span class='ocrx_word' id='word_1_193' title='bbox 2636 2723 2928 2794; x_wconf 88' lang='lat' dir='ltr'>unaque</span> 
     </span>
     <span class='ocr_line' id='line_1_23' title="bbox 273 2812 2928 2905; baseline 0.002 -22"><span class='ocrx_word' id='word_1_194' title='bbox 273 2812 661 2905; x_wconf 75' lang='lat' dir='ltr'>Apostolica</span> <span class='ocrx_word' id='word_1_195' title='bbox 694 2816 1066 2887; x_wconf 89' lang='lat' dir='ltr'>sanctione</span> <span class='ocrx_word' id='word_1_196' title='bbox 1093 2816 1551 2888; x_wconf 84' lang='lat' dir='ltr'>confirmatas</span> <span class='ocrx_word' id='word_1_197' title='bbox 1578 2816 1823 2905; x_wconf 87' lang='lat' dir='ltr'>plures</span> <span class='ocrx_word' id='word_1_198' title='bbox 1856 2813 1931 2885; x_wconf 90' lang='lat' dir='ltr'>S.</span> <span class='ocrx_word' id='word_1_199' title='bbox 1957 2812 2125 2886; x_wconf 86' lang='lat' dir='ltr'>C.C.</span> <span class='ocrx_word' id='word_1_200' title='bbox 2159 2816 2705 2904; x_wconf 85' lang='lat' dir='ltr'>declarationes,</span> <span class='ocrx_word' id='word_1_201' title='bbox 2741 2834 2928 2905; x_wconf 89' lang='lat' dir='ltr'>quae</span> 
     </span>
     <span class='ocr_line' id='line_1_24' title="bbox 272 2926 1219 2998; baseline 0 -2"><span class='ocrx_word' id='word_1_202' title='bbox 272 2926 566 2997; x_wconf 84' lang='lat' dir='ltr'>antehac</span> <span class='ocrx_word' id='word_1_203' title='bbox 616 2927 855 2998; x_wconf 89' lang='lat' dir='ltr'>editae</span> <span class='ocrx_word' id='word_1_204' title='bbox 907 2927 1219 2998; x_wconf 82' lang='lat' dir='ltr'>fuerant.</span> 
     </span>
    </p>

    <p class='ocr_par' dir='ltr' id='par_1_3' title="bbox 272 3034 2932 3795">
     <span class='ocr_line' id='line_1_25' title="bbox 406 3034 2923 3129; baseline 0.001 -22"><span class='ocrx_word' id='word_1_205' title='bbox 406 3038 526 3107; x_wconf 88' lang='grc'>65.</span> <span class='ocrx_word' id='word_1_206' title='bbox 567 3035 798 3109; x_wconf 90' lang='lat' dir='ltr'>Penes</span> <span class='ocrx_word' id='word_1_207' title='bbox 850 3037 923 3108; x_wconf 90' lang='lat' dir='ltr'>S.</span> <span class='ocrx_word' id='word_1_208' title='bbox 961 3035 1036 3110; x_wconf 88' lang='lat' dir='ltr'>C.</span> <span class='ocrx_word' id='word_1_209' title='bbox 1079 3035 1317 3128; x_wconf 86' lang='lat' dir='ltr'>Episc.</span> <span class='ocrx_word' id='word_1_210' title='bbox 1360 3043 1431 3109; x_wconf 92' lang='lat' dir='ltr'>et</span> <span class='ocrx_word' id='word_1_211' title='bbox 1483 3034 1777 3129; x_wconf 82' lang='lat' dir='ltr'>Regul.,</span> <span class='ocrx_word' id='word_1_212' title='bbox 1844 3044 2229 3128; x_wconf 89' lang='lat' dir='ltr'>postquam</span> <span class='ocrx_word' id='word_1_213' title='bbox 2287 3055 2413 3109; x_wconf 91' lang='lat' dir='ltr'>eae</span> <span class='ocrx_word' id='word_1_214' title='bbox 2481 3038 2923 3128; x_wconf 81' lang='lat' dir='ltr'>Apostolicae</span> 
     </span>
     <span class='ocr_line' id='line_1_26' title="bbox 272 3142 2931 3241; baseline 0.002 -25"><span class='ocrx_word' id='word_1_215' title='bbox 272 3142 537 3219; x_wconf 89' lang='lat' dir='ltr'>Literae</span> <span class='ocrx_word' id='word_1_216' title='bbox 587 3148 1035 3238; x_wconf 89' lang='lat' dir='ltr'>prodierunt,</span> <span class='ocrx_word' id='word_1_217' title='bbox 1078 3167 1290 3221; x_wconf 90' lang='lat' dir='ltr'>causa</span> <span class='ocrx_word' id='word_1_218' title='bbox 1346 3149 1706 3239; x_wconf 87' lang='lat' dir='ltr'>quaedam</span> <span class='ocrx_word' id='word_1_219' title='bbox 1761 3151 2027 3241; x_wconf 86' lang='lat' dir='ltr'>agitata</span> <span class='ocrx_word' id='word_1_220' title='bbox 2083 3156 2219 3237; x_wconf 91' lang='lat' dir='ltr'>est,</span> <span class='ocrx_word' id='word_1_221' title='bbox 2263 3169 2481 3239; x_wconf 90' lang='lat' dir='ltr'>quam</span> <span class='ocrx_word' id='word_1_222' title='bbox 2534 3168 2742 3220; x_wconf 90' lang='lat' dir='ltr'>nosse</span> <span class='ocrx_word' id='word_1_223' title='bbox 2788 3150 2931 3221; x_wconf 79' lang='lat' dir='ltr'>for-</span> 
     </span>
     <span class='ocr_line' id='line_1_27' title="bbox 275 3257 2926 3351; baseline 0.002 -24"><span class='ocrx_word' id='word_1_224' title='bbox 275 3263 450 3329; x_wconf 86' lang='lat' dir='ltr'>tasse</span> <span class='ocrx_word' id='word_1_225' title='bbox 502 3277 716 3350; x_wconf 80' lang='lat' dir='ltr'>grave</span> <span class='ocrx_word' id='word_1_226' title='bbox 751 3278 897 3331; x_wconf 90' lang='lat' dir='ltr'>non</span> <span class='ocrx_word' id='word_1_227' title='bbox 933 3260 1095 3331; x_wconf 86' lang='lat' dir='ltr'>erit.</span> <span class='ocrx_word' id='word_1_228' title='bbox 1137 3257 1487 3351; x_wconf 88' lang='lat' dir='ltr'>Episcopo</span> <span class='ocrx_word' id='word_1_229' title='bbox 1525 3258 1910 3332; x_wconf 88' lang='lat' dir='ltr'>Feretrano</span> <span class='ocrx_word' id='word_1_230' title='bbox 1946 3261 2344 3348; x_wconf 91' lang='lat' dir='ltr'>demortuo,</span> <span class='ocrx_word' id='word_1_231' title='bbox 2387 3262 2542 3332; x_wconf 91' lang='lat' dir='ltr'>eius</span> <span class='ocrx_word' id='word_1_232' title='bbox 2576 3260 2926 3333; x_wconf 89' lang='lat' dir='ltr'>haeredes</span> 
     </span>
     <span class='ocr_line' id='line_1_28' title="bbox 279 3368 2929 3465; baseline 0.002 -27"><span class='ocrx_word' id='word_1_233' title='bbox 279 3373 341 3438; x_wconf 84' lang='lat' dir='ltr'>et</span> <span class='ocrx_word' id='word_1_234' title='bbox 386 3369 704 3441; x_wconf 87' lang='lat' dir='ltr'>canonici</span> <span class='ocrx_word' id='word_1_235' title='bbox 759 3370 1192 3443; x_wconf 87' lang='lat' dir='ltr'>cathedralis</span> <span class='ocrx_word' id='word_1_236' title='bbox 1236 3372 1569 3443; x_wconf 87' lang='lat' dir='ltr'>utensilia</span> <span class='ocrx_word' id='word_1_237' title='bbox 1607 3371 1698 3442; x_wconf 90' lang='lat' dir='ltr'>ab</span> <span class='ocrx_word' id='word_1_238' title='bbox 1734 3368 2086 3463; x_wconf 86' lang='lat' dir='ltr'>Episcopo</span> <span class='ocrx_word' id='word_1_239' title='bbox 2122 3372 2373 3445; x_wconf 91' lang='lat' dir='ltr'>relicta</span> <span class='ocrx_word' id='word_1_240' title='bbox 2409 3373 2704 3465; x_wconf 85' lang='lat' dir='ltr'>pacifice</span> <span class='ocrx_word' id='word_1_241' title='bbox 2744 3375 2929 3444; x_wconf 90' lang='lat' dir='ltr'>inter</span> 
     </span>
     <span class='ocr_line' id='line_1_29' title="bbox 280 3480 2930 3575; baseline 0.003 -27"><span class='ocrx_word' id='word_1_242' title='bbox 280 3497 351 3551; x_wconf 86' lang='lat' dir='ltr'>se</span> <span class='ocrx_word' id='word_1_243' title='bbox 392 3480 961 3572; x_wconf 75' lang='lat' dir='ltr'>dispertiverunt,</span> <span class='ocrx_word' id='word_1_244' title='bbox 1020 3482 1265 3556; x_wconf 90' lang='lat' dir='ltr'>addita</span> <span class='ocrx_word' id='word_1_245' title='bbox 1322 3485 1680 3573; x_wconf 90' lang='lat' dir='ltr'>utrimque</span> <span class='ocrx_word' id='word_1_246' title='bbox 1733 3485 2095 3574; x_wconf 90' lang='lat' dir='ltr'>pactione,</span> <span class='ocrx_word' id='word_1_247' title='bbox 2138 3492 2242 3572; x_wconf 91' lang='lat' dir='ltr'>ut,</span> <span class='ocrx_word' id='word_1_248' title='bbox 2282 3484 2552 3575; x_wconf 88' lang='lat' dir='ltr'>siquid</span> <span class='ocrx_word' id='word_1_249' title='bbox 2607 3483 2930 3559; x_wconf 89' lang='lat' dir='ltr'>indebite</span> 
     </span>
     <span class='ocr_line' id='line_1_30' title="bbox 284 3590 2932 3687; baseline 0.002 -26"><span class='ocrx_word' id='word_1_250' title='bbox 284 3590 367 3661; x_wconf 89' lang='lat' dir='ltr'>ab</span> <span class='ocrx_word' id='word_1_251' title='bbox 410 3594 750 3669; x_wconf 80' lang='lat' dir='ltr'>alterutra</span> <span class='ocrx_word' id='word_1_252' title='bbox 805 3603 1007 3686; x_wconf 88' lang='lat' dir='ltr'>parte</span> <span class='ocrx_word' id='word_1_253' title='bbox 1061 3602 1428 3687; x_wconf 90' lang='lat' dir='ltr'>receptum</span> <span class='ocrx_word' id='word_1_254' title='bbox 1483 3594 1689 3685; x_wconf 79' lang='lat' dir='ltr'>foret,</span> <span class='ocrx_word' id='word_1_255' title='bbox 1747 3616 1824 3668; x_wconf 90' lang='lat' dir='ltr'>re</span> <span class='ocrx_word' id='word_1_256' title='bbox 1877 3597 2189 3687; x_wconf 82' lang='lat' dir='ltr'>cognita,</span> <span class='ocrx_word' id='word_1_257' title='bbox 2239 3597 2759 3667; x_wconf 89' lang='lat' dir='ltr'>restitueretur.</span> <span class='ocrx_word' id='word_1_258' title='bbox 2800 3592 2932 3665; x_wconf 94' lang='lat' dir='ltr'>Po-</span> 
     </span>
     <span class='ocr_line' id='line_1_31' title="bbox 283 3704 2928 3795; baseline 0.001 -22"><span class='ocrx_word' id='word_1_259' title='bbox 283 3709 420 3774; x_wconf 88' lang='lat' dir='ltr'>stea</span> <span class='ocrx_word' id='word_1_260' title='bbox 469 3724 630 3777; x_wconf 89' lang='lat' dir='ltr'>cum</span> <span class='ocrx_word' id='word_1_261' title='bbox 680 3707 1030 3779; x_wconf 86' lang='lat' dir='ltr'>haeredes</span> <span class='ocrx_word' id='word_1_262' title='bbox 1080 3708 1553 3795; x_wconf 85' lang='lat' dir='ltr'>rescivissent,</span> <span class='ocrx_word' id='word_1_263' title='bbox 1594 3725 1682 3778; x_wconf 81' lang='lat' dir='ltr'>ex</span> <span class='ocrx_word' id='word_1_264' title='bbox 1718 3705 1925 3779; x_wconf 90' lang='lat' dir='ltr'>Brevi</span> <span class='ocrx_word' id='word_1_265' title='bbox 1977 3704 2198 3778; x_wconf 87' lang='lat' dir='ltr'>Piano</span> <span class='ocrx_word' id='word_1_266' title='bbox 2234 3708 2585 3780; x_wconf 88' lang='lat' dir='ltr'>sancitum</span> <span class='ocrx_word' id='word_1_267' title='bbox 2623 3723 2806 3791; x_wconf 90' lang='lat' dir='ltr'>esse,</span> <span class='ocrx_word' id='word_1_268' title='bbox 2849 3711 2928 3776; x_wconf 91' lang='lat' dir='ltr'>ut</span> 
     </span>
    </p>
   </div>
   <div class='ocr_carea' id='block_1_3' title="bbox 282 3813 3041 3907">
    <p class='ocr_par' dir='ltr' id='par_1_4' title="bbox 282 3813 3041 3907">
     <span class='ocr_line' id='line_1_32' title="bbox 282 3813 3041 3907; baseline 0 -22"><span class='ocrx_word' id='word_1_269' title='bbox 282 3813 692 3891; x_wconf 86' lang='lat' dir='ltr'>haeredibus</span> <span class='ocrx_word' id='word_1_270' title='bbox 746 3817 1081 3891; x_wconf 89' lang='lat' dir='ltr'>cederent</span> <span class='ocrx_word' id='word_1_271' title='bbox 1131 3819 1494 3907; x_wconf 87' lang='lat' dir='ltr'>utensilia,</span> <span class='ocrx_word' id='word_1_272' title='bbox 1553 3837 1740 3907; x_wconf 92' lang='lat' dir='ltr'>quae</span> <span class='ocrx_word' id='word_1_273' title='bbox 1796 3837 1958 3891; x_wconf 94' lang='lat' dir='ltr'>cum</span> <span class='ocrx_word' id='word_1_274' title='bbox 2010 3819 2350 3891; x_wconf 90' lang='lat' dir='ltr'>ecclesiae</span> <span class='ocrx_word' id='word_1_275' title='bbox 2400 3818 2609 3889; x_wconf 90' lang='lat' dir='ltr'>bonis</span> <span class='ocrx_word' id='word_1_276' title='bbox 2661 3815 2929 3886; x_wconf 76' lang='lat' dir='ltr'>fuerint</span> <span class='ocrx_word' id='word_1_277' title='bbox 3034 3832 3041 3839; x_wconf 91' lang='lat'><strong>·</strong></span> 
     </span>
    </p>
   </div>
   <div class='ocr_carea' id='block_1_4' title="bbox 285 3926 2935 4354">
    <p class='ocr_par' dir='ltr' id='par_1_5' title="bbox 285 3926 2935 4354">
     <span class='ocr_line' id='line_1_33' title="bbox 288 3926 2933 4021; baseline -0.002 -22"><span class='ocrx_word' id='word_1_278' title='bbox 288 3930 550 4003; x_wconf 87' lang='lat' dir='ltr'>minime</span> <span class='ocrx_word' id='word_1_279' title='bbox 601 3936 1041 4021; x_wconf 89' lang='lat' dir='ltr'>comparata,</span> <span class='ocrx_word' id='word_1_280' title='bbox 1098 3932 1621 4002; x_wconf 90' lang='lat' dir='ltr'>restitutionem</span> <span class='ocrx_word' id='word_1_281' title='bbox 1675 3951 1716 4001; x_wconf 90' lang='lat' dir='ltr'>a</span> <span class='ocrx_word' id='word_1_282' title='bbox 1771 3930 2133 4001; x_wconf 90' lang='lat' dir='ltr'>canonicis</span> <span class='ocrx_word' id='word_1_283' title='bbox 2181 3930 2404 4000; x_wconf 91' lang='lat' dir='ltr'>amice</span> <span class='ocrx_word' id='word_1_284' title='bbox 2443 3928 2781 4019; x_wconf 89' lang='lat' dir='ltr'>primum,</span> <span class='ocrx_word' id='word_1_285' title='bbox 2824 3926 2933 3996; x_wconf 88' lang='lat' dir='ltr'>iu-</span> 
     </span>
     <span class='ocr_line' id='line_1_34' title="bbox 290 4037 2929 4132; baseline 0 -24"><span class='ocrx_word' id='word_1_286' title='bbox 290 4038 611 4114; x_wconf 88' lang='lat' dir='ltr'>dicialiter</span> <span class='ocrx_word' id='word_1_287' title='bbox 661 4042 926 4114; x_wconf 88' lang='lat' dir='ltr'>deinde</span> <span class='ocrx_word' id='word_1_288' title='bbox 979 4043 1412 4132; x_wconf 88' lang='lat' dir='ltr'>petiverunt.</span> <span class='ocrx_word' id='word_1_289' title='bbox 1477 4042 1562 4113; x_wconf 79' lang='lat' dir='ltr'>At</span> <span class='ocrx_word' id='word_1_290' title='bbox 1613 4041 1939 4113; x_wconf 90' lang='lat' dir='ltr'>canonici</span> <span class='ocrx_word' id='word_1_291' title='bbox 2002 4060 2132 4112; x_wconf 88' lang='lat' dir='ltr'>sua</span> <span class='ocrx_word' id='word_1_292' title='bbox 2194 4059 2338 4111; x_wconf 91' lang='lat' dir='ltr'>non</span> <span class='ocrx_word' id='word_1_293' title='bbox 2394 4041 2738 4111; x_wconf 88' lang='lat' dir='ltr'>interesse</span> <span class='ocrx_word' id='word_1_294' title='bbox 2789 4037 2929 4108; x_wconf 90' lang='lat' dir='ltr'>rati</span> 
     </span>
     <span class='ocr_line' id='line_1_35' title="bbox 289 4149 2935 4239; baseline 0.001 -21"><span class='ocrx_word' id='word_1_295' title='bbox 289 4149 356 4218; x_wconf 89' lang='lat' dir='ltr'>iu</span> <span class='ocrx_word' id='word_1_296' title='bbox 401 4151 649 4225; x_wconf 91' lang='lat' dir='ltr'>iudicio</span> <span class='ocrx_word' id='word_1_297' title='bbox 700 4160 926 4239; x_wconf 88' lang='lat' dir='ltr'>stare,</span> <span class='ocrx_word' id='word_1_298' title='bbox 982 4153 1504 4225; x_wconf 87' lang='lat' dir='ltr'>restitutionem</span> <span class='ocrx_word' id='word_1_299' title='bbox 1558 4153 1862 4224; x_wconf 88' lang='lat' dir='ltr'>ulterius</span> <span class='ocrx_word' id='word_1_300' title='bbox 1920 4171 2065 4223; x_wconf 91' lang='lat' dir='ltr'>non</span> <span class='ocrx_word' id='word_1_301' title='bbox 2118 4152 2635 4238; x_wconf 82' lang='lat' dir='ltr'>detrectarunt,</span> <span class='ocrx_word' id='word_1_302' title='bbox 2707 4167 2935 4221; x_wconf 89' lang='lat' dir='ltr'>reser-</span> 
     </span>
     <span class='ocr_line' id='line_1_36' title="bbox 285 4261 2934 4354; baseline 0.002 -28"><span class='ocrx_word' id='word_1_303' title='bbox 285 4267 430 4332; x_wconf 80' lang='lat' dir='ltr'>vato</span> <span class='ocrx_word' id='word_1_304' title='bbox 477 4269 717 4337; x_wconf 89' lang='lat' dir='ltr'>tamen</span> <span class='ocrx_word' id='word_1_305' title='bbox 767 4263 1222 4354; x_wconf 89' lang='lat' dir='ltr'>beneplacito</span> <span class='ocrx_word' id='word_1_306' title='bbox 1283 4263 1706 4354; x_wconf 81' lang='lat' dir='ltr'>Apostolico.</span> <span class='ocrx_word' id='word_1_307' title='bbox 1748 4264 2009 4337; x_wconf 89' lang='lat' dir='ltr'>Contra</span> <span class='ocrx_word' id='word_1_308' title='bbox 2045 4261 2390 4333; x_wconf 86' lang='lat' dir='ltr'>haeredes</span> <span class='ocrx_word' id='word_1_309' title='bbox 2425 4261 2735 4334; x_wconf 81' lang='lat' dir='ltr'>faciebat</span> <span class='ocrx_word' id='word_1_310' title='bbox 2777 4262 2934 4332; x_wconf 91' lang='lat' dir='ltr'>ani-</span> 
     </span>
    </p>
   </div>
   <div class='ocr_carea' id='block_1_5' title="bbox 153 4371 2934 4466">
    <p class='ocr_par' dir='ltr' id='par_1_6' title="bbox 153 4371 2934 4466">
     <span class='ocr_line' id='line_1_37' title="bbox 153 4371 2934 4466; baseline 0.002 -28"><span class='ocrx_word' id='word_1_311' title='bbox 153 4392 168 4409; x_wconf 92' lang='lat'><strong>·</strong></span> <span class='ocrx_word' id='word_1_312' title='bbox 293 4372 685 4463; x_wconf 87' lang='lat' dir='ltr'>madversio,</span> <span class='ocrx_word' id='word_1_313' title='bbox 743 4373 936 4464; x_wconf 91' lang='lat' dir='ltr'>quod</span> <span class='ocrx_word' id='word_1_314' title='bbox 987 4371 1386 4466; x_wconf 88' lang='lat' dir='ltr'>Episcopus</span> <span class='ocrx_word' id='word_1_315' title='bbox 1437 4376 1857 4448; x_wconf 89' lang='lat' dir='ltr'>demortuus</span> <span class='ocrx_word' id='word_1_316' title='bbox 1924 4375 2404 4446; x_wconf 89' lang='lat' dir='ltr'>inventarium</span> <span class='ocrx_word' id='word_1_317' title='bbox 2473 4374 2706 4447; x_wconf 78' lang='lat' dir='ltr'>facere</span> <span class='ocrx_word' id='word_1_318' title='bbox 2758 4374 2934 4446; x_wconf 91' lang='lat' dir='ltr'>omi-</span> 
     </span>
    </p>
   </div>
   <div class='ocr_carea' id='block_1_6' title="bbox 298 4480 2934 4804">
    <p class='ocr_par' dir='ltr' id='par_1_7' title="bbox 298 4480 2934 4804">
     <span class='ocr_line' id='line_1_38' title="bbox 298 4480 2933 4577; baseline 0.003 -29"><span class='ocrx_word' id='word_1_319' title='bbox 298 4480 502 4573; x_wconf 89' lang='lat' dir='ltr'>sisset,</span> <span class='ocrx_word' id='word_1_320' title='bbox 557 4503 642 4557; x_wconf 81' lang='lat' dir='ltr'>ex</span> <span class='ocrx_word' id='word_1_321' title='bbox 696 4502 841 4574; x_wconf 92' lang='lat' dir='ltr'>quo</span> <span class='ocrx_word' id='word_1_322' title='bbox 892 4486 1487 4576; x_wconf 91' lang='lat' dir='ltr'>praesumebatur</span> <span class='ocrx_word' id='word_1_323' title='bbox 1540 4506 1628 4559; x_wconf 81' lang='lat' dir='ltr'>ex</span> <span class='ocrx_word' id='word_1_324' title='bbox 1680 4488 1886 4557; x_wconf 90' lang='lat' dir='ltr'>litera</span> <span class='ocrx_word' id='word_1_325' title='bbox 1956 4483 2206 4557; x_wconf 89' lang='lat' dir='ltr'>Brevis</span> <span class='ocrx_word' id='word_1_326' title='bbox 2278 4487 2502 4577; x_wconf 90' lang='lat' dir='ltr'>ipsius</span> <span class='ocrx_word' id='word_1_327' title='bbox 2554 4507 2641 4560; x_wconf 91' lang='lat' dir='ltr'>ea</span> <span class='ocrx_word' id='word_1_328' title='bbox 2693 4488 2933 4559; x_wconf 89' lang='lat' dir='ltr'>omnia</span> 
     </span>
     <span class='ocr_line' id='line_1_39' title="bbox 300 4593 2934 4689; baseline 0.003 -29"><span class='ocrx_word' id='word_1_329' title='bbox 300 4605 377 4661; x_wconf 75' lang='lat' dir='ltr'>ex</span> <span class='ocrx_word' id='word_1_330' title='bbox 414 4594 753 4668; x_wconf 87' lang='lat' dir='ltr'>reditibus</span> <span class='ocrx_word' id='word_1_331' title='bbox 820 4596 1161 4669; x_wconf 88' lang='lat' dir='ltr'>ecclesiae</span> <span class='ocrx_word' id='word_1_332' title='bbox 1221 4606 1641 4689; x_wconf 62' lang='lat' dir='ltr'>‚comparata</span> <span class='ocrx_word' id='word_1_333' title='bbox 1713 4597 1958 4669; x_wconf 78' lang='lat' dir='ltr'>fuisse.</span> <span class='ocrx_word' id='word_1_334' title='bbox 2016 4593 2526 4672; x_wconf 90' lang='lat' dir='ltr'>Verumtamen</span> <span class='ocrx_word' id='word_1_335' title='bbox 2585 4599 2934 4672; x_wconf 88' lang='lat' dir='ltr'>haeredes</span> 
     </span>
     <span class='ocr_line' id='line_1_40' title="bbox 303 4707 2932 4804; baseline 0.003 -31"><span class='ocrx_word' id='word_1_336' title='bbox 303 4707 450 4778; x_wconf 86' lang='lat' dir='ltr'>satis</span> <span class='ocrx_word' id='word_1_337' title='bbox 512 4727 871 4802; x_wconf 88' lang='lat' dir='ltr'>superque</span> <span class='ocrx_word' id='word_1_338' title='bbox 939 4709 1548 4804; x_wconf 88' lang='lat' dir='ltr'>comprobabant,</span> <span class='ocrx_word' id='word_1_339' title='bbox 1620 4732 1704 4786; x_wconf 92' lang='lat' dir='ltr'>ea</span> <span class='ocrx_word' id='word_1_340' title='bbox 1764 4712 2099 4785; x_wconf 91' lang='lat' dir='ltr'>utensilia</span> <span class='ocrx_word' id='word_1_341' title='bbox 2171 4712 2263 4785; x_wconf 92' lang='lat' dir='ltr'>ab</span> <span class='ocrx_word' id='word_1_342' title='bbox 2332 4732 2578 4787; x_wconf 89' lang='lat' dir='ltr'>eorum</span> <span class='ocrx_word' id='word_1_343' title='bbox 2644 4718 2932 4786; x_wconf 92' lang='lat' dir='ltr'>auctore</span> 
     </span>
    </p>
   </div>
   <div class='ocr_carea' id='block_1_7' title="bbox 482 4857 2726 4917">
    <p class='ocr_par' dir='ltr' id='par_1_8' title="bbox 482 4857 2726 4917">
     <span class='ocr_line' id='line_1_41' title="bbox 482 4857 2726 4917; baseline -0.002 -13"><span class='ocrx_word' id='word_1_344' title='bbox 482 4861 663 4917; x_wconf 78' lang='lat' dir='ltr'>Luetm,</span> <span class='ocrx_word' id='word_1_345' title='bbox 699 4858 840 4909; x_wconf 69' lang='lat' dir='ltr'>Vim.</span> <span class='ocrx_word' id='word_1_346' title='bbox 866 4858 1006 4907; x_wconf 83' lang='lat' dir='ltr'>saer.</span> <span class='ocrx_word' id='word_1_347' title='bbox 1037 4858 1176 4912; x_wconf 69' lang='lat' dir='ltr'>Lim„</span> <span class='ocrx_word' id='word_1_348' title='bbox 1203 4858 1321 4905; x_wconf 79' lang='lat' dir='ltr'>edit.</span> <span class='ocrx_word' id='word_1_349' title='bbox 1356 4858 1447 4904; x_wconf 86' lang='lat'>111.</span> <span class='ocrx_word' id='word_1_350' title='bbox 1483 4858 1582 4906; x_wconf 78' lang='lat' dir='ltr'>Vol.</span> <span class='ocrx_word' id='word_1_351' title='bbox 1613 4859 1655 4906; x_wconf 78' lang='lat'>1.</span> <span class='ocrx_word' id='word_1_352' title='bbox 2698 4857 2726 4899; x_wconf 83' lang='lat'><strong>6</strong></span> 
     </span>
    </p>
   </div>
  </div>
 </body>
</html>
