3497 5235
557 310 679 385 ⁰⁸1²·
705 312 776 370 11.
812 312 887 371 Do
925 311 1190 389 lpinopo,
1227 315 1636 390 Δηὶίορίιοομ,
1675 314 1904 373 Priant-
1943 313 2001 372 ot
2038 313 2366 372 Pati-inroitu.
2408 314 2461 387 ἓ.
2489 312 2541 370 5.
2765 308 2886 372 239
2988 404 2998 417 .

373 447 530 519 188.
576 470 615 512 ‹
654 443 1075 520 Ordinarius
1125 447 1342 520 debet
1394 449 1656 539 eligere
1706 447 2262 539 praedicatoreS,
2300 446 2444 518 nisi
2475 446 2553 518 in
2606 450 2890 517 contra-

261 582 291 628 »
317 560 476 630 rium
514 560 607 631 sit
642 560 1084 632 consuetudo
1115 559 1208 631 ab
1237 558 1786 632 immemorabili
1822 565 2164 649 tempore.
2200 554 2305 653 (S.
2337 556 2414 630 C.
2444 554 2656 628 Conc.
2691 555 2887 647 apud

259 695 287 736 s
317 666 518 741 Zerol.
562 669 640 740 in
695 671 824 742 Pr.
866 671 1078 762 episc.
1129 689 1208 761 p.
1253 670 1321 743 1.
1366 670 1586 743 verbo
1639 670 2098 743 Praedicatio
2145 666 2218 763 ξ.
2270 668 2383 752 7.,
2432 665 2753 740 Barbosa
2803 667 2887 740 de

259 803 289 849 s
322 781 535 874 Officio
585 786 653 853 et
696 782 959 856 Potest.
1003 782 1364 875 Episcopi,
1407 788 1606 874 part.
1645 781 1718 855 3.
1762 782 1985 874 Alleq.
2029 780 2150 854 76.
2207 800 2407 854 nam.
2447 775 2588 875 5.).

372 892 529 963 189.
572 916 612 962 ›
657 890 929 965 Electio
980 899 1226 966 tamen
1261 900 1332 967 et
1387 894 1759 986 deputatio
1796 894 2306 985 praedicatoris
2349 894 2426 965 in
2458 911 2593 964 sua
2647 891 2893 964 cathe-

260 1029 290 1073 ι
318 1003 475 1075 drali
527 1012 811 1095 spectat
863 1005 958 1078 ad
1007 1005 1243 1078 solum
1301 1004 1781 1098 Episcopum,
1840 1007 2039 1079 nulla
2090 1004 2342 1078 habita
2395 1005 2669 1077 ratione
2721 1023 2895 1077 con·

255 1141 286 1183 ›
314 1118 701 1190 suetudinis
736 1120 955 1192 etiam
991 1119 1604 1208 immemorabilis,
1646 1138 1834 1209 quae
1880 1124 2315 1210 competeret
2364 1116 2719 1210 Capitulo‚
2758 1135 2894 1189 seu

255 1252 285 1295 ›
312 1224 648 1320 Episcopo
685 1248 844 1301 cum
882 1228 1233 1322 Capitulo,
1275 1229 1385 1303 vel
1421 1231 1512 1303 de
1547 1231 1844 1303 consilio
1880 1227 2215 1321 Capituli.
2257 1226 2332 1300 S.
2374 1225 2451 1299 C.
2485 1225 2559 1300 C.
2590 1229 2669 1299 in
2704 1228 2892 1300 Abu-

253 1364 284 1406 ›
313 1340 498 1412 lensi.
539 1343 614 1413 3.
658 1341 838 1434 Aug.
886 1343 1101 1415 1586.
1143 1342 1338 1433 apud
1386 1340 1685 1415 Bathos,
1727 1343 1806 1415 in
1864 1344 2058 1414 Sum.
2118 1344 2357 1433 Apost.
2398 1340 2611 1412 decis.
2670 1337 2890 1411 verbo

252 1474 281 1518 »
309 1450 791 1528 Praedicator.
833 1475 910 1526 n.
954 1454 1114 1538 M„
1151 1452 1432 1547 Pignat.
1491 1460 1660 1528 tom.
1719 1453 1792 1525 4.
1836 1472 1900 1526 c.
1953 1452 2126 1526 206.
2169 1472 2245 1524 η.
2286 1450 2478 1524 41...
2536 1450 2886 1523 Addenda

253 1571 462 1636 »sunt
514 1566 897 1654 sequentia
948 1566 1170 1639 dubia
1223 1568 1536 1639 resoluta
1592 1587 1633 1638 a
1685 1564 1758 1639 S.
1799 1564 1874 1641 C.
1915 1564 2129 1639 Conc.
2172 1566 2244 1637 5.
2303 1562 2502 1656 Sept.
2549 1565 2765 1637 1705.
2806 1566 2885 1636 in

249 1697 280 1741 ›
313 1676 559 1768 Urqell.
607 1679 757 1749 Iur.
798 1680 1304 1761 concionandi,
1341 1679 1710 1752 videlicet:

360 1785 418 1859 1.
460 1813 499 1857 ν
549 1789 653 1860 An
705 1791 1163 1864 concionator
1198 1791 1587 1883 deputatus
1624 1790 1715 1862 ab
1769 1787 2123 1882 Episcopo
2170 1790 2263 1862 ad
2315 1787 2888 1860 concionandum

245 1921 274 1965 ›
305 1898 370 1969 in
401 1900 801 1973 cathedrali
854 1902 1158 1993 aliisque
1210 1903 1528 1976 ecclesiis
1577 1905 1652 1975 in
1705 1903 1861 1973 eius
1914 1900 2191 1974 ambitu
2237 1898 2742 1986 existentibus,
2783 1905 2892 1971 te-

242 2034 272 2077 »
305 2017 557 2083 neatur
608 2011 948 2086 exhibere
999 2014 1245 2086 literas
1295 2015 1701 2106 patentales
1753 2008 2128 2104 Capitulo‘i

361 2118 456 2192 II.
502 2147 544 2189 ι
592 2121 698 2193 An
731 2123 945 2196 liceat
977 2123 1306 2216 Capitulo
1357 2144 1487 2198 seu
1539 2126 1696 2198 eius
1731 2122 2014 2197 Decano
2065 2124 2371 2195 retinere
2422 2122 2696 2196 clavem
2728 2123 2889 2214 pul-

240 2253 272 2299 »
303 2234 419 2323 piti
474 2236 803 2307 eiusdem
857 2236 1202 2309 ecclesiae
1251 2233 1727 2310 cathedralis?

359 2341 493 2417 111.
543 2371 585 2413 ι
628 2345 737 2417 An
789 2343 1187 2439 Episcopus
1239 2348 1622 2439 procedere
1675 2348 1900 2439 possit
1968 2363 2096 2437 per
2147 2362 2488 2418 censuras
2555 2346 2632 2417 in
2684 2363 2883 2434 casu,

235 2479 267 2520 ν
301 2475 435 2545 quo
485 2455 824 2530 Decanus
873 2466 945 2531 et
995 2458 1332 2533 Canonici
1384 2478 1462 2532 se
1512 2465 1883 2551 opponant
1942 2460 2019 2530 in
2068 2477 2268 2547 casu,
2320 2476 2467 2530 non
2518 2456 2883 2547 obstante,

237 2595 269 2638 ›
302 2575 483 2662 quod
532 2571 945 2665 Capitulum
982 2595 1057 2649 se
1096 2582 1416 2649 tueretur
1450 2576 1907 2649 observantia
1960 2575 2097 2647 sibi
2135 2573 2510 2646 favorabili
2564 2592 2647 2646 ac
2680 2591 2890 2666 prae-

231 2689 625 2758 »tensione
660 2688 1066 2762 ordinariae
1120 2690 1629 2763 iurisdictionis
1679 2708 1897 2782 super
1931 2688 2231 2761 ecclesia
2267 2687 2664 2761 cathedrali
2699 2688 2890 2759 eius·-

229 2819 261 2862 ›
295 2815 430 2886 que
485 2794 826 2870 ambitui
1189 2787 1198 2798 ’

355 2934 393 2976 ›
434 2909 660 2982 Sacra
692 2908 1155 3003 Congregatio
1190 2913 1334 2999 die,
1377 2931 1519 3002 quo
1554 2931 1801 3004 supra,
1840 2911 2256 3002 respondit:
2295 2907 2540 2992 Quoad
2579 2905 2640 2979 I.
2675 2916 2745 2982 et
2781 2905 2882 2979 II.

224 3045 256 3086 »
290 3018 683 3113 Negative3
740 3023 979 3112 quoad
1030 3020 1168 3094 111.
1212 3022 1650 3096 Affirmative
1704 3032 1775 3096 et
1828 3023 2137 3114 amplius
2186 3023 2262 3093 in
2314 3019 2739 3092 omnibus.»

355 3136 526 3207 190.
578 3161 618 3200 s
660 3133 731 3205 Si
784 3136 1035 3208 civitas
1084 3154 1215 3207 seu
1265 3136 1695 3208 universitas
1763 3131 2067 3229 (scilicet
2117 3129 2617 3226 municipium)
2669 3131 2763 3202 sit
2816 3131 2891 3202 in

220 3267 254 3308 t
289 3248 750 3334 possessione
805 3247 1228 3320 nominandi
1278 3254 1351 3320 et
1399 3244 1910 3339 praesentandi
1978 3244 2545 3336 praedicatorem
2596 3262 2722 3336 pro
2773 3261 2893 3314 ca·-

215 3378 248 3422 ›
286 3358 608 3431 thedrali
663 3377 827 3430 cum
877 3377 1095 3431 onere
1162 3359 1484 3431 solvendi
1537 3358 2111 3448 eleemosynam,
2164 3354 2379 3428 debet
2438 3354 2892 3428 manuteneri

212 3491 246 3532 t
284 3471 354 3540 in
409 3471 545 3543 tali
607 3472 1100 3560 possessione3
1159 3477 1234 3542 at
1283 3471 1342 3542 si
1395 3468 1793 3562 Episcopus
1844 3471 2060 3542 vellet
2113 3470 2225 3540 ius
2279 3469 2698 3541 nominandi
2750 3466 2892 3539 sibi

207 3603 242 3648 ›
278 3581 664 3654 vindicare
716 3576 964 3674 (prout
1016 3600 1179 3654 vere
1231 3579 1528 3677 potest),
1588 3601 1732 3653 non
1784 3587 2027 3672 posset
2076 3581 2403 3653 eamdem
2454 3581 2549 3653 ad
2598 3581 2893 3654 solutio-

209 3714 242 3756 »
279 3712 449 3764 nem
509 3709 817 3783 cogere,
875 3692 1003 3764 sed
1055 3700 1419 3765 teneretur
1495 3693 1583 3765 de
1635 3693 1924 3785 proprio
1975 3710 2327 3784 expensas
2379 3700 2451 3765 et
2503 3693 2893 3782 eleemosy-

203 3825 238 3870 ›
277 3823 448 3874 narn
511 3802 1095 3876 subministrare.
1138 3806 1254 3876 Sic
1288 3805 1556 3895 pluries
1590 3805 1962 3896 respondit
2014 3803 2087 3876 S.
2130 3803 2203 3876 C.
2261 3802 2474 3877 Conc.
2515 3801 2744 3900 (apud
2779 3802 2894 3876 Pi·-

202 3938 238 3982 ›
275 3925 487 4008 goat.
538 3922 712 3987 tom.
753 3915 826 3986 A.
869 3916 1170 3988 consult.
1212 3915 1385 3989 206.
1428 3935 1504 3987 η.
1545 3914 1637 3988 41
1650 3914 1706 4012 .)
1742 3923 1815 3989 et
1864 3917 2235 4008 signanter
2291 3917 2406 3987 11.
2450 3912 2614 3988 Iun.
2673 3915 2886 3987 1596.

201 4051 234 4094 ›
270 4028 619 4113 decreto,
660 4026 853 4115 quod
907 4027 1079 4118 ipsis
1131 4026 1368 4099 verbis
1417 4027 1783 4115 exscribit,
1840 4034 1912 4100 et
1963 4022 2260 4123 (pergit)
2311 4028 2413 4102 sic
2465 4027 2732 4119 pluries
2783 4045 2897 4099 re-

195 4163 230 4205 »
266 4139 593 4231 spondit
626 4139 848 4210 etiam
883 4138 956 4210 S.
996 4135 1071 4208 C.
1112 4134 1353 4229 Episc.
1393 4146 1468 4212 et
1508 4136 1772 4231 Regul.
1815 4139 2010 4231 apud
2061 4137 2342 4231 Pignat.
2384 4140 2519 4211 loc.
2558 4140 2680 4211 cit.
2719 4164 2893 4210 »....

335 4251 484 4323 191
505 4305 527 4321 .
574 4273 613 4318 ‹
643 4248 1098 4322 Consuetudo
1137 4250 1723 4323 immemorabilis
1754 4251 2205 4339 nominandi,
2236 4251 2348 4323 vel
2384 4249 2898 4342 praesentandi

190 4387 225 4432 ›
264 4363 868 4455 praedicatorem
922 4358 1274 4453 Episcopo
1325 4380 1453 4453 pro
1503 4363 1824 4435 ecclesiis
1873 4361 2331 4434 interioribus
2379 4380 2528 4434 non
2558 4370 2673 4436 est
2724 4362 2901 4436 sub·

191 4499 226 4542 ›
264 4477 456 4563 lata,
511 4480 604 4545 ut
636 4473 954 4545 decisum
993 4472 1217 4547 fuisse
1250 4474 1467 4546 refert
1500 4470 1819 4546 Barbosa
1856 4491 2072 4564 supra
2108 4469 2320 4546 Conc.
2354 4470 2546 4546 Trid.
2592 4475 2774 4547 Sess.
2813 4475 2890 4548 5.

189 4611 226 4656 ›
261 4606 437 4678 cap.
480 4585 578 4657 2.
622 4603 699 4655 n.
742 4582 902 4665 16..
937 4582 1219 4676 Pigoat.
1261 4585 1392 4657 loc.
1435 4586 1556 4658 cit.
1601 4605 1674 4657 η.
1715 4583 1841 4658 26.
1883 4581 2086 4658 Unde
2137 4585 2198 4658 si
2249 4587 2726 4659 communitas
2778 4589 2894 4660 vel

190 4720 228 4769 ι
263 4699 644 4773 dominus
695 4695 828 4767 loci
878 4695 1291 4787 temporalis
1331 4697 1662 4770 nominat
1708 4696 2274 4789 praedicatorem
2325 4705 2397 4771 et
2445 4698 2657 4772 solvit
2707 4698 2911 4772 elce-2
