3497 5235
531 320 612 379 66
1287 321 1659 381 astructioni·
1698 323 1753 380 8.
1782 322 1966 396 Gongr.
1993 322 2140 381 Oeno.
2181 323 2461 397 expositio.

532 456 748 541 tifice,
784 455 975 545 quod
1005 474 1166 526 cum
1202 455 1301 527 ita
1337 475 1413 527 se
1449 456 1717 529 habere
1747 458 2249 548 rescripsisset,
2282 459 2354 529 S.
2390 455 2464 529 C.
2499 459 2573 529 in
2600 457 2829 531 literis
2864 460 2984 532 30.
3021 456 3210 531 Mar-

533 568 608 637 t'2i
652 567 863 640 1830.
908 566 1306 659 respondit,
1365 569 1644 640 nullum
1697 569 1834 640 sibi
1888 587 2261 659 superesse
2315 569 2644 657 dubium,
2688 571 2864 659 quin
2901 571 3053 643 iure
3089 590 3209 643 sa-

532 699 730 751 crum
767 680 1076 751 chrisma
1132 679 1472 751 collatum
1526 680 1618 751 ab
1671 699 1754 752 eo
1812 679 2088 753 luisset.

678 794 799 864 35.
860 789 944 863 In
988 794 1401 883 Apostolicis
1441 791 1699 866 Literis
1740 795 2240 868 tantummodo
2277 795 2838 887 exprimebatur,
2879 794 3212 867 subditos

535 903 896 976 Abbatum
933 901 1193 977 Montis
1227 901 1533 995 Virginis
1584 925 1784 978 sacro
1837 907 2218 979 chrismate
2245 907 2335 978 ab
2390 906 2643 979 iisdem
2679 908 2927 998 inungi
2967 924 3204 996 posse,

532 1015 815 1088 nullum
867 1022 1110 1089 tamen
1164 1017 1252 1089 de
1305 1015 1614 1089 subditis
1666 1018 1922 1090 alienis
1974 1019 2274 1091 verbum
2337 1017 2880 1090 subiiciebatur.
2921 1014 3214 1090 Cetero-

534 1130 709 1219 quin
766 1147 914 1200 mos
966 1129 1058 1200 ab
1112 1131 1410 1218 antiquo
1464 1129 1790 1201 invectus
1844 1130 2100 1217 fuerat,
2159 1137 2236 1201 ut
2291 1131 2424 1219 ipsi
2481 1131 2912 1218 inungerent
2951 1147 3213 1218 pueros

534 1240 812 1312 alienae
882 1240 1270 1327 dioecesiS‚
1354 1242 1476 1329 qui
1531 1241 1621 1311 ad
1679 1242 2052 1313 ecclesiam
2129 1240 2570 1312 abbatialem
2622 1239 2713 1310 ob
2796 1240 3215 1330 religionem

533 1351 1048 1442 pietatemque,
1108 1371 1251 1441 qua
1307 1349 1386 1420 B.
1451 1346 1539 1420 Μ.
1601 1347 1810 1442 Virgo
1862 1352 2258 1439 colebatur,
2302 1371 2560 1443 magno
2614 1369 2908 1423 numero
2945 1350 3216 1424 adduci

531 1463 887 1535 solebant.
948 1459 1176 1554 Igitur
1227 1463 1584 1535 dubitatio
1613 1470 1767 1535 orta
1822 1471 1955 1552 est,
2014 1485 2108 1535 an
2159 1463 2294 1536 hoc
2349 1466 2500 1536 iure
2555 1464 2658 1536 uti
2694 1470 2986 1554 possent
3023 1464 3217 1536 circa

532 1591 792 1664 pueros
843 1575 1123 1645 alienae
1159 1573 1531 1662 dioecesis,
1575 1594 1793 1665 reque
1832 1575 2072 1647 delata
2110 1576 2202 1647 ad
2240 1577 2312 1646 S.
2339 1574 2413 1646 C.
2444 1572 2685 1666 Episc.
2722 1581 2793 1646 et
2829 1572 3047 1665 Reg.‚
3089 1593 3220 1644 ac—

533 1693 921 1774 curateque
958 1685 1306 1773 discussa,
1350 1686 1440 1756 ad
1478 1686 1808 1757 dubium:
1859 1708 1897 1752 (
1931 1687 2034 1758 An
2066 1694 2136 1757 et
2166 1674 2519 1776 quomodo
2548 1685 2778 1758 anus
2812 1685 3048 1757 Abbas
3074 1683 3222 1758 Ge-

537 1821 574 1865 »
614 1797 880 1868 neralis
932 1804 1003 1869 et
1056 1793 1477 1869 Ordinarius
1528 1797 1866 1870 abbatiae
1923 1797 2182 1870 Montis
2221 1796 2526 1890 Virginis
2579 1798 3031 1870 manuteneri
3085 1798 3221 1869 de-

537 1932 574 1975 »
614 1906 785 1978 beat
837 1908 913 1978 in
968 1910 1410 1996 possessione
1465 1909 2017 1980 administrandi
2070 1906 2611 1983 Sacramentum
2640 1909 3221 1983 confirmationis

534 2044 573 2089 »
614 2016 924 2089 subditis
961 2018 1353 2090 alienorum
1393 2017 1906 2110 Episcoporum
1934 2027 2003 2093 et
2032 2018 2612 2094 ordinariorum?
2638 2047 2675 2090 ιι
2721 2020 2841 2093 Die
2880 2022 3001 2093 30.
3027 2018 3223 2092 Mar-

530 2129 614 2202 tii
657 2129 869 2200 1855.
915 2132 987 2201 S.
1023 2128 1096 2201 C.
1143 2132 1535 2220 respondit:
1598 2154 1634 2197 <
1668 2132 2104 2206 Affirmative
2158 2134 2246 2206 de
2300 2153 2654 2207 consensu
2701 2134 2953 2204 saltem
2994 2132 3244 2205 tacito>

534 2267 573 2312 ›
612 2237 1153 2313 ordinariorum
1230 2243 1910 2331 confirmandorum,
1994 2252 2273 2317 retento
2327 2245 2741 2318 authentico
2803 2252 3081 2336 regesto
3135 2246 3218 2315 in

536 2377 573 2424 ›
615 2354 926 2424 archivio
1006 2355 1417 2425 monasterii
1496 2356 2104 2445 confirmatorum,
2164 2376 2248 2428 ac
2300 2358 2602 2429 servatis
2677 2358 2834 2428 aliis
2912 2356 3002 2427 de
3056 2357 3219 2427 iure

535 2490 572 2537 ›
611 2466 1012 2553 servandiS,
1071 2465 1257 2538 facto
1311 2468 1527 2540 verbo
1563 2487 1724 2540 cum
1764 2465 2005 2539 SSmO.
2042 2495 2078 2534 »
2137 2466 2338 2542 Mens
2372 2476 2553 2557 erat,
2599 2475 2674 2541 ut
2713 2468 2912 2541 tieret
2959 2467 3221 2539 relatio

535 2578 824 2651 Summo
875 2576 1202 2651 Pontifici
1258 2579 1349 2651 ad
1404 2582 1801 2670 cautelam,
1859 2582 2179 2672 exposito
2232 2583 2652 2673 praesertim
2710 2600 2842 2652 usu
2896 2581 3210 2668 invectu,

531 2697 611 2762 ut
652 2690 892 2762 Abbas
943 2712 983 2761 a
1040 2692 1290 2762 vicinis
1359 2689 1731 2784 Episcopis
1802 2695 2147 2765 invitatus
2209 2695 2527 2766 conterat
2598 2693 3217 2766 confirmationem

532 2806 607 2878 in
659 2804 1013 2875 territorio
1077 2823 1222 2875 non
1277 2824 1442 2892 sue,
1520 2812 1590 2877 et
1671 2807 1764 2876 ad
1833 2807 2189 2876 cautelam
2254 2808 2534 2877 sanatio
2585 2811 3014 2896 reportetur.
3094 2800 3224 2873 In-

532 2934 747 3006 super
800 2915 1090 2986 additae
1143 2921 1314 2986 sunt
1384 2916 1569 2988 aliae
1642 2919 2011 2988 cautiones
2075 2924 2234 2988 tum
2288 2938 2326 2988 a
2382 2916 2597 2989 Sacra
2650 2915 3215 3007 Congregatione

530 3035 687 3101 tum
740 3027 831 3098 ab
889 3028 1041 3117 ipso
1095 3024 1437 3099 Pontifice
1492 3029 1565 3099 in
1620 3030 1989 3100 audientia
2060 3027 2150 3099 R.
2210 3027 2287 3101 P.
2351 3027 2431 3100 D.
2493 3029 2882 3101 Secretario
2951 3026 3218 3099 Sacrae

530 3139 1114 3230 congregationis
1185 3141 1274 3211 de
1329 3158 1522 3211 ruore
1576 3157 1951 3228 concessa,
2019 3159 2199 3230 quas
2269 3141 2385 3212 hic
2453 3140 2715 3212 referre
2769 3139 3214 3228 superfluum

535 3251 888 3324 ducimus.

676 3363 797 3433 36.
857 3360 1187 3433 Ceterum
1242 3364 1366 3451 qui
1419 3361 1717 3434 fortasse
1778 3363 2020 3454 cupiat
2074 3362 2258 3437 hanc
2312 3366 2684 3436 materiam
2738 3363 2828 3435 de
2868 3362 3219 3436 Praelatis

532 3472 991 3548 inferioribus
1043 3474 1260 3543 latius
1335 3493 1419 3544 ac
1494 3477 1813 3563 penitius
1890 3494 2389 3565 recognoscere
2442 3478 2590 3547 sive
2643 3478 2826 3547 circa
2892 3476 3214 3563 modum,

532 3606 676 3678 quo
755 3585 1315 3656 iurisdictionem
1404 3593 1704 3675 possunt
1784 3588 2181 3676 acquirere,
2256 3588 2400 3659 sive
2455 3589 2638 3659 circa
2711 3588 3224 3659 iurisdictionis

532 3705 760 3782 actus,
822 3699 944 3787 qui
1000 3697 1252 3768 iislem
1311 3700 1632 3786 permissi
1693 3699 1798 3769 vel
1857 3698 2196 3788 prohibiti
2249 3706 2443 3786 sont,
2503 3701 2716 3770 adeat
2772 3699 2909 3769 iam
2969 3699 3226 3769 lauda-

529 3816 680 3880 tum
722 3806 1006 3879 Petram
1046 3810 1135 3879 ad
1176 3811 1441 3881 dictam
1478 3808 1775 3880 Constit.
1815 3806 1934 3878 lv,
1979 3806 2245 3880 Callisti
2289 3806 2421 3881 [ΙΙ.
2465 3819 2639 3882 sect.
2674 3812 2745 3880 2.
2790 3829 2917 3900 per
2952 3816 3216 3898 totum3

532 3920 631 3990 ibi
684 3921 881 3991 enim
933 3919 1387 3992 doctissimus
1439 3921 1556 3991 ille
1610 3919 2007 3991 Cardinalis
2066 3922 2408 4011 singulari
2449 3924 2818 4013 diligentia
2860 3941 3049 3995 more
3087 3942 3219 3994 suo

530 4032 940 4102 huiusmodi
996 4038 1499 4122 argumentum
1554 4032 1699 4122 agit
1756 4039 1825 4102 et
1880 4031 2197 4121 perbelle
2253 4041 2578 4105 exornat.

682 4163 718 4207 ⁴<
764 4138 882 4212 [V.
946 4140 1298 4214 Numeros
1334 4144 1745 4229 civitatum,
1783 4145 2233 4233 oppidorum,
2293 4152 2416 4215 aut
2473 4146 2808 4230 locorum,
2869 4146 2988 4235 qui
3044 4144 3222 4236 Epi-

535 4276 572 4323 »
613 4256 961 4343 scopatui,
1032 4255 1707 4344 Archiepiscopatui,
1767 4262 1890 4325 aut
1946 4253 2463 4327 patriarchatui
2502 4256 2804 4329 subiecti
2855 4264 3049 4329 sunt.

683 4389 720 4432 »
763 4360 845 4433 V.
907 4367 1152 4437 Status
1205 4367 1660 4454 cathedralis,
1708 4368 2325 4458 metropolitanae,
2384 4376 2508 4440 aut
2548 4369 3046 4458 patriarchalis
3099 4387 3221 4440 ec-

538 4504 576 4541 »
617 4476 903 4564 clesiae,
964 4497 1106 4548 una
1144 4498 1301 4549 cum
1358 4498 1655 4550 numero
1692 4481 2198 4550 canonicorum
2253 4486 2323 4550 et
2362 4480 2663 4550 aliorum
2700 4483 2982 4553 servitio
3021 4481 3220 4551 chori

537 4613 575 4657 ›
617 4587 1064 4658 addictorum
1098 4610 1115 4677 ;
1158 4598 1228 4661 et
1266 4609 1361 4661 an
1397 4596 1676 4661 erectae
1730 4590 1996 4663 fuerint
2033 4591 2490 4681 praebendae
2529 4594 3083 4681 paenitentiaria
3143 4597 3221 4662 et

541 4725 578 4766 »
618 4699 1070 4791 theologaliS.
