3497 5235
932 330 1051 404 Oq.
1076 331 1103 386 1
1150 331 1224 388 Do
1266 330 1418 387 statu
1457 331 1718 388 Ecclesiae
1759 330 2037 388 maturitii.
2080 333 2135 404 ἓ.
2162 331 2212 388 8.
2826 330 2905 392 65

269 482 392 535 non
438 465 612 535 circa
692 463 1063 536 abbatiam
1137 463 1209 535 S.
1268 461 1591 553 Ruphilli
1646 466 1789 535 iam
1842 464 1933 534 ad
2007 463 2403 553 capitulum
2482 461 2906 535 Vaticanum

269 575 709 665 pertinentem
763 575 881 647 die
932 576 1053 646 21.
1092 572 1257 648 Iun.
1292 576 1505 647 1719.
1543 576 1616 647 in
1654 593 1869 646 causa
1908 576 2196 648 Nullius
2234 593 2360 646 seu
2396 575 2900 648 Brictinorien.

268 692 322 757 et
363 686 819 758 Policastren.
879 686 968 757 ad
1022 687 1324 759 dubium
1365 709 1401 752 (ι
1457 685 1593 774 An,
1635 689 1915 759 etiamsi
1969 693 2247 759 constet
2283 688 2372 759 de
2407 689 2761 760 territorio
2797 707 2910 759 se-

270 820 301 866 »
334 804 586 886 parato,
645 806 885 888 posset
938 799 1329 889 capitulum
1384 797 1455 871 S.
1514 797 1700 871 Petri
1756 800 2143 871 concedere
2194 794 2684 872 dimissorias?
2717 826 2754 870 »
2797 822 2912 870 r<-

267 909 559 998 spondit:
621 933 659 977 ‹
691 907 1064 1001 Negative,
1107 920 1177 984 et
1215 911 1522 1001 amplius
1553 936 1622 983 s.
1680 910 2009 1002 Namque
2061 931 2190 985 ceu
2227 912 2621 1004 Episcopus
2656 910 2910 985 Bricti-

266 1021 576 1093 noriensis
626 1022 973 1095 obiecisse
1026 1030 1359 1094 narratur
1394 1024 1466 1094 in
1516 1024 1691 1114 folio
1726 1024 1843 1095 die
1882 1026 1952 1094 3.
1990 1022 2154 1096 Dec.
2196 1024 2411 1094 1718.
2451 1020 2524 1117 ἓ.
2576 1022 2901 1104 Additur,

268 1134 763 1224 «privilegium
815 1140 1354 1224 praesumptum
1406 1135 1805 1207 consistens
1859 1137 1931 1206 in
1995 1135 2537 1206 immemorabili
2600 1154 2745 1207 non
2799 1142 2907 1208 est

266 1270 297 1313 ›
330 1246 724 1335 probatum,
782 1254 855 1319 et
908 1255 1271 1337 quatenus
1321 1255 1507 1320 esset
1562 1248 1970 1337 probatum,
2029 1267 2173 1320 non
2228 1247 2600 1335 relevaret,
2659 1254 2907 1338 utpote

266 1378 296 1422 ι
327 1376 361 1426 a
393 1352 805 1429 Tridentino
844 1357 1234 1429 sublatum.
1257 1382 1294 1419 ι
1349 1357 1574 1430 Causa
1614 1358 1888 1432 isthaec
1923 1362 2184 1431 iterum
2220 1360 2581 1449 proposita
2621 1357 2754 1432 fuit
2790 1361 2908 1432 die

263 1465 360 1535 24.
400 1468 695 1558 Augusti
755 1467 969 1556 1720,
1027 1474 1101 1539 at
1153 1468 1443 1540 dimissa
1499 1471 1852 1559 reperitur
1905 1489 2065 1542 cum
2118 1489 2499 1560 responso:
2570 1493 2606 1536 (ι
2647 1467 2731 1541 In
2786 1470 2914 1544 de-

262 1576 419 1663 cisiS‚
471 1584 542 1649 et
596 1578 842 1668 quoad
898 1578 1257 1651 indultum
1308 1582 1716 1671 supplicent
1771 1580 2077 1653 SSmo.»
2133 1582 2390 1664 Quaeri
2427 1591 2666 1673 posset
2718 1583 2904 1673 heic,

262 1707 337 1757 an
387 1689 648 1778 AbbaS,
706 1692 831 1781 qui
885 1710 1010 1781 per
1064 1694 1396 1766 accidens
1446 1696 1831 1785 episcopali
1889 1695 2298 1767 charactere
2361 1696 2730 1786 praeditus
2783 1697 2904 1783 sit,

258 1800 498 1872 secluso
550 1803 925 1894 privilegio
981 1803 1406 1893 Apostolico,
1464 1805 1775 1878 subditis
1825 1808 1975 1876 suis
2026 1803 2334 1877 Ordines
2387 1805 2736 1892 conferre,
2795 1807 2910 1877 vel

259 1909 670 1985 dimissorias
721 1914 1007 1986 tradere
1058 1919 1304 2005 possit,
1362 1936 1489 1987 seu
1543 1918 1784 2006 potius
1835 1918 1946 1987 ius
1996 1917 2130 1990 hoc
2183 1915 2535 2007 Episcopo
2587 1917 2908 1989 viciniori

259 2032 633 2114 competere
688 2025 1074 2097 dicendum
1126 2029 1241 2099 sit.
1302 2024 1728 2118 Negativum
1782 2028 2053 2117 primae
2107 2030 2291 2118 parti
2349 2047 2793 2118 responsum,
2837 2034 2910 2100 et

257 2135 742 2207 affirmativum
794 2138 1152 2209 secundae
1206 2139 1651 2211 reddendum
1702 2157 1856 2210 esse
1916 2140 2220 2210 suadere
2287 2139 2622 2211 videntur
2691 2140 2908 2212 verba

256 2247 437 2317 modo
490 2248 718 2318 allata
772 2245 1059 2320 Concilii
1113 2246 1535 2338 Tridentini,
1591 2269 1874 2322 necnon
1928 2269 2040 2337 ea,
2099 2269 2284 2340 quae
2339 2269 2552 2341 super
2603 2258 2909 2342 utroque

253 2360 483 2449 capite,
544 2359 743 2448 quod
781 2360 1303 2432 ordinationem
1354 2368 1425 2433 et
1477 2362 1915 2433 dimissorias
1949 2362 2265 2451 attingit,
2307 2361 2380 2431 in
2435 2360 2752 2433 medium
2805 2362 2912 2432 af-

253 2468 367 2541 lert
429 2469 824 2563 Fagnauus
894 2491 1051 2564 cap.
1111 2473 1569 2563 Significasti‚
1651 2473 1735 2543 de
1802 2473 2018 2565 officio
2072 2472 2481 2544 Archidiac.
2540 2493 2615 2545 n.
2655 2473 2779 2545 27.
2838 2481 2911 2546 et

252 2583 656 2671 praesertim
708 2602 782 2654 π.
819 2582 939 2656 30.
1297 2665 1305 2673 ‚

378 2696 493 2765 33.
556 2691 886 2766 Iamvero
939 2695 1130 2784 quod
1183 2696 1401 2767 etiam
1455 2695 1645 2766 istud
1699 2696 2140 2767 dimissorias
2192 2696 2587 2787 elargiendi
2625 2697 2913 2787 privile-

252 2805 797 2895 gium-respicit,
857 2824 1003 2877 non
1057 2807 1318 2879 desunt
1367 2805 1701 2894 AbbateS,
1744 2808 1866 2896 qui
1920 2806 2097 2877 illud
2137 2805 2229 2876 ab
2271 2807 2669 2896 Apostolica
2726 2806 2907 2881 Sede

250 2919 539 2988 assecuti
592 2924 790 3004 sunt,
833 2917 923 2990 de
960 2936 1100 3007 quo
1136 2919 1463 3009 proinde,
1506 2919 2097 3007 quotiescumque
2153 2918 2223 2989 id
2279 2920 2624 3005 evenerit,
2673 2917 2913 2991 Abbas

251 3026 313 3097 in
358 3028 698 3100 abbatiae
753 3036 947 3101 statu
1001 3029 1425 3119 exponendo
1481 3031 1914 3101 mentionem
1971 3029 2201 3101 facere
2255 3029 2559 3101 curabit.

373 3141 493 3211 34.
560 3137 882 3211 Tandem
937 3160 1147 3212 nemo
1200 3145 1455 3228 nescit,
1512 3143 1634 3232 qui
1686 3141 2088 3232 theologiae
2151 3141 2396 3211 limina
2453 3139 2907 3229 salutaverit,

252 3253 638 3323 ministrum
690 3253 1129 3324 ordinarium
1210 3252 1652 3325 Sacramenti
1706 3252 2279 3325 confirmationis
2346 3269 2500 3322 esse
2584 3257 2907 3324 tantum-

254 3362 439 3433 modo
490 3360 954 3452 Episcopum.
1013 3362 1101 3435 At
1155 3383 1318 3435 vero
1369 3366 1670 3454 simplex
1723 3365 1943 3435 etiam
1979 3365 2310 3435 sacerdos
2347 3381 2433 3434 ex
2462 3362 2909 3454 delegatione

247 3467 598 3544 Pontificia
655 3493 811 3545 esse
868 3480 1101 3564 potest
1154 3476 1475 3547 eiusdem
1544 3476 1986 3547 Sacramenti
2043 3476 2365 3547 minister
2416 3475 2914 3547 extraordina-

250 3585 405 3671 riuS,
438 3603 521 3656 eo
552 3587 782 3675 magis
832 3586 1025 3674 quod
1064 3587 1135 3657 in
1188 3584 1505 3658 Ecclesia
1541 3583 1888 3657 Orientali
1927 3604 2012 3655 ex
2050 3582 2419 3657 Pontificia
2453 3587 2909 3657 conniventia

251 3689 427 3786 (vide
463 3693 735 3767 Bened.
770 3692 960 3766 XIV.
1003 3696 1085 3768 de
1124 3697 1386 3787 synod.
1430 3698 1648 3770 dioec.
1693 3696 1812 3766 lib.
1859 3696 1929 3768 7.
1972 3715 2128 3786 cap.
2174 3695 2278 3779 9.)
2336 3696 2427 3767 ab
2465 3699 2916 3768 immemora-

250 3802 361 3877 bili
394 3827 557 3880 cum
594 3807 746 3878 sola
783 3805 1114 3899 Episcopi
1149 3808 1437 3881 licentia
1481 3827 1601 3898 per
1636 3807 2044 3880 sacerdotes
2080 3827 2362 3879 sacrum
2396 3807 2704 3880 chrisma
2742 3825 2913 3879 con-

252 3915 401 3988 ferri
437 3919 690 3989 soleat.
736 3915 880 3989 Nec
916 3938 1179 3990 novum
1231 3926 1634 4010 eapropter,
1694 3939 1828 3992 nec
1883 3921 2135 3991 mirum
2178 3938 2333 3991 5555
2387 3919 2629 4007 debet,
2670 3921 2729 3990 si
2768 3918 2912 3989 Ab·

252 4025 446 4100 bates
493 4029 627 4101 hoc
678 4029 773 4100 ab
833 4029 1227 4119 Apostolica
1281 4030 1463 4103 Sede
1517 4032 1967 4122 privilegium
2036 4031 2311 4121 possint
2366 4032 2773 4120 impetrare,
2828 4036 2910 4102 ut

252 4157 486 4230 reapse
537 4141 942 4231 complures
995 4142 1496 4231 impetrarunt.
1558 4139 1755 4214 Inter
1796 4160 1977 4231 quos
2012 4140 2254 4212 Abbas
2305 4141 2592 4212 Nullius
2644 4142 2909 4214 Montis

263 4249 558 4343 Virqinis
611 4253 803 4324 banc
846 4258 1276 4342 potestatem
1313 4253 1569 4326 babuit
1620 4275 1660 4324 a
1715 4273 1774 4324 5.
1819 4272 1918 4340 m.
1955 4252 2174 4323 Clem.
2219 4248 2396 4323 xm
2434 4249 2693 4325 Literis
2732 4250 2917 4342 Apo-

254 4363 503 4437 stolicis
533 4366 678 4437 diei
714 4365 902 4456 prid.
944 4361 1056 4435 Id.
1099 4362 1263 4435 Maii
1307 4366 1520 4436 1732.
1563 4365 1781 4454 incip.
1830 4363 2153 4437 Creditae
2189 4363 2411 4434 nobis.
2455 4359 2627 4435 Cum
2666 4365 2911 4453 itaque

256 4472 321 4544 in
355 4477 819 4568 significando
855 4481 1050 4548 statu
1102 4494 1276 4548 suae
1352 4476 1690 4548 abbatiae
1745 4473 2290 4546 Sacramentum
2341 4471 2913 4546 confirmationis

258 4601 403 4659 sese
434 4589 971 4662 administrasse
1007 4590 1518 4678 renuntiasset,
1560 4587 1889 4660 eumdem
1928 4593 2348 4677 percontata
2396 4594 2503 4660 est
2555 4589 2627 4660 S.
2669 4585 2776 4676 C.‚
2817 4605 2913 4656 an

257 4699 686 4795 privilegium
724 4702 1023 4773 huiusce
1060 4701 1503 4773 Sacramenti
1540 4698 1952 4773 conferendi
1987 4697 2290 4772 haberet
2326 4720 2367 4772 a
2404 4699 2691 4773 Summo
2727 4695 2915 4769 Pon-

454 4847 631 4903 Lucius,
667 4844 809 4892 Vicit.
836 4844 979 4891 sacr.
1010 4842 1149 4899 Lim„
1178 4843 1299 4891 edit.
1329 4843 1421 4889 111.
1459 4843 1558 4889 Vol.
1589 4842 1628 4887 1.
2669 4842 2697 4883 5
