3497 5235
608 270 728 343 Otp.
759 271 827 328 Π.
867 271 940 327 D·
980 269 1244 346 Epiacum,
1285 268 1693 342 Arelliopinoopo,
1731 265 1960 324 Primtto
2000 265 2056 322 ot
2095 263 2419 321 Patria-cha.
2461 263 2514 337 ἓ.
2540 260 2590 316 8.
2815 257 2934 317 215

420 402 582 472 139.
625 399 921 474 Materia
974 401 1553 475 Confirmationis
1585 406 1695 474 est
1746 400 2051 472 chrisma
2086 397 2241 470 oleo
2294 415 2378 468 ac
2414 394 2736 471 balsamo
2772 410 2941 463 con-

286 513 575 601 lectum3
632 515 758 585 sed
813 533 955 585 non
993 522 1100 586 est
1152 523 1452 604 certum,
1493 532 1586 585 an
1640 512 2009 584 balsamus
2043 512 2134 582 sit
2187 510 2275 581 de
2310 506 2648 592 essentia,
2690 507 2789 577 ita
2825 512 2932 594 ut,

285 627 334 696 si
378 625 894 698 confirmentur
944 626 1192 699 fideles
1245 627 1398 698 oleo
1451 626 1800 714 simplici,
1854 622 2297 694 confirmatio
2350 619 2547 690 nulla
2613 625 2684 689 et
2736 617 2938 688 irrita

285 738 585 827 reputari
638 737 924 810 debeat.
967 734 1219 810 Innoc.
1260 733 1398 807 111.
1444 738 1514 808 in
1555 737 1725 827 Cap.
1772 733 2172 806 Pastoralis
2209 732 2292 803 de
2331 733 2534 803 Sacr.
2576 748 2721 801 non
2772 728 2933 800 iter.

282 855 582 939 rogatus,
642 869 736 920 an
777 871 815 916 ι
861 848 1432 924 Confirmationis
1496 849 2035 921 Sacramentum
2093 846 2166 915 in
2219 862 2302 916 eo
2353 843 2612 914 debeat
2662 841 2935 929 iterari,

286 985 317 1025 ›
349 962 467 1050 qui
525 979 654 1051 per
703 981 1010 1034 errorem
1081 961 1217 1034 luit
1269 981 1414 1033 non
1467 961 1850 1032 chrismate
1904 956 2028 1029 sed
2082 957 2237 1028 oleo
2291 948 2589 1028 linitus?
2626 978 2663 1023 ›
2738 952 2943 1025 duxit

279 1073 876 1163 respondendum,
921 1095 959 1140 α
1000 1077 1191 1164 quod
1228 1076 1302 1147 in
1338 1073 1606 1145 talibus
1657 1091 1803 1145 non
1857 1077 1964 1141 est
2012 1068 2285 1158 aliquid
2341 1066 2772 1154 iterandum,
2813 1065 2942 1138 sed

271 1206 311 1247 ·›
346 1191 558 1255 caute
609 1185 1121 1276 supplendum,
1164 1186 1354 1275 quod
1391 1186 1677 1257 incaute
1728 1184 1964 1256 fuerat
2009 1180 2615 1273 praetermissum.
2663 1204 2700 1246 ι»
2739 1174 2943 1247 Nihi-

279 1293 580 1367 lominus
628 1295 938 1387 theologi
1007 1297 1079 1368 id
1149 1298 1326 1370 satis
1377 1315 1521 1369 non
1573 1296 2022 1382 habuerunt,
2080 1300 2153 1365 et
2205 1291 2439 1363 adhuc
2490 1289 2939 1361 validitatem

278 1405 370 1475 vel
434 1406 843 1480 nullitatem
905 1408 1104 1480 iuxta
1164 1410 1522 1500 propriam
1597 1410 2031 1480 sententiam
2109 1402 2692 1496 propugnabant.
2749 1396 2938 1471 Hinc

277 1512 339 1586 S.
375 1516 453 1589 C.
497 1515 711 1590 Conc.
754 1538 899 1592 rem
939 1519 1128 1591 hanc
1165 1522 1236 1592 in
1292 1520 1562 1594 incerto
1598 1519 1915 1608 reliquit,
1955 1524 2028 1589 et
2063 1517 2398 1590 tutiorem
2433 1521 2709 1605 partem
2748 1531 2940 1584 com-

274 1628 477 1718 plecti
535 1632 684 1702 visa
723 1637 858 1720 est,
899 1632 1257 1723 impertita
1294 1633 1385 1703 ad
1439 1633 1789 1704 cautelam
1829 1630 2393 1720 dispensatione.
2435 1625 2655 1697 Casus
2690 1623 2941 1695 huius-

275 1740 452 1810 modi
483 1760 847 1835 expensus
876 1743 1009 1816 futt
1038 1743 1130 1815 ab
1158 1746 1411 1817 eadem
1438 1741 1513 1815 S.
1537 1741 1791 1834 Congr.
1827 1744 1943 1814 die
1974 1743 2044 1811 4.
2078 1740 2301 1832 April.
2343 1739 2558 1810 1693.
2589 1732 2785 1832 (Lib.
2810 1734 2932 1807 45.

271 1850 523 1923 decret.
557 1874 636 1944 p.
665 1850 910 1950 125),
941 1856 1416 1946 eumdemque
1451 1852 1810 1927 Giraldius
1845 1873 1921 1925 se
1958 1852 2450 1943 recognovisse
2488 1855 2793 1922 testatur
2823 1846 2939 1917 Ius

273 1962 479 2035 Pont.
525 1972 722 2055 part.
768 1966 825 2035 Ι.
868 1974 1032 2038 sect.
1080 1966 1244 2039 113.
1288 1968 1365 2037 in
1414 1969 1543 2059 fin.
1585 1966 1807 2039 Casus
1847 1966 1963 2038 hic
2017 1973 2197 2038 erat.
2264 1962 2567 2034 Antonia
2623 1959 2940 2049 suscepit

270 2072 336 2144 in
386 2072 854 2148 Sacramento
923 2076 1491 2151 Confirmationis
1559 2079 1782 2152 filiam
1853 2075 2388 2164 Emmanuelis;
2442 2081 2691 2166 postea
2745 2072 2943 2143 dete-

271 2193 461 2257 ctum
511 2194 649 2274 est,
690 2186 1310 2262 Confirmationem
1382 2191 1533 2263 loco
1586 2190 1989 2262 chrismatis
2039 2207 2202 2262 cum
2273 2187 2427 2259 oleo
2498 2185 2938 2258 infirmorum

269 2296 485 2370 fuisse
524 2299 1130 2373 administratam.
1165 2300 1562 2393 Episcopus
1597 2299 2216 2373 Confirmationem
2249 2298 2645 2370 iterandam
2683 2296 2933 2367 duxit:

270 2409 351 2483 At
401 2410 712 2484 Antonia
748 2432 909 2485 cum
945 2411 1395 2487 Emmanueli
1435 2414 1705 2486 nubere
1743 2413 1984 2500 vellet,
2026 2418 2488 2483 commatrem
2526 2408 2713 2480 filiae
2753 2408 2941 2479 eius-

267 2522 426 2594 dem
485 2526 742 2596 iterato
796 2543 1004 2615 agere
1061 2526 1330 2597 noluit:
1374 2525 1840 2597 nihilominus
1876 2524 2283 2596 dubitatum
2335 2530 2481 2611 est,
2511 2540 2605 2592 an
2650 2520 2741 2592 ab
2801 2517 2941 2589 An-

262 2638 461 2707 tonia
516 2637 592 2708 in
645 2638 874 2727 prima
927 2635 1476 2711 Confirmatione
1545 2645 1912 2710 contracta
1980 2629 2168 2708 esset
2221 2635 2550 2727 cognatio
2602 2633 2941 2724 spiritua-

265 2744 375 2834 lis,
434 2748 760 2838 adeoque
814 2756 1258 2823 contractum
1317 2757 1506 2822 esset
1557 2752 1772 2823 etiam
1846 2749 2475 2839 impedimentum,
2536 2763 2626 2817 ne
2696 2748 2935 2833 posset

260 2859 448 2931 inire
503 2863 1037 2932 matrimonium
1090 2880 1247 2933 cum
1301 2858 1754 2933 Emmanule.
1798 2857 1868 2931 S.
1911 2859 1984 2932 C.
2047 2861 2456 2952 respondit:
2519 2880 2556 2920 α
2603 2854 2701 2925 Ad
2739 2871 2941 2924 men-

262 2976 435 3058 tem,
482 2995 521 3038 ›
564 2990 752 3060 quae
805 2971 966 3059 fuit,
1034 2980 1114 3044 ut
1168 2973 1709 3063 dispensaretur
1763 2974 1854 3046 ad
1909 2973 2287 3045 cautelam.
2328 2967 2490 3040 Vid.
2528 2965 2809 3037 Petram
2864 2965 2940 3036 in

265 3081 472 3153 Gom.
513 3082 611 3154 ad
666 3084 958 3156 Constit.
1006 3083 1195 3157 XIV.
1240 3085 1484 3157 Innoc.
1531 3086 1654 3157 IV.
1697 3104 1893 3156 num.
1935 3084 2055 3155 42.

413 3195 582 3267 140.
628 3191 718 3266 Ut
770 3197 847 3266 in
897 3197 1142 3287 pueris
1194 3198 1469 3270 lustrali
1540 3218 1730 3290 aqua
1788 3197 2213 3283 abluendis,
2270 3195 2371 3265 ita
2424 3200 2494 3263 et
2557 3192 2632 3262 in
2686 3190 2937 3262 iisdem

256 3322 466 3376 sacro
501 3305 886 3378 chrismate
922 3308 1295 3399 signandis
1329 3310 1595 3400 patrini
1636 3310 1937 3381 adscisci
1975 3308 2279 3395 debent;
2338 3305 2471 3377 hoc
2517 3309 2758 3375 autem
2794 3301 2940 3374 dis-

253 3417 534 3488 crimen
589 3420 986 3491 notandum
1037 3426 1173 3508 est,
1215 3421 1406 3510 quod
1462 3424 1534 3492 in
1582 3419 2023 3512 Baptismate
2078 3439 2266 3492 unus
2317 3424 2388 3490 et
2442 3435 2584 3489 una
2637 3421 2939 3509 possunt

254 3527 594 3600 adhiberi
634 3548 721 3601 ex
759 3529 969 3602 Conc.
1005 3529 1195 3603 Trid.
1232 3535 1415 3607 SesS.
1438 3535 1565 3606 24.
1609 3554 1765 3625 cap.
1789 3534 1863 3605 2.
1905 3533 1989 3604 de
2018 3534 2327 3626 Reform.
2359 3532 2616 3611 Matr„
2652 3531 2727 3600 in
2761 3525 2942 3599 Con·
2998 3623 3005 3630 Ι

249 3637 670 3712 firmatione
720 3646 964 3713 tamen
998 3662 1189 3715 unus
1242 3653 1368 3717 aut
1417 3665 1561 3717 una
1600 3648 2002 3732 dumtaxat,
2047 3664 2300 3736 nempe
2339 3662 2491 3714 mas
2527 3661 2654 3733 pro
2708 3657 2930 3727 mare,

246 3748 532 3821 femina
598 3770 728 3843 pro
782 3752 1095 3842 femina,
1160 3774 1290 3827 ceu
1359 3756 1498 3830 fert
1559 3758 1985 3830 universalis
2053 3756 2539 3843 consuetudo,
2604 3759 2675 3825 et
2727 3752 2934 3824 docet

244 3865 662 3935 communis
688 3871 1060 3937 auctorum
1094 3870 1454 3940 sententia
1506 3863 1856 3964 (Ferraris
1895 3869 2108 3942 verbo
2141 3868 2596 3962 Confirmatio
2624 3873 2758 3938 art.
2792 3860 2932 3934 III.

244 3994 325 4047 n.
383 3976 510 4045 11.
549 3983 622 4049 et
674 3975 895 4067 seq.).
2346 4031 2353 4038 .

410 4086 576 4156 141.
620 4085 891 4159 Patrini
947 4091 1419 4164 ministerium
1492 4094 1689 4166 obire
1742 4094 1934 4165 valet
2005 4094 2442 4183 quicumque
2494 4091 2754 4179 fidelis,
2814 4093 2941 4180 qui

238 4199 341 4271 ad
406 4218 618 4270 usum
671 4202 971 4271 rationis
1025 4205 1467 4293 pervenerit3
1525 4212 1593 4277 et
1646 4207 1704 4277 si
1761 4207 1924 4295 quis
1974 4206 2212 4277 adhuc
2283 4203 2611 4297 impuber
2673 4202 2938 4294 patrini

233 4328 522 4381 munus
566 4309 915 4400 expleret,
957 4315 1453 4403 cognationem
1503 4318 1950 4409 spiritualem
2003 4336 2165 4390 cum
2204 4311 2619 4389 confirmato
2657 4324 2940 4388 contra-

230 4422 490 4509 heret,
528 4429 608 4494 ut
660 4423 950 4495 resolvit
1004 4422 1077 4495 S.
1118 4423 1192 4496 C.
1234 4424 1445 4500 Conc.
1488 4446 1714 4518 penes
1750 4427 2165 4519 Fagnanum
2230 4432 2396 4519 Cap.
2447 4426 2538 4500 Et
2579 4427 2804 4499 literis
2855 4428 2940 4500 de

230 4553 468 4627 coqu.
507 4535 741 4624 spirit.
782 4555 858 4605 n.
903 4534 1061 4623 164
1096 4537 1263 4610 licet
1297 4541 1488 4611 enim
1527 4547 1855 4631 ageretur
1890 4540 1979 4612 de
2016 4541 2257 4632 puella
2312 4541 2651 4629 novenni,
2688 4541 2941 4613 rescri-

231 4648 407 4739 psit
454 4667 490 4710 ‹
528 4648 1026 4740 cognationem
1062 4667 1218 4722 esse
1269 4657 1736 4740 contractam,
1778 4670 1924 4724 non
1976 4653 2308 4727 obstante
2346 4660 2607 4729 aetate.
2651 4678 2689 4723 ›
2730 4650 2939 4727 Cum-
