3497 5235
102 414 195 507 Ὀ

549 300 670 365 528
1305 300 1676 359 humationi·
1715 299 1770 357 8.
1801 300 1985 372 Oongr.
2015 299 2163 358 Gone.
2203 300 2476 376 expositio.

553 442 876 526 quuntur
927 435 1190 524 dubia,
1247 435 1487 509 delata
1540 443 1754 509 sunt:
1816 456 1855 503 ‹
1899 437 1968 506 1.
2026 435 2136 507 An
2184 455 2316 527 pro
2369 437 2799 510 alienatione
2860 438 3225 510 fructuum

554 571 593 616 ›
632 548 1059 639 pensionum
1097 548 1576 621 necessarium
1612 548 1706 620 sit
1739 547 2272 640 beneplacitum
2308 549 2784 639 Apostolicum
2816 551 2890 622 in
2926 545 3151 622 casu?
3179 588 3229 603 -

555 684 594 728 ι
632 656 722 732 Et
752 666 1112 750 quatenus
1144 658 1665 749 affirmative,-
1691 661 1765 732 2.
1798 658 1900 731 An
1937 659 2475 732 concedendum
2512 662 2607 733 sit
2641 663 2717 733 in
2754 656 2970 734 casui
3009 662 3082 732 3.
3121 660 3224 733 An

550 796 589 839 ι»
630 779 700 863 et
753 772 1105 862 quomodo
1166 772 1687 864 providendum
1739 772 1837 843 sit
1886 771 2075 844 circa
2144 772 2504 845 cessiones
2558 774 2698 845 iam
2770 768 3147 864 peractas?
3180 797 3218 840 s

546 880 623 956 S.
665 881 739 954 C.
771 884 887 956 die
927 883 1043 953 14.
1074 880 1286 956 Febr.
1334 885 1548 957 1840.
1591 882 2002 977 respondit:
2050 904 2088 947 (ι
2118 881 2224 956 Ad
2269 885 2334 955 1.
2379 881 2746 976 Negative,
2791 885 2928 956 nisi
2966 889 3223 976 agatur

549 1021 586 1064 »
626 995 715 1068 de
768 993 1238 1086 pensionibus
1289 996 1694 1068 constitutis
1746 996 1822 1068 in
1875 993 2165 1067 titulum
2215 997 2402 1067 sacri
2453 996 2909 1087 patrimonii,
2966 996 3081 1067 vel
3132 995 3221 1068 de

547 1132 585 1175 s
626 1107 1059 1179 alienatione
1111 1108 1335 1180 vetita
1394 1109 1472 1180 in
1539 1105 1747 1179 Bulla
1798 1104 2069 1182 Bened.
2129 1103 2321 1178 XIV.
2381 1108 2722 1200 incipien.
2798 1109 2883 1180 In
2937 1107 3223 1181 sublimi

547 1245 586 1288 ι»
625 1219 742 1291 die
768 1220 889 1290 29.
930 1220 1105 1310 Aug.
1147 1220 1363 1293 1740.
1397 1244 1436 1288 »
1478 1216 1771 1314 (Notum
1800 1224 1908 1291 est
1945 1237 2031 1292 ex
2066 1219 2206 1291 hac
2240 1218 2757 1292 Constitutione
2794 1217 2930 1291 sub
2968 1220 3224 1311 poenis

544 1338 790 1406 contra
842 1330 1242 1403 alienantes
1309 1331 1502 1403 bona
1553 1328 1921 1404 Ecclesiae
1988 1331 2442 1420 constitutiS,
2498 1330 2936 1422 prohibitum
3000 1330 3225 1403 fuisse

546 1464 585 1511 ‹
623 1441 934 1514 vendere
986 1460 1070 1514 ac
1122 1441 1517 1514 distrahere
1586 1444 1980 1534 respective
2045 1441 2558 1514 beneficiorum
2609 1442 2885 1514 reditus
2936 1449 3008 1514 et
3062 1460 3227 1533 pro-

545 1581 583 1625 »
622 1560 881 1628 ventus
908 1554 1022 1625 vel
1058 1554 1152 1626 ad
1173 1555 1419 1642 vitam,
1452 1553 1563 1626 vel
1598 1555 1675 1625 in
1709 1554 2004 1646 longum
2042 1560 2326 1644 tempus
2352 1561 2640 1644 recepta
2679 1554 2771 1626 ab
2800 1559 3217 1644 emptore...

544 1693 583 1736 ι»
622 1668 973 1759 pecuniae
1009 1669 1441 1757 quantitate,
1478 1685 1695 1757 quam
1732 1667 1867 1759 ipsi
1904 1665 2317 1739 beneficiati
2354 1665 2825 1757 probabiliter
2875 1667 3224 1757 consequi

545 1805 582 1848 »
621 1782 1024 1872 potuissent
1047 1775 1148 1875 ιι).
1212 1777 1380 1851 ‹Ad
1432 1781 1504 1851 2.
1548 1795 1632 1849 ac
1683 1779 1755 1849 3.
1812 1775 2178 1850 Provisum
2231 1780 2305 1850 in
2358 1779 2682 1869 primo.»

687 1892 857 1964 497.
916 1887 1222 1964 Tametsi
1274 1892 1375 1964 ita
1427 1890 1861 1963 sententiam
1901 1908 2105 1962 suam
2143 1888 2578 1961 declarasset
2631 1886 2703 1960 S.
2748 1886 2822 1960 C.
2863 1887 3111 1983 Episc.
3146 1896 3248 1993 et³

537 2001 831 2095 Regul.,
871 2002 1363 2088 nihilominus,
1405 2002 1798 2075 mandante
1851 2021 1911 2073 s,
1956 2021 2053 2072 m.
2095 1998 2386 2093 Gregor.
2428 1997 2653 2090 XVL,
2697 2001 3067 2073 decretum
3103 2019 3213 2073 se-

538 2115 827 2205 quentis
879 2115 1143 2187 tenoris
1195 2113 1462 2186 edidit:
1541 2136 1579 2178 (ι
1625 2112 1799 2186 Cum
1867 2112 1959 2184 ad
2012 2111 2309 2185 SSmum
2371 2109 2456 2183 D.
2516 2109 2605 2183 N.
2661 2120 2855 2185 certo
2907 2113 3210 2185 relatum

540 2254 579 2297 ι»
623 2229 864 2316 fuerit,
913 2228 1312 2319 complures
1348 2247 1435 2301 ex
1472 2228 1584 2316 iis,
1629 2228 1751 2318 qui
1803 2227 2190 2319 pensiones
2226 2244 2312 2298 ex
2358 2226 2796 2317 Apostolicae
2850 2224 3061 2300 Sedis
3093 2226 3217 2299 be-

541 2366 580 2409 »
622 2341 974 2432 nignitate
1011 2358 1225 2431 super
1259 2340 1739 2412 ecclesiastica
1794 2337 2147 2410 beneficia
2185 2345 2356 2410 sunt
2392 2338 2664 2429 adepti,
2706 2338 2968 2429 pacisci
3008 2339 3214 2410 statis

540 2477 579 2520 ι»
620 2451 1151 2524 conditionibus
1201 2470 1360 2523 cum
1415 2470 1526 2539 eo,
1569 2452 1691 2541 qui
1746 2456 2011 2522 certam
2066 2450 2421 2541 pecuniae
2474 2469 2826 2522 summam
2879 2469 3217 2523 numera-

540 2589 578 2634 »
622 2564 827 2652 verit,
868 2569 949 2635 ut
999 2563 1337 2656 deinceps
1389 2563 1498 2637 vel
1552 2562 1643 2635 ad
1694 2570 2007 2654 tempus,
2047 2561 2159 2634 vel
2198 2562 2291 2635 ad
2325 2561 2517 2634 vitae
2571 2563 2884 2654 ipsorum
2940 2564 3213 2636 exitum

537 2700 577 2747 ›
620 2674 842 2748 libere
895 2675 1212 2762 easdem,
1252 2676 1697 2767 praestitutis
1752 2674 2220 2765 temporibuS,
2255 2693 2296 2745 a
2333 2655 2793 2748 beneficiario
2827 2677 3207 2768 percipiat,

538 2814 577 2857 ι»
618 2806 924 2879 cumque
960 2788 1328 2878 pactiones
1369 2786 1781 2860 huiusmodi
1822 2805 1947 2878 pro
1984 2786 2562 2859 contrahentium
2600 2787 2952 2860 arbitratu
2989 2787 3216 2860 licen-

537 2901 762 2972 »tius
813 2900 1231 2973 conciliatae
1285 2899 1696 2972 indecorum
1753 2898 2118 2988 quoddam
2170 2899 2260 2970 de
2312 2900 2398 2971 iis
2450 2900 2949 2972 commercium
2997 2900 3213 2972 indu-

538 3038 577 3081 »
617 3030 777 3086 cere
827 3012 1234 3099 videantur,
1270 3011 1463 3101 quod
1515 3009 1708 3082 fideli
1760 3010 2024 3101 populo
2077 3009 2535 3082 admirationi
2591 3011 3034 3102 quandoque
3068 3018 3199 3101 est,

533 3147 573 3192 ν
614 3124 949 3214 viamque
999 3127 1326 3195 sternant
1377 3120 1782 3194 forensibus
1835 3121 2278 3212 actionibus,
2336 3140 2523 3211 quae
2576 3140 2721 3195 non
2772 3123 2929 3194 sine
2982 3123 3208 3196 eccle-

534 3259 573 3303 »
611 3235 941 3308 siasticae
991 3235 1091 3307 rei
1164 3234 1508 3307 dedecore
1572 3232 1858 3324 publice
1922 3233 2442 3324 instituuntur,
2501 3241 2716 3324 atque
2767 3233 2946 3306 illud
2999 3250 3208 3326 prae-

533 3352 806 3418 »terea
859 3352 938 3420 ut
991 3346 1376 3438 plurimum
1431 3343 1740 3417 inferant
1793 3345 2065 3435 damni,
2109 3351 2189 3416 ut
2239 3344 2439 3418 brevi
2495 3347 2976 3433 insumantur,
3021 3363 3203 3435 quae

533 3481 572 3523 ιν
612 3457 687 3528 in
724 3458 959 3530 ·totius
1011 3457 1200 3529 vitae
1250 3458 1699 3530 commodum
1752 3457 2149 3530 liberalitas
2184 3454 2610 3530 Pontificum
2663 3458 3198 3549 impertiverat3

533 3592 572 3635 ι»
613 3568 862 3640 eadem
916 3570 1275 3642 Sanctitas
1310 3566 1451 3641 Sua
1507 3586 1633 3661 pro
1686 3589 1800 3659 ea,
1843 3588 1988 3659 qua
2039 3575 2386 3661 praestat,
2428 3570 2958 3663 impensissima
3012 3571 3203 3643 solli·-

531 3703 570 3748 ›
612 3680 928 3753 citudine
982 3679 1073 3752 ad
1124 3679 1303 3754 haec
1353 3680 1641 3771 aliaque
1693 3680 1767 3754 id
1821 3699 2045 3773 genus
2096 3681 2286 3752 mala
2340 3699 2427 3754 ex
2479 3680 2704 3753 libero
2749 3698 3000 3752 earum
3038 3698 3200 3753 con-

527 3811 566 3857 >
609 3791 1024 3862 ventionum
1062 3809 1200 3862 usu
1237 3791 1608 3882 gliscentia
1644 3791 2169 3881 praecavenda,
2211 3790 2300 3863 de
2340 3790 2785 3882 Apostolicae
2823 3793 3198 3881 potestatis

530 3924 569 3968 ι»
607 3901 1058 3991 plenitudine
1109 3902 1428 3974 districte
1480 3903 1892 3991 mandavit,
1950 3921 2042 3976 ne
2095 3903 2169 3974 in
2225 3909 2588 3994 posterum
2659 3902 2874 3974 liceat
2934 3920 3198 3974 memo-

526 4034 566 4079 »
604 4017 799 4084 ratos
850 4018 1284 4101 contractuS,
1325 4013 1592 4104 quibus
1629 4014 1841 4085 unice
1877 4015 2122 4102 etiam,
2163 4031 2379 4104 quam
2420 4013 2697 4101 dicunt,
2731 4013 3193 4085 commoditas

527 4145 566 4191 ›
603 4124 971 4214 pensionis
1030 4123 1530 4217 percipiendae
1582 4126 1659 4197 in
1710 4126 1931 4202 alium
1981 4123 2459 4198 transferatur
2509 4125 2762 4214 quovis
2814 4124 3179 4211 cessioniS,

527 4256 566 4302 ›
607 4235 1141 4326 translationis,
1213 4236 1668 4309 alienationis
1731 4236 1942 4309 titulo
1994 4236 2084 4309 de
2154 4235 2626 4327 pensionibus
2695 4234 3191 4307 ecclesiasticis

526 4367 565 4413 ›
607 4345 981 4436 conficere,
1037 4347 1175 4419 nisi
1225 4346 1474 4419 habito
1510 4347 1709 4439 prius
1761 4347 1851 4420 de
1903 4364 1988 4419 ea
2042 4365 2118 4419 re
2169 4348 2463 4439 speciali
2518 4347 2925 4440 Apostolico
2977 4346 3194 4418 bene-

527 4478 568 4521 »
605 4455 895 4546 placite.
971 4454 1122 4531 Hoc
1174 4477 1381 4551 porro
1450 4460 1814 4533 decretum
1884 4477 2012 4551 per
2061 4456 2694 4550 Congregationem
2754 4456 3074 4551 Negotiis
3124 4463 3190 4530 et

526 4588 565 4634 >
607 4562 1187 4660 consultionibus
1233 4566 1475 4662 Episc.
1516 4576 1588 4643 et
1638 4568 1898 4663 Regul.
1941 4570 2380 4662 propositam
2437 4571 2582 4661 edi,
2622 4576 2695 4645 et
2743 4570 2819 4642 in
2871 4571 3189 4645 eiusdem

527 4700 567 4745 ιι
608 4678 800 4751 notis
864 4682 1178 4771 servari,
1230 4681 1558 4773 illudque
1612 4681 2052 4757 exsecutioni
2119 4700 2249 4776 per
2299 4700 2447 4774 eos,
2502 4681 2597 4755 ad
2648 4700 2832 4774 quos
2882 4687 3182 4776 spectat,
