3497 5235
605 243 727 306 276
1352 247 1721 308 mirantimi-
1762 249 1815 308 Β.
1845 249 2028 325 congr.
2057 250 2204 310 Oeno.
2242 252 2514 327 expetitio.

604 386 717 454 sto
766 397 922 453 esse
972 380 1267 469 debent,
1309 383 1531 455 altera
1574 385 2057 477 beneficiatum
2106 386 2368 477 obliqat
2418 385 2515 458 ad
2556 385 3013 459 residentiam
3068 391 3246 461 certis

604 491 841 564 diebus
893 499 958 565 et
1008 493 1225 565 horiS.
1281 490 1389 587 (S.
1429 492 1504 565 C.
1547 492 1622 566 C.
1679 495 1757 565 in
1811 496 2098 568 Ferrar.
2149 496 2483 569 Thesaur.
2525 496 2597 567 [ι.
2656 494 3002 569 Februar.
3051 500 3241 571 1843.

600 601 677 699 g.
722 603 968 689 Quoad
1018 607 1302 679 tertiam
1345 615 1626 698 partem
1661 608 1739 679 in
1774 605 1967 705 fin.).
2009 606 2223 680 Porro
2274 609 2605 683 absolute
2656 610 3047 700 loquendo,
3109 613 3255 685 resi-

603 717 877 807 dentia,
918 735 1104 809 quae
1139 721 1519 791 canonicos
1554 719 1877 810 aliosque
1911 719 2180 792 chorali
2217 719 2446 792 officio
2480 723 2924 813 mancipatos
2962 722 3256 795 obstrin-

606 827 732 921 git,
770 848 937 902 vera
991 835 1062 902 et
1112 832 1435 921 praecisa
1489 838 1637 920 est3
1694 830 2282 922 quandoquidem
2336 833 2655 923 quotidie
2689 840 2762 906 et
2813 834 3120 908 diversis
3148 835 3257 908 ho-

599 942 702 1012 ris
750 941 1106 1032 integrum
1156 941 1561 1014 divinarum
1611 942 1949 1013 horarum
1999 960 2303 1033 pensum
2363 943 2577 1016 iidem
2641 952 2981 1019 tenentur
3035 946 3252 1020 absol-

604 1070 794 1142 vere,
835 1057 1045 1142 prout
1096 1053 1393 1125 inferius
1432 1053 1587 1125 fuse
1624 1052 2277 1126 demonstrabitur:
2338 1055 2532 1143 quod
2566 1057 2856 1146 quidem
2892 1059 3051 1130 sine
3110 1078 3252 1131 vera

598 1164 988 1237 residentia
1024 1163 1208 1237 effici
1245 1166 1525 1254 nequit.
1563 1164 1646 1237 At
1683 1183 1851 1236 vero
1879 1163 2129 1236 eadem
2166 1171 2275 1237 est
2309 1165 2807 1240 discontinua:
2847 1171 3045 1261 quod
3083 1172 3253 1244 enim

601 1275 913 1368 pertinet
964 1275 1057 1348 ad
1108 1275 1420 1349 officium
1457 1275 1915 1368 praebendae
1969 1276 2355 1365 adnexum,
2399 1279 2573 1350 satis
2625 1285 2760 1369 est,
2799 1286 2880 1352 ut
2916 1281 3253 1371 praeben·

599 1387 734 1461 dae
783 1393 1014 1460 rector
1062 1390 1273 1460 certis
1323 1387 1517 1458 horis
1570 1387 1785 1460 choro
1834 1395 2286 1480 praesentem
2367 1407 2524 1461 sese
2575 1391 2947 1481 praebeat.
3009 1389 3257 1484 Itaque

596 1506 834 1591 potest
870 1499 1008 1570 alia
1044 1500 1337 1588 insuper
1371 1517 1668 1572 munera
1704 1499 2042 1591 perferre,
2084 1507 2155 1573 et
2201 1502 2421 1572 etiam
2462 1500 2816 1574 beneficia
2869 1505 3250 1595 possidere,

597 1611 983 1683 dummodo
1033 1617 1322 1702 propter
1372 1610 1551 1683 haec
1612 1610 1826 1684 choro
1878 1612 2125 1684 deesse
2177 1630 2323 1683 non
2386 1619 2706 1704 cogatur.
2751 1610 2838 1684 In
2898 1616 3259 1689 Tolentina

596 1721 794 1795 Serv.
835 1721 1032 1796 chor.
1073 1723 1194 1792 26.
1236 1718 1401 1793 Maii
1459 1724 1673 1794 1739.
1716 1723 1809 1794 ad
1860 1724 2036 1796 dub.
2082 1727 2197 1796 12.
2239 1743 2461 1817 penes
2515 1723 2592 1796 S.
2632 1724 2706 1797 C.
2750 1724 2823 1798 C.
2869 1728 3259 1817 quaereba-

595 1839 749 1907 tur:
809 1855 848 1902 ‹
883 1836 998 1905 12.
1035 1832 1142 1904 An
1179 1835 1565 1906 canonicus
1600 1831 1868 1906 Rilli...
1910 1842 1981 1908 et
2019 1837 2404 1908 canonicus
2456 1832 2717 1928 Ioseph
2768 1835 3073 1931 Pompili
3112 1860 3256 1933 pos-

597 1969 637 2014 »
675 1947 821 2018 sint
870 1946 1176 2018 retinere
1212 1945 1682 2038 capellaniam
1722 1947 1795 2018 in
1832 1948 2129 2019 ecclesia
2164 1948 2382 2020 rurali
2438 1946 2507 2020 S.
2553 1945 2813 2041 Ioseph
2850 1969 3016 2022 cum
3053 1971 3258 2025 onere

597 2081 637 2126 ›
677 2057 942 2130 ibidem
976 2057 1387 2130 celebrandi
1425 2058 1680 2131 diebus
1724 2058 1949 2149 festiS,
1991 2065 2063 2132 et
2112 2061 2503 2150 respective
2541 2079 2803 2133 munus
2853 2065 3254 2154 organistae

596 2193 637 2237 >
676 2189 1002 2243 exercere
1054 2172 1128 2241 in
1180 2172 1478 2244 ecclesia
1541 2171 1614 2242 S.
1654 2166 1974 2243 Nicolai‘i
2006 2195 2044 2237 »
2117 2193 2155 2235 (ι
2192 2173 2307 2244 13.
2348 2171 2457 2242 An
2511 2174 2897 2246 canonicus
2949 2169 3254 2246 Ioannes

594 2305 634 2350 ν
675 2278 888 2354 Rezzi
942 2282 1174 2354 valeat
1234 2300 1560 2356 exercere
1613 2301 1873 2356 munus
1934 2283 2346 2356 confessarii
2398 2287 2814 2359 monialium
2876 2287 2952 2358 in
3016 2306 3258 2359 mona-

597 2415 637 2461 »
674 2395 887 2466 sterio
948 2395 1021 2466 S.
1064 2393 1356 2486 Agnetis
1415 2396 1488 2466 in
1542 2389 1755 2468 casu?
1796 2419 1834 2461 ›
1905 2413 2327 2490 responsum
2400 2397 2572 2471 fuit:
2651 2421 2689 2463 (ε
2733 2399 2835 2470 Ad
2890 2400 3009 2470 12.
3067 2398 3260 2471 Affir-

596 2526 636 2571 ›
675 2505 964 2594 mative,
1005 2505 1388 2578 dummodo
1442 2507 1891 2579 satisfaciant
1943 2509 2229 2581 servitio
2283 2509 2580 2599 chorali,
2628 2518 2700 2584 et
2752 2511 3095 2583 oneribus
3138 2530 3255 2583 ca-

594 2639 634 2684 »
676 2617 1159 2690 nonicatus.·‹
1208 2617 1306 2689 Ad
1368 2621 1484 2692 13.
1527 2619 1992 2710 Affirmative,
2048 2628 2128 2693 ut
2181 2623 2272 2694 ad
2326 2624 2756 2713 proximum.
2802 2648 2843 2690 ι»

734 2729 806 2800 5.
849 2725 1096 2803 Innuit
1132 2728 1403 2803 Bened.
1450 2727 1637 2803 XIV.
1681 2728 1900 2825 (Inst.
1932 2734 2100 2805 eccl.
2147 2732 2313 2805 107.
2357 2753 2431 2804 n.
2461 2734 2578 2806 16.
2619 2740 2685 2806 et
2720 2754 2859 2826 seq.
2860 2728 2937 2830 ),
2977 2735 3252 2824 aliquos

588 2838 835 2929 fuisse,
876 2844 1001 2932 qui
1050 2842 1451 2930 crederent,
1494 2844 1871 2916 canonicos
1908 2842 2229 2935 aliosque
2283 2846 2605 2917 addictos
2648 2864 2777 2917 suo
2815 2847 3090 2917 muneri
3140 2866 3255 2917 sa-

588 2952 942 3043 tisfacere,
999 2956 1058 3025 si
1111 2962 1527 3047 praesentes
1584 2955 1657 3024 in
1707 2954 1921 3028 choro
1973 2974 2049 3028 se
2099 2957 2388 3044 sistant,
2444 2958 2622 3046 quin
2684 2976 2849 3029 voce
2911 2967 2982 3030 et
3034 2964 3246 3029 cantu

588 3065 764 3136 alios
813 3064 1375 3155 subsequantur.
1435 3062 1758 3140 Iamvero
1810 3066 2053 3158 plures
2106 3069 2257 3158 ipse
2309 3067 2578 3139 ibidem
2629 3072 2983 3160 congessit
3036 3068 3106 3140 S.
3165 3066 3238 3138 C.

585 3177 1081 3265 resolutioneS,
1120 3176 1386 3267 quibus
1438 3176 1716 3249 futilem
1767 3177 1957 3251 hanc
2008 3180 2438 3251 sententiam
2493 3181 2820 3273 explosit.
2882 3179 3125 3272 Neque
3174 3179 3247 3252 id

584 3288 759 3359 satis
809 3287 1100 3375 habuit3
1157 3307 1471 3378 namque
1527 3296 1736 3381 capta
1785 3291 2153 3362 occasione
2188 3292 2425 3363 editae
2476 3290 2774 3365 Constit.
2816 3294 3035 3384 incip.
3081 3294 3245 3365 Cum

582 3417 847 3489 semper
897 3400 1165 3472 oblatas
1226 3395 1302 3492 ξ.
1341 3399 1503 3481 24„
1545 3402 1794 3490 (quam
1846 3400 2178 3473 dabimus
2230 3403 2591 3476 volumine
2627 3401 2765 3476 111.
2808 3405 2945 3476 sub
2983 3425 3055 3476 n.
3089 3400 3243 3496 23.)

583 3509 845 3581 diserte
882 3512 1299 3598 declaravit,
1358 3512 1592 3602 ipsam
1644 3512 2072 3602 doctrinam,
2115 3515 2218 3584 uti
2256 3513 2508 3585 falsam
2547 3516 3034 3605 reiiciendam,
3072 3514 3241 3606 quin

579 3622 721 3694 imo
758 3623 1087 3712 subiecit,
1131 3623 1222 3693 ad
1260 3641 1416 3695 eam
1472 3624 1965 3696 sustinendam
2016 3643 2249 3714 neque
2289 3626 2755 3699 inveteratam
2795 3625 3247 3699 consuetudi-

578 3751 773 3822 nem,
813 3752 1046 3824 neque
1081 3740 1353 3806 statuta
1389 3736 1807 3825 peculiaria,
1848 3755 2084 3827 neque
2120 3739 2333 3809 etiam
2371 3748 2749 3829 praetensa
2789 3741 3235 3812 ecclesiarum

578 3848 946 3939 privilegia
997 3847 1219 3918 ullam
1296 3846 1566 3919 habere
1618 3848 1789 3919 vim.
1850 3846 2303 3921 Solummodo
2355 3851 2725 3941 suffragari
2779 3858 3017 3942 posset
3066 3853 3239 3940 Apo-

579 3958 904 4030 stolicum
955 3978 1097 4029 non
1141 3965 1679 4049 praesumptum
1730 3959 1838 4032 vel
1892 3960 2332 4051 abrogatum,
2391 3960 2510 4032 sed
2562 3962 2949 4053 legitimum
2999 3981 3078 4033 ac
3131 3958 3241 4031 vi-

577 4089 741 4161 qens
789 4070 1271 4162 privileqium,
1309 4071 1452 4143 sive
1490 4069 1881 4152 indultum,
1921 4071 2111 4159 quod
2150 4072 2283 4141 nisi
2323 4078 2605 4163 praesto
2640 4074 2758 4161 sit,
2800 4093 2962 4145 cum
2997 4071 3229 4147 eodem

576 4179 918 4256 Pontifice
970 4184 1121 4255 iure
1174 4204 1259 4255 ac
1311 4185 1558 4256 merito
1610 4185 1990 4257 verendum
2027 4191 2158 4267 est,
2195 4204 2281 4257 ne
2318 4187 2470 4268 isti,
2506 4189 2626 4279 qui
2677 4188 2774 4258 ita
2829 4206 2905 4260 se
2962 4188 3224 4279 gerunt,

580 4288 973 4386 (silentium
1024 4295 1296 4367 scilicet
1329 4295 1741 4368 huiusmodi
1797 4298 1869 4368 in
1908 4296 2119 4368 choro
2161 4295 2509 4393 servant),
2555 4299 3113 4391 praebendorum
3143 4311 3229 4364 ac

576 4403 1150 4479 distributionum
1181 4407 1458 4500 fructus
1495 4409 1787 4479 minime
1837 4427 1993 4479 suos
2028 4408 2341 4501 fociant,
2377 4417 2443 4481 et
2491 4418 2982 4502 consequenter
3028 4426 3107 4480 ne
3134 4403 3233 4475 ad

574 4514 872 4589 istorum
920 4522 1430 4593 restitutionem
1483 4528 1881 4595 teneantur.
1942 4519 2168 4602 Quam
2222 4524 2449 4613 ipsam
2503 4524 2593 4596 de
2653 4543 2822 4597 voce
2892 4544 2972 4598 ac
3021 4526 3227 4595 cantu

575 4646 724 4702 non
774 4633 1164 4707 omittendo
1212 4637 1850 4729 praescriptionem
1904 4639 2158 4711 iterum
2212 4639 2401 4711 idem
2450 4642 2862 4732 gravissime
2913 4642 3103 4733 urget
3145 4632 3223 4703 in
