3497 5235
612 388 695 451 84
1366 393 1739 453 humationi·
1783 394 1834 452 8.
1863 393 2049 467 Gongr.
2080 392 2235 452 Oono.
2277 394 2549 469 expo-itio.

616 547 654 593 »
695 524 960 616 insigni
993 525 1286 617 oppido,
1343 527 1562 600 etiam
1597 527 1885 600 Nullius
1923 527 2285 609 dioecesis,
2337 527 2398 598 si
2450 525 2550 598 ibi
2605 526 2841 598 clerus
2874 544 3303 602 numerosus

612 657 653 703 ι
690 637 930 727 fuerit,
966 636 1095 709 ubi
1134 636 1331 709 nulla
1369 637 1814 729 praebenda,
1858 645 1984 711 aut
2017 639 2639 732 praestimonium,
2679 656 2807 712 seu
2847 637 3295 731 stipendium

611 780 651 828 >
687 750 1102 825 huiusmodi
1160 749 1585 841 deputatum
1646 750 2026 844 reperitur,
2102 749 2517 842 praebenda
2587 749 3286 843 quomodocumque,

613 891 651 937 »
691 870 1197 956 praeterquam
1250 880 1338 934 ex
1391 880 1608 935 causa
1655 862 2192 954 resignationiS‚
2251 863 2477 953 primo
2530 867 2897 952 vacatura,
2939 865 3055 935 cui
3092 863 3291 935 aliud

609 999 650 1045 ι
690 993 870 1048 onus
907 973 1442 1065 incompatibile
1477 974 1886 1047 iniunctum
1936 991 2082 1047 non
2134 972 2256 1064 sit,
2315 975 2409 1047 ad
2461 992 2626 1047 eum
2662 992 2872 1046 usum
2905 974 3059 1067 ipso
3095 973 3291 1048 facto

606 1112 646 1160 >
688 1093 1037 1181 perpetuo
1071 1086 1460 1158 constituta
1497 1093 1570 1158 et
1603 1085 1948 1175 deputata
1984 1086 2454 1177 intelligatur.
2486 1083 2580 1157 Et
2605 1089 2963 1176 quate’nu's
3001 1085 3074 1157 in
3110 1086 3289 1177 ipsis

609 1222 650 1268 ι
689 1197 1010 1271 ecclesiis
1033 1196 1234 1269 nulla
1270 1196 1382 1268 vel
1409 1214 1556 1268 non
1582 1195 1948 1270 sufficiens
1975 1196 2393 1287 praebenda
2421 1198 2627 1286 foret,
2660 1196 3281 1290 MetropolitanuS,

608 1336 646 1382 »
684 1310 796 1382 vel
833 1307 1228 1400 Episcopus
1265 1307 1418 1398 ipse
1456 1324 1583 1397 per
1610 1307 2171 1399 assignationem
2199 1308 2563 1383 fructuum
2598 1309 2902 1382 alicuius
2937 1310 3292 1402 simplicis

607 1447 645 1493 »
681 1421 1045 1508 beneficii,
1102 1419 1421 1492 eiusdem
1477 1425 1718 1491 tamen
1772 1419 2042 1493 debitis
2090 1423 2532 1514 supportatis
2580 1420 2951 1510 oneribus,
3001 1423 3114 1493 vel
3149 1439 3286 1512 per

601 1557 642 1600 ›
681 1532 1286 1606 contributionem
1349 1529 1942 1604 beneficiatorum
2007 1548 2184 1605 suae
2244 1533 2558 1606 civitatis
2608 1539 2680 1604 et
2730 1531 3101 1621 dioecesis,
3168 1531 3284 1603 vel

602 1671 639 1715 ι
683 1646 887 1732 alias,
941 1648 1154 1735 prout
1206 1641 1647 1714 commodius
1717 1644 1868 1716 fieri
1939 1646 2227 1735 poterit,
2291 1645 2381 1717 de
2433 1643 2738 1738 Capituli
2808 1645 3106 1717 consilio
3172 1644 3281 1716 ita

600 1782 638 1828 »
680 1755 1076 1848 provideat,
1135 1760 1214 1826 ut
1266 1754 1420 1846 ipsa
1473 1772 1719 1827 sacrae
1772 1753 2184 1848 Scripturae
2223 1757 2431 1829 lectio
2466 1755 2851 1843 habeatur,
2891 1757 2990 1828 ita
3027 1761 3278 1828 tamen

602 1892 640 1938 »
679 1876 759 1942 ut
812 1883 1310 1959 quaecumque
1354 1866 1540 1938 aliae
1573 1866 1921 1940 lectiones
1955 1867 2068 1940 vel
2105 1870 2652 1956 consuetudine,
2692 1867 2805 1940 vel
2839 1868 3095 1957 quavis
3131 1867 3279 1939 alia

598 2004 635 2048 >
676 1979 952 2052 ratione
1004 1977 1376 2050 institutae
1429 1984 1719 2069 propter
1772 1979 1847 2051 id
1900 1979 2192 2052 minime
2244 1982 2934 2069 praetermittantur.
2972 2004 3010 2050 »

742 2092 863 2163 68.
919 2086 1194 2163 Eadem
1239 2089 1586 2182 ⁸Synodus
1655 2088 1744 2163 de
1813 2091 2227 2182 praebenda
2290 2093 2846 2183 poenitentiaria
2899 2095 3082 2166 Sess.
3137 2091 3275 2164 2⁴.

592 2225 749 2297 cap.
774 2203 848 2277 8.
884 2203 967 2275 de
993 2203 1302 2292 Reform.
1344 2203 1446 2274 ita
1482 2202 1841 2276 decrevit:
1905 2225 1945 2271 ‹
1982 2199 2072 2274 In
2105 2203 2439 2278 omnibus
2476 2206 2692 2278 etiam
2729 2203 3278 2277 cathedralibus

592 2341 630 2387 »
670 2316 1015 2404 ecclesiis,
1073 2314 1198 2386 ubi
1251 2314 1325 2387 id
1378 2314 1746 2388 commode
1802 2316 1955 2388 fieri
2007 2315 2293 2407 poterit,
2351 2316 2947 2409 poenitentiarius
2999 2317 3275 2407 aliquis

589 2452 628 2497 ›
670 2446 834 2500 cum
885 2428 1149 2500 unione
1201 2425 1662 2518 praebendae
1713 2428 2035 2518 proxime
2088 2435 2472 2501 vacaturae
2523 2427 2614 2500 ab
2667 2424 3021 2520 Episcopo
3057 2429 3275 2500 insti-

587 2563 625 2609 »
665 2546 936 2628 tuatur,
994 2539 1120 2629 qui
1174 2538 1512 2631 magister
1546 2540 1665 2630 sit,
1706 2539 1820 2612 vel
1858 2539 2139 2625 doctor,
2182 2546 2307 2611 aut
2345 2539 2756 2612 licentiatus
2791 2541 2867 2610 in
2902 2538 3270 2632 theologia

586 2677 624 2723 »
665 2653 776 2725 vel
815 2654 966 2725 iure
1001 2652 1372 2739 canoni00‚
1414 2658 1488 2724 et
1522 2671 1881 2725 annorum
1918 2652 2427 2743 quadraginta,
2459 2670 2584 2725 seu
2612 2652 2824 2741 alius,
2866 2651 2990 2742 qui
3027 2652 3272 2741 aptior

585 2788 623 2834 »
666 2782 793 2856 pro
844 2765 978 2836 loci
1033 2764 1384 2853 qualitate
1435 2765 1862 2854 reperiatur,
1920 2765 2072 2854 qui,
2113 2764 2288 2836 dum
2324 2763 2811 2857 confessiones
2847 2765 2922 2835 in
2958 2764 3269 2838 ecclesia

584 2901 623 2946 ›
664 2877 937 2964 audiet,
994 2877 1282 2949 interim
1333 2893 1674 2966 praesens
1725 2878 1801 2947 in
1854 2875 2073 2948 choro
2128 2882 2531 2948 censeatur.
2568 2901 2605 2943 ι»

728 2991 848 3061 69.
908 2986 1136 3079 Super
1168 2988 1543 3078 utriusque
1580 2986 2039 3081 praebendae
2075 2989 2432 3060 erectione
2484 3007 2543 3059 s.
2586 3006 2683 3059 m.
2725 2985 2999 3059 Bened.
3040 2983 3259 3058 XIII.

578 3096 1173 3173 Constitutionem
1227 3099 1454 3172 edidit
1497 3098 1612 3172 die
1652 3100 1774 3172 IV.
1818 3099 2123 3172 Kalend.
2159 3102 2318 3172 Iun.
2357 3098 2574 3173 1725.
2616 3100 2956 3193 incipien.
2999 3101 3269 3173 Pasto-

577 3211 757 3283 ralis
810 3213 1055 3305 officii,
1108 3230 1328 3301 quam
1388 3211 1625 3303 legere
1676 3218 1784 3284 est
1835 3212 1910 3282 in
1965 3211 2325 3283 volumine
2377 3207 2515 3282 III.
2573 3211 2711 3284 sub
2767 3230 2967 3283 num.
3013 3213 3118 3300 7.,
3178 3212 3262 3283 in

575 3340 721 3413 qua
774 3324 984 3395 enixe
1038 3323 1405 3396 decretum
1456 3328 1845 3413 utrumque
1897 3319 2358 3398 Tridentinae
2396 3321 2660 3416 Synodi
2706 3323 3262 3413 exsequendum

573 3433 1079 3507 demandatur.
1137 3433 1409 3508 Deinde
1463 3434 1830 3523 statuitur,
1887 3441 1969 3507 ut
2021 3436 2096 3506 in
2149 3454 2396 3508 earum
2448 3434 2825 3508 collatione
2862 3452 3265 3507 concursus

569 3542 795 3617 forma
849 3552 1197 3635 servetur,
1257 3565 1342 3619 ac
1393 3546 1689 3619 tandem
1725 3546 2167 3637 ampliantur
2202 3547 2555 3635 subsidia,
2597 3546 2861 3636 quibus
2898 3548 3262 3636 praescri-

570 3662 693 3748 pta
749 3659 1007 3730 erectio
1060 3659 1308 3749 perfici
1358 3665 1604 3749 queat.
1668 3659 2008 3732 Adnotari
2058 3659 2302 3749 debet,
2360 3658 2554 3750 quod
2607 3657 3013 3731 huiusmodi
3066 3656 3262 3732 Con-

565 3768 842 3841 stitutio
896 3770 988 3842 ad
1038 3767 1326 3842 Italiam
1378 3778 1451 3843 et
1502 3771 1776 3843 insulas
1828 3770 2241 3843 adiacentes
2296 3754 2925 3844 circumscribitur.

715 3882 829 3953 70.
893 3878 980 3953 In
1032 3882 1572 3955 cathedralibus
1640 3889 1790 3955 tam
1857 3881 2458 3972 poenitentiaria,
2534 3899 2753 3971 quam
2822 3880 3263 3972 theologalis

562 3978 904 4083 erIgenda
957 3999 1091 4065 est.
1149 3990 1220 4064 Si
1275 4000 1515 4065 autem
1567 3990 1965 4085 Episcopus
2015 3992 2300 4065 duabus
2349 3993 2617 4085 praesit
2670 3991 3253 4082 cathedralibuS,

564 4102 641 4173 in
678 4122 1118 4193 unaquaque
1154 4104 1439 4176 illarum
1473 4105 2029 4195 poenitentiaria
2065 4105 2404 4196 erigenda
2439 4112 2575 4177 est.
2612 4104 2684 4176 S.
2717 4103 2793 4176 C.
2829 4105 2901 4175 in
2943 4104 3248 4178 Valven.

560 4215 732 4284 anni
794 4215 1007 4286 1650.
1053 4214 1361 4287 Gerund.
1403 4222 1470 4288 et
1508 4215 1870 4288 Cariaten.
1918 4215 2184 4307 Synodi
2219 4218 2291 4288 2.
2327 4214 2579 4288 Octob.
2628 4217 2845 4288 1706.
2878 4215 2972 4288 ad
3007 4211 3134 4285 VI.
3169 4223 3257 4290 et

558 4325 819 4397 iterum
878 4326 993 4396 11.
1035 4325 1207 4397 Feb.
1254 4327 1467 4399 1708.
1525 4325 1769 4422 (Thes.
1814 4327 2039 4398 Resol.
2100 4333 2268 4400 tom.
2312 4326 2383 4400 9.
2438 4327 2618 4400 anni
2656 4325 2868 4399 1740.
2930 4327 3007 4397 in
3062 4346 3249 4419 app.

546 4456 722 4529 paq.
769 4435 936 4509 170.
937 4433 1009 4533 ).
1073 4435 1157 4510 At
1209 4457 1370 4511 cum
1422 4438 1792 4511 decretum
1829 4458 1991 4511 mox
2026 4438 2326 4511 allatum
2381 4442 2561 4512 Sess.
2602 4439 2723 4511 24.
2765 4457 2923 4529 cap.
2955 4436 3029 4510 8.
3072 4438 3259 4509 nul—

550 4547 702 4620 lam
752 4547 842 4620 de
893 4548 1289 4641 collegiatis
1328 4551 1766 4624 mentionem
1802 4549 2045 4639 faciat,
2087 4550 2373 4622 tametsi
2411 4550 2772 4622 interdum
2807 4550 2982 4621 utile
3017 4546 3257 4640 foret,

551 4659 614 4733 si
650 4660 726 4731 in
762 4660 865 4732 eis
900 4663 1454 4754 poenitentiaria
1491 4665 1907 4755 erigeretur,
1948 4661 2173 4734 veluti
2207 4660 2677 4756 perpenditur
2712 4661 2786 4732 in
2823 4660 2987 4732 folio
3011 4661 3257 4733 Ascu-

551 4773 770 4847 lanae
807 4792 970 4848 mox
1005 4775 1338 4849 citandae
1386 4772 1461 4869 ἓ.
1505 4776 1930 4870 Pacificum,
1967 4773 2434 4848 nihilominus
2469 4771 3023 4868 perpendendae
3060 4781 3264 4849 sunt
