3497 5235
1401 284 1668 343 Praetutia
1707 284 1955 343 ιιισὶοιίι.
2951 303 3018 348 lx

346 421 555 531 apud
638 419 1071 531 utriusque
1159 418 1468 509 Siciliae
1532 446 1813 530 regem
1895 421 2244 505 Nuntius
2271 484 2291 522 ,
2350 421 2688 532 publicis
2775 421 2859 506 in
2925 451 3022 509 eo

341 586 597 669 regno
663 555 1071 644 conversis
1134 562 1401 661 rebuS,
1447 559 1883 669 Caietaque
1958 570 2445 669 expugnata,
2487 562 2826 644 Romam
2889 590 3021 647 re-

344 696 753 806 migravit,
799 696 940 781 ubi
1002 726 1050 780 a
1114 696 1360 783 SSmo
1407 698 1501 782 D.
1548 698 1644 782 N.
1693 702 1794 783 ad
1859 698 2073 783 vices
2119 699 2515 807 gerendas
2580 726 2627 782 a
2673 696 3017 784 Secretis

345 834 425 923 S.
475 835 566 920 G.
615 833 975 935 Concilii‚
1018 834 1451 945 Apostolici
1491 835 1868 945 Neapolis
1934 835 2216 920 Nuntii
2260 863 2415 921 non
2481 834 2801 920 dimisso
2846 866 3019 921 mu-

347 1002 573 1076 nere,
620 972 1047 1082 adplicitus
1111 978 1259 1069 est,
1325 975 1539 1082 quod
1601 980 2037 1082 utrumque
2121 1002 2413 1058 munus
2474 1003 2769 1084 magna
2835 1004 3018 1061 cum

345 1112 596 1196 laude
666 1116 752 1196 et
810 1110 895 1193 in
959 1138 1337 1221 praesens
1402 1111 1620 1196 obire
1684 1111 2218 1221 prosequitur.
2282 1112 2437 1195 Hic
2501 1112 2753 1223 igitur
2817 1142 3014 1222 quo-

346 1277 516 1359 que
581 1278 730 1359 pro
795 1278 915 1353 ea,
961 1277 1119 1358 qua
1183 1255 1562 1359 praestat,
1606 1248 2104 1358 benignitate
2163 1248 2519 1334 animum
2581 1250 3018 1359 impensius

346 1388 683 1491 addidit,
728 1395 820 1473 ut
881 1390 1090 1498 quod
1150 1394 1418 1473 mente
1486 1389 2062 1493 confinxeram,
2123 1417 2362 1500 opere
2428 1389 2862 1501 complere,
2928 1418 3023 1475 ac

349 1527 660 1638 publici
721 1525 917 1611 iuris
981 1526 1246 1611 facere
1310 1553 1469 1611 non
1534 1527 2014 1612 dubitarem.
2061 1529 2344 1635 Itaque
2391 1554 2484 1613 eo
2527 1527 2784 1637 magis
2850 1556 3022 1611 ma-

346 1694 552 1750 num
620 1665 841 1775 operi
906 1664 1242 1766 admovi,
1287 1670 1372 1750 et
1414 1663 1757 1751 alacrius
1821 1675 2116 1751 metam
2157 1665 2558 1775 attingere
2624 1664 3024 1751 constanti

304 1803 627 1913 ⁸,animo
692 1802 1084 1889 contendi.

549 1942 803 2028 Multa
867 1943 1187 2051 quidem
1255 1946 1693 2052 eademque
1758 1969 1918 2027 non
1957 1941 2374 2027 mediocris
2438 1941 2819 2028 momenti
2884 1943 3024 2025 ad·-

352 2081 741 2166 minicula
804 2080 1103 2190 requiri
1148 2080 1720 2190 intelligebam,
1769 2087 1861 2165 ut
1924 2109 2118 2191 opus
2164 2080 2426 2176 animo
2481 2080 3024 2190 excogitatum

354 2220 464 2304 ad
532 2220 913 2304 effectum
974 2221 1411 2329 perducere
1473 2218 1853 2304 valerem.
1927 2219 2036 2304 At
2095 2247 2286 2305 vero
2359 2222 2458 2305 de
2542 2218 3022 2320 elocutione,

355 2386 576 2467 quae
664 2358 1048 2466 cuiusque
1135 2355 1467 2443 literarii
1547 2356 1808 2467 operis
1870 2385 2029 2441 una
2116 2357 2458 2442 conditio
2523 2362 2687 2459 est,
2743 2382 3025 2465 parum

351 2497 947 2581 immorandum
1010 2493 1499 2580 arbitrabar:
1565 2523 1750 2578 cum
1808 2493 2020 2578 enim
2084 2524 2132 2578 a
2196 2494 2447 2604 prima
2491 2492 3028 2579 adolescentia

353 2635 535 2720 sine
579 2632 747 2717 ulla
788 2633 1369 2720 intermissione
1416 2634 1701 2719 diurna
1741 2639 2298 2741 nocturnaque
2346 2661 2587 2716 manu
2632 2633 3028 2716 calamum

358 2799 744 2859 exercere
807 2772 1265 2873 debuerim,
1330 2800 1485 2857 non
1567 2770 1912 2856 multum
1987 2771 2290 2880 negotii
2354 2800 2446 2855 ac
2532 2770 3025 2856 difficultatis

354 2909 569 2995 haec
633 2936 763 2993 res
829 2908 1211 2994 exhibere
1286 2935 1521 3019 posse
1613 2910 2069 3011 videbatur,
2135 2935 2388 3017 eoque
2456 2908 2759 3018 magiS,
2820 2911 3033 3017 quod

349 3047 515 3134 hoc
587 3075 848 3156 genus
911 3074 1243 3157 operum
1308 3047 1736 3133 illiusmodi
1802 3075 1960 3134 non
2026 3054 2170 3148 est,
2221 3048 2303 3131 in
2369 3073 2525 3156 quo
2590 3048 2874 3132 florum
2938 3075 3031 3132 ac

355 3187 960 3296 elegantiarum
1032 3185 1436 3298 specimen
1526 3188 1923 3273 edendum
1987 3187 2113 3270 sit.
2172 3186 2399 3289 Quod
2473 3213 2662 3270 vero
2744 3184 3035 3270 attinet

358 3326 468 3408 ad
535 3323 889 3409 universi
953 3324 1213 3436 operis
1275 3325 1610 3408 formam
1673 3325 1935 3409 animo
2004 3323 2595 3431 concipiendam
2674 3350 2767 3407 ac
2832 3321 3030 3408 deli-

357 3464 787 3562 neandam,
830 3462 912 3545 id
955 3465 1170 3572 quod
1231 3461 1576 3572 primum
1622 3492 1714 3547 ac
1778 3461 2273 3571 potissimum
2318 3470 2558 3570 caput
2623 3461 3030 3563 existimo,

359 3600 626 3685 multo
671 3600 933 3684 minus
998 3600 1334 3684 fortasse
1387 3598 1583 3682 mihi
1647 3598 2245 3683 allaborandum
2293 3627 2466 3684 esse
2513 3599 2774 3684 animo
2838 3596 3056 3701 mihi,

362 3740 855 3823 suadebam:
924 3766 1099 3822 eam
1166 3737 1376 3821 enim
1444 3736 2067 3822 commodissime
2151 3736 2633 3822 delineatam
2709 3735 3036 3820 exhibet

364 3876 547 3986 ipsa
624 3875 1049 3961 Benedicti
1113 3876 1341 3959 XIII.
1423 3874 1897 3976 Instructio,
1969 3874 2194 3961 cuius
2260 3874 2618 3984 vestigiis
2700 3873 3074 3983 pressim·

363 4015 748 4099 insistere
816 4014 1011 4097 satis
1075 4019 1275 4114 erat,
1319 4019 1412 4097 ut
1475 4041 1645 4097 rem
1708 4012 2138 4123 suscipere,
2194 4021 2274 4098 et
2325 4011 2691 4098 omnibus
2756 4039 3036 4096 nume-

360 4152 481 4236 ris
552 4150 970 4237 absolvere
1056 4178 1428 4268 possem..
1479 4149 1823 4260 Reliqua
1909 4158 2084 4236 erat
2167 4149 2542 4251 materia,
2629 4179 2871 4259 quam
2954 4149 3037 4233 in

359 4289 704 4398 singula
769 4289 1125 4374 eiusdem
1207 4289 1776 4375 Benedictinae
1851 4290 2240 4373 formulae
2308 4289 2567 4398 capita
2631 4287 2891 4399 ingeri
2958 4296 3039 4373 et

360 4426 790 4513 cumulate
855 4426 1194 4536 expandi
1260 4434 1684 4537 oporteret.
1762 4426 1868 4512 At
1950 4427 2189 4537 paulo
2276 4435 2459 4512 ante
2524 4426 3035 4539 praemonui,

355 4571 778 4678 quantum
848 4563 1313 4649 insudatum
1374 4563 1571 4650 mihi
1656 4565 1740 4649 in
1815 4564 2026 4649 omni
2101 4563 2263 4651 vita
2343 4595 2523 4652 mea
2598 4566 2884 4669 fuerit,
2948 4570 3039 4648 ut
