3497 5235
583 317 702 383 488
1328 317 1697 376 humationi·
1736 316 1790 374 8.
1821 315 2004 389 Oonssr.
2033 314 2179 372 om.
2221 314 2492 388 monitio.

584 469 753 523 nam
807 451 1133 523 consulta
1185 450 1320 523 hac
1362 451 1450 523 de
1491 469 1562 523 re
1599 449 2006 541 respondit:
2068 472 2105 515 α
2137 446 2778 523 Renuntiationem
2810 446 3233 540 patrimonii,

586 586 625 632 ›
665 563 757 635 ad
809 564 1011 635 cuius
1063 564 1348 635 titulum
1404 563 1703 637 clericus
1755 562 2170 653 simpliciter
2219 563 2438 634 sacris
2489 559 2880 634 Ordinibus
2931 561 3067 634 fuit
3118 560 3239 631 ini-

586 699 626 742 »
666 675 931 762 tiatuS,
990 673 1263 764 absque
1319 674 1608 746 licentia
1678 671 2012 765 Episcopi
2082 672 2344 745 factam
2397 691 2539 745 non
2591 674 2975 760 sustineri,
3034 673 3237 745 etiam

587 813 627 856 ›
670 796 830 880 post
881 790 1399 860 assecutionem
1452 788 1784 860 beneficii
1837 788 1930 859 ad
1981 789 2134 859 eius
2185 788 2405 860 vitam
2457 787 3007 859 sustentandam
3057 783 3240 856 suffi-

588 926 627 972 ›
669 903 920 974 cientis
949 926 1019 989 ι,
1061 908 1133 973 et
1168 901 1472 973 refertur
1509 902 1581 970 in
1618 899 1739 971 iol.
1784 899 2225 972 Tusculanae
2276 900 2347 970 5.
2383 898 2603 990 April.
2642 899 2856 969 1783.
2896 894 2970 991 ἓ.
3011 897 3235 987 Saepe.

585 1009 787 1094 Quod
839 1014 1025 1084 valet
1078 1014 1290 1085 etiam
1345 1030 1428 1084 eo
1478 1029 1681 1098 casu,
1724 1029 1866 1101 quo
1903 1011 2065 1100 quis
2102 1011 2610 1100 patrimonium
2644 1010 3043 1094 constituit,
3085 1025 3241 1079 con-

585 1123 856 1197 ditione
909 1126 1216 1212 adiecta,
1274 1130 1353 1197 ut
1407 1123 1910 1214 patrimonium
1965 1129 2220 1209 cesset,
2278 1121 2560 1211 sibique
2612 1120 2801 1193 bona
2857 1120 3077 1192 libere
3146 1136 3246 1190 re-

584 1242 988 1323 vertantur,
1046 1234 1260 1307 simul
1313 1254 1398 1307 ac
1449 1237 1748 1308 clericus
1799 1233 2231 1306 beneficium
2280 1252 2454 1306 suae
2505 1233 2691 1305 vitae
2745 1231 3059 1304 tuendae
3106 1231 3247 1303 ido-

583 1364 798 1419 neum
854 1356 1307 1437 assequatur,
1374 1365 1501 1418 seu
1554 1346 1768 1418 donec
1828 1345 2316 1436 provideatur.
2374 1341 2552 1415 Nam
2606 1346 2680 1416 in
2733 1342 2807 1415 S.
2847 1342 2925 1415 C.
2965 1342 3247 1414 Concilii

585 1476 809 1549 penes
861 1457 1199 1531 Zamboni
1255 1459 1386 1531 loc.
1429 1460 1550 1530 cit.
1610 1478 1685 1530 η.
1728 1458 1800 1531 9.
1845 1458 2112 1550 agitato
2148 1455 2413 1528 dubio:
2477 1478 2513 1522 ‹
2560 1457 2660 1527 An
2696 1455 2904 1527 bonis
2940 1456 3036 1527 ad
3069 1473 3250 1526 com-

591 1595 630 1641 »
672 1572 951 1644 modam
989 1572 1601 1644 conservationem
1640 1576 1888 1661 postea
1926 1569 2298 1659 quaesitis,
2342 1568 2447 1640 vel
2484 1567 2831 1640 beneficio
2866 1565 3246 1640 sufficienti
3339 1559 3346 1562 ⁴

590 1707 629 1753 ›
670 1684 958 1774 adept0‚
1014 1685 1255 1757 statim
1328 1684 1834 1773 patrimonium
1888 1688 2312 1765 evanescat,
2368 1679 2500 1753 vel.
2540 1680 2777 1770 potius
2846 1679 3249 1767 requiratur

593 1819 630 1861 ›
670 1812 1007 1886 expressa
1043 1795 1453 1886 subrogatio
1489 1793 1867 1880 bonorum,
1905 1811 2031 1864 seu
2069 1791 2398 1864 beneficii
2436 1792 2742 1864 assecuti
2779 1789 2869 1862 ab
2907 1787 3251 1882 Episcopo

591 1933 631 1976 ›
671 1905 998 1979 iacienda
1051 1908 1203 1978 loco
1255 1906 1690 1997 patrimonii,
1748 1922 1891 1993 qua
1944 1903 2454 1995 subrogatione
2506 1919 2838 1993 expresse
2885 1920 3033 1973 non
3074 1900 3250 1972 facta

593 2044 630 2087 ι»
674 2019 1183 2111 patrimonium
1220 2018 1454 2090 adhuc
1508 2018 1769 2107 vigeat,
1812 2035 1943 2087 nec
1977 2016 2253 2106 expiret
2288 2014 2637 2101 clausula,
2678 2014 2933 2100 donec,
2975 2020 3050 2084 et
3087 2030 3256 2102 quo-

594 2156 630 2200 >
673 2149 901 2220 usque
939 2129 1206 2201 luerint
1231 2129 1319 2201 de
1347 2130 1587 2218 aliquo
1614 2128 1962 2201 beneficio
1989 2127 2471 2199 ecclesiastico
2501 2126 2789 2216 provisi,
2824 2124 2936 2195 vel
2967 2124 3256 2196 aliunde

591 2267 630 2312 »
669 2241 1082 2328 habuerint,
1126 2241 1315 2312 unde
1352 2240 1716 2312 commode
1769 2241 2003 2310 vivere
2057 2231 2385 2329 possint?
2440 2234 2593 2308 Non
2629 2235 2990 2323 obstante,
3032 2236 3256 2307 voluit

590 2379 630 2422 ›
672 2353 743 2425 S.
787 2353 894 2440 C.,
939 2360 1016 2425 ut
1051 2355 1393 2425 darentur
1427 2352 1788 2424 decreta.»
1839 2351 2137 2423 Dubium
2168 2350 2475 2422 Patrim.
2506 2350 2666 2422 Sac.
2707 2349 2820 2419 12.
2860 2344 3001 2418 Iul.
3045 2347 3258 2418 1687.

589 2487 848 2558 nempe
890 2469 960 2538 in
1004 2467 1317 2539 Oretana
1358 2466 1531 2558 Aug.
1573 2468 1785 2539 1604.
1828 2459 2000 2560 (lib.
2049 2463 2166 2537 44.
2207 2464 2461 2537 decret.
2501 2463 2630 2553 fol.
2673 2462 2792 2536 70.
2832 2468 2900 2534 et
2935 2482 3082 2553 seq.
3089 2459 3162 2554 )‚
3198 2466 3267 2533 et

592 2582 666 2653 in
716 2580 1164 2653 Terracinen.
1205 2579 1326 2651 20.
1369 2574 1507 2649 lul.
1556 2579 1802 2665 1619„
1862 2578 1932 2648 in
1988 2575 2252 2667 quibus
2299 2592 2716 2665 responsum
2755 2572 2932 2644 fuit:
2996 2597 3033 2639 ‹
3069 2569 3266 2644 Titu-

597 2718 634 2762 ›
675 2694 943 2765 lum‘et
996 2692 1438 2782 privilegium
1496 2691 1900 2782 patrimonii
1954 2689 2264 2761 ordinati
2320 2707 2462 2759 non
2499 2687 2884 2778 exstingui,
2928 2685 3263 2775 quamvis

596 2829 633 2873 ν
674 2805 1046 2878 ordinatus
1075 2806 1400 2894 acquirat
1436 2803 1894 2889 beneficium,
1928 2802 2062 2872 nisi
2104 2800 2228 2872 [iat
2263 2799 2354 2870 ab
2383 2797 2732 2890 Episcopo
2758 2797 3262 2887 subrogatio.»

590 2916 1016 2989 Consulatur
1086 2915 1422 2987 Zamboni
1478 2916 1609 2987 loc.
1654 2915 1775 2986 cit.
1836 2915 1908 2984 in
1962 2920 2129 2984 nota
2181 2912 2554 3002 supposita
2623 2929 2697 2981 n.
2744 2909 2896 2995 74„
2955 2907 3084 2979 ubi
3141 2923 3267 2997 per

591 3035 965 3101 extensum
1022 3028 1316 3099 affertur
1368 3027 1755 3099 auctoritas
1807 3021 2178 3096 Monacelli
2237 3024 2371 3095 Tit.
2412 3020 2485 3095 3.
2524 3021 2738 3111 form.
2772 3019 2891 3093 48.
2933 3039 3013 3091 n.
3048 3019 3091 3091 4
3103 3071 3161 3099 .,
3196 3024 3269 3089 et

603 3141 739 3213 Tit.
778 3137 892 3211 13.
933 3140 1148 3231 form.
1181 3137 1255 3212 3.
1299 3159 1372 3209 n.
1410 3137 1562 3226 48.,
1621 3139 1743 3227 qui
1799 3137 1985 3209 banc
2036 3136 2432 3208 doctrinam
2488 3142 2639 3206 tum
2692 3133 3066 3205 doctorum
3106 3149 3273 3203 sen-

592 3253 863 3338 tentia,
920 3257 1073 3322 tum
1125 3251 1500 3322 Sacrarum
1551 3249 2191 3340 Congregationum
2247 3244 2853 3318 declarationibus
2916 3244 3268 3316 latissime

594 3363 1037 3453 comprobat.

743 3477 911 3546 423.
969 3471 1360 3546 Ordinatus
1429 3491 1572 3545 non
1628 3478 1862 3563 potest
1912 3470 2100 3542 bona
2153 3489 2283 3541 sua
2337 3467 2867 3562 patrimonialia
2938 3466 3265 3556 obligare

593 3590 976 3677 sponsione
1027 3605 1155 3657 seu
1212 3585 1719 3671 fideiussione3
1795 3582 1985 3673 quod
2038 3583 2096 3654 si
2149 3581 2437 3667 fecerit,
2495 3579 2822 3651 creditori
2900 3597 3048 3648 non
3106 3578 3268 3647 licet

595 3698 688 3769 ab
742 3717 824 3770 eo
878 3717 1129 3790 capere
1182 3697 1370 3767 ultra
1424 3698 1614 3786 quod
1669 3697 1922 3766 clerico
1975 3698 2301 3784 superest
2356 3700 2511 3782 post
2550 3690 3031 3763 necessariam
3080 3689 3269 3758 vitae

596 3812 1237 3894 sustentationem,
1298 3826 1438 3879 non
1492 3808 1781 3896 quidem
1838 3807 2079 3892 laute,
2135 3804 2257 3876 sed
2316 3804 2626 3876 tenuiter
2678 3799 3015 3886 vivendo,
3075 3793 3268 3888 quod

596 3921 851 3994 iudicis
905 3919 1363 3992 ecclesiastici
1417 3919 1707 3989 arbitrio
1766 3917 2330 4009 praefiniendum
2378 3921 2533 4001 est;
2589 3931 2757 3984 nam
2812 3911 2885 3982 S.
2929 3910 3007 3982 C.
3050 3911 3262 3980 Cone.

596 4034 791 4123 apud
843 4030 1113 4104 Bened.
1160 4027 1345 4102 XIV.
1404 4030 1454 4101 l.
1497 4049 1559 4103 c.
1619 4047 1691 4100 η.
1734 4028 1856 4101 30.
1898 4030 2013 4100 die
2065 4029 2137 4099 5.
2185 4025 2385 4098 Febr.
2434 4024 2649 4097 1604.
2693 4025 2814 4096 lib.
2853 4022 2974 4097 47.
3007 4023 3263 4093 decret.

585 4164 758 4237 paq.
798 4144 914 4218 48.
958 4145 1279 4215 censuit:
1342 4164 1377 4207 ‹
1413 4138 1657 4229 Neque
1713 4140 1786 4211 in
1842 4139 2184 4211 eiusmodi
2227 4137 2680 4228 patrimonio,
2725 4152 2965 4224 neque
3007 4135 3080 4205 in
3116 4133 3271 4204 eius

597 4255 1028 4328 »fructibus
1080 4254 1172 4325 ad
1224 4253 1554 4324 clericum
1623 4251 1960 4322 alendum
2036 4249 2456 4322 necessariis
2523 4247 2967 4320 exsecutioni
3037 4247 3270 4316 locum

598 4392 638 4434 »
676 4385 831 4439 esse
886 4386 1118 4460 posse.
1182 4362 1422 4437 Licere
1476 4372 1716 4436 autem
1774 4380 2027 4452 capere
2080 4363 2155 4433 in
2207 4379 2495 4432 causam
2559 4360 2854 4432 iudicati
2909 4375 3071 4429 eam
3121 4353 3271 4425 iru-

600 4503 636 4546 ›
680 4486 922 4549 ctuum
980 4486 1277 4569 partem,
1337 4494 1522 4566 quae
1576 4475 1962 4565 quotannis
2013 4482 2419 4562 superesset
2476 4471 2664 4544 ultra
2702 4489 2890 4556 eam,
2950 4485 3133 4558 quae
3171 4461 3268 4534 ad

598 4612 638 4655 ›
678 4591 983 4660 ordinati
1039 4589 1664 4674 sustentationem,
1723 4605 1867 4658 non
1920 4586 2115 4658 laute
2150 4583 2276 4656 sed
2313 4586 2624 4657 tenuiter
2669 4581 2975 4653 vivendo
3014 4575 3268 4651 iudicis

599 4723 638 4769 ›
683 4700 1139 4770 ecclesiastici
1192 4699 1543 4770 arbitratu
1582 4696 1792 4769 luerit
1830 4698 2255 4769 necessaria.
2298 4693 2512 4768 Posse
2549 4701 2791 4766 autem
2845 4694 3076 4784 ipsunt
3108 4703 3267 4761 cre·
