3497 5235
565 277 684 342 234
1320 276 1692 335 latrantium
1730 275 1785 334 8.
1813 275 1994 350 Oongr.
2023 275 2170 335 Oeno.
2208 275 2483 351 expetitio:

561 410 1037 506 Episcopum,
1094 429 1241 483 non
1293 409 1628 484 obstante
1688 428 2144 500 quacumque
2197 407 2761 495 consuetudine,
2817 409 3210 501 pertineat3

563 525 983 614 eisdemque
1031 520 1401 614 Episcopis
1454 523 1566 595 ius
1614 523 1707 594 sit
1761 522 2162 613 praedictos
2212 518 2635 612 Regulares,
2677 520 2803 610 qui
2848 519 3071 592 nullis
3101 518 3218 593 Ca-

559 636 808 728 pitulis
858 635 1295 723 subduntur,
1352 633 1690 708 absolute
1730 651 1981 725 cogere
2032 633 2125 706 ad
2178 632 2445 723 Synodi
2481 632 2949 705 dioecesanae
2985 631 3217 705 obser-

559 748 947 835 vationem,
1004 765 1127 819 eos
1176 764 1370 834 vero,
1427 747 1551 836 qui
1602 747 1881 818 ratione
1917 764 2129 818 curae
2167 746 2568 817 animarum
2606 743 3094 833 interfuerint,
3133 745 3214 818 ad

560 858 914 932 servanda
966 875 1052 931 ea
1103 859 1368 946 omnia,
1427 876 1613 948 quae
1664 858 1741 929 in
1793 855 2078 948 Synodo
2130 857 2419 931 decreta
2456 856 2724 928 fuerint
2760 855 2946 927 circa
2983 875 3215 928 curam

561 972 963 1043 animarum
1015 976 1087 1043 et
1138 969 1833 1042 administrationem
1901 966 2550 1042 Sacramentorum.
2614 968 2730 1039 17.
2792 966 2958 1041 Dec.
3007 968 3211 1042 1604.

560 1078 716 1176 (Ex
753 1081 872 1153 lib.
903 1079 1023 1155 10.
1054 1080 1268 1154 deciS.
1300 1100 1378 1173 p.
1417 1080 1585 1154 102.
1626 1082 1819 1173 apud
1855 1079 2125 1155 Bened.
2160 1077 2354 1153 XIV.
2387 1082 2508 1153 lib.
2530 1080 2603 1154 3.
2637 1100 2795 1173 cap.
2824 1080 2893 1153 1.
2928 1101 3004 1153 n.
3033 1077 3214 1177 10..)

556 1191 760 1276 Quod
794 1192 884 1266 de
919 1192 1246 1284 parochis
1280 1191 1730 1284 regularibus
1764 1194 1883 1266 hic
1916 1200 2268 1266 statutum
2305 1200 2441 1282 est,
2483 1195 2739 1267 iterum
2776 1193 3218 1266 confirmavit

561 1301 635 1376 S.
665 1302 741 1376 C.
781 1305 858 1375 in
896 1304 1315 1377 Passavien.
1378 1305 1444 1375 1.
1486 1301 1644 1379 Oct.
1691 1305 1907 1376 1661.
1962 1300 2126 1402 (lib.
2156 1305 2281 1378 22.
2323 1305 2578 1379 decret.
2613 1323 2779 1397 paq.
2825 1303 2994 1377 661.
3037 1302 3224 1395 apud

556 1414 830 1489 Bened.
870 1412 1064 1487 XIV.
1123 1416 1256 1488 loc.
1297 1417 1418 1489 cit.
1423 1410 1490 1512 ).

705 1527 812 1601 Ad
857 1526 1084 1600 dubia
1140 1550 1180 1593 ι
1223 1528 1290 1598 1.
1338 1525 1441 1599 An
1478 1534 1718 1618 patres
1774 1530 2150 1620 guardiani
2203 1529 2562 1618 ceterique
2617 1528 3033 1619 Superiores
3072 1545 3229 1618 par-

560 1666 598 1708 »
640 1658 888 1712 vorum
925 1643 1407 1711 conventuum
1460 1635 1680 1732 (idest
1730 1659 2004 1730 eorum,
2062 1643 2137 1712 in
2189 1638 2455 1730 quibus
2507 1658 2652 1711 non
2704 1646 2873 1711 sunt
2924 1658 3056 1711 sex
3094 1636 3233 1711 Re-

560 1778 600 1820 »
644 1751 925 1842 gulares
958 1768 1046 1822 ex
1081 1749 1348 1823 decret.
1382 1748 1635 1823 Innoc.
1660 1749 1754 1823 X.
1795 1753 1880 1825 Ut
1915 1752 1991 1823 in
2019 1749 2305 1847 parvis)
2341 1756 2729 1823 teneantur
2764 1750 3106 1823 accedere
3138 1749 3226 1821 ad

562 1887 601 1931 ›
643 1861 1007 1953 Synodum
1059 1860 1602 1951 dioecesanam,
1662 1870 2027 1953 quatenus
2090 1863 2357 1935 fuerint
2429 1864 2661 1935 vocati
2725 1862 2817 1934 ab
2880 1850 3232 1953 Episcopo

564 1999 603 2043 ι
640 1981 1013 2063 tamquam
1082 1970 1287 2046 Sedis
1350 1974 1799 2065 Apostolicae
1850 1976 2129 2067 legat03
2201 1982 2275 2048 et
2342 1982 2704 2066 quatenus
2755 1974 3222 2061 affirmative3

564 2110 603 2154 ι
643 2087 715 2157 2.
762 2085 867 2158 An
917 2104 1116 2175 casu,
1176 2104 1318 2175 quo
1369 2105 1514 2158 non
1568 2088 2079 2175 interveniant,
2136 2087 2507 2161 subiacere
2559 2085 2874 2159 debeant
2924 2086 3243 2159 mulctae·

563 2223 602 2267 ι
640 2199 714 2270 in
768 2198 1135 2290 praedicta
1191 2197 1475 2290 Synodo
1527 2199 1870 2271 adversus
1922 2204 2379 2271 contumaces
2431 2191 2959 2272 comminatan
3026 2195 3107 2269 S.
3158 2193 3230 2268 C.

563 2335 602 2379 ι
641 2311 1011 2402 respondit
1050 2312 1142 2384 ad
1163 2312 1250 2382 ·1.
1289 2310 1742 2383 Affirmative.
1786 2310 1893 2383 Ad
1930 2314 2001 2382 2.
2041 2311 2473 2384 Affirmative
2508 2310 2802 2383 arbitrio
2838 2305 3230 2395 Ordinarii,

560 2448 600 2490 »
640 2430 938 2513 excepta
976 2425 1240 2496 mulcta
1275 2423 1716 2514 pecuniaria.
1752 2418 2449 2517 (Pientina17.1ul.
2488 2422 2703 2494 1703.
2728 2418 3001 2493 Bened.
3039 2416 3235 2491 ΧΠ.

564 2558 603 2602 :v
644 2532 772 2605 lib.
819 2535 890 2605 3.
948 2554 1106 2628 cap.
1148 2537 1220 2607 2.
1277 2554 1353 2606 n.
1396 2536 1466 2606 6.
1526 2555 1609 2607 ac
1660 2530 1882 2632 seq.).
1912 2560 1950 2602 ›

712 2646 878 2717 177.
936 2643 1365 2738 Episcopum
1416 2647 1802 2738 procedere
1837 2665 2045 2738 posse
2079 2648 2170 2720 ad
2207 2665 2476 2738 poenas
2510 2647 2725 2719 etiam
2763 2661 3236 2718 censurarum

557 2764 806 2831 contra
858 2755 1257 2849 Regulares
1307 2767 1724 2832 exercentes
1775 2777 2018 2830 curam
2072 2760 2472 2830 animarum
2523 2759 2599 2829 in
2652 2757 2973 2831 ecclesiis
3028 2774 3243 2848 paro-

560 2868 916 2941 chialibus
963 2867 1456 2960 Regularium,
1496 2870 1556 2941 si
1593 2878 1905 2944 renuant
1954 2870 2290 2943 accedere
2342 2870 2433 2942 ad
2486 2867 2881 2961 Synodum,
2923 2886 3078 2939 non
3115 2887 3246 2939 au·-

556 2985 702 3052 tem
756 2986 1005 3054 contra
1058 2978 1469 3071 Superiores
1521 2983 1929 3054 eorumdem
1980 2979 2449 3073 Regularium
2484 2981 2873 3054 declaravit
2926 2977 3002 3051 S.
3038 2978 3121 3054 C.
3162 2976 3237 3052 C.

556 3091 635 3162 in
667 3092 1024 3184 Seqovien.
1059 3092 1126 3162 1.
1166 3092 1422 3182 Aprilis
1461 3092 1675 3164 1657.
1707 3088 1863 3190 (Ex
1900 3095 2021 3166 lib.
2049 3094 2168 3170 19.
2200 3095 2454 3168 decret.
2503 3115 2582 3187 p.
2614 3093 2784 3168 360.
2824 3092 3001 3166 Ben.
3042 3090 3240 3165 XIV.

558 3204 680 3275 lib.
712 3202 786 3277 3.
826 3224 889 3277 c.
928 3203 997 3276 1.
1041 3200 1343 3299 η.18.).

703 3314 809 3387 Ad
847 3314 1183 3387 dubium:
1230 3338 1266 3379 ι
1299 3313 1404 3386 An
1443 3314 1811 3406 Rectores,
1845 3319 1968 3408 qui
2006 3325 2179 3392 sunt
2212 3314 2495 3391 Nullius
2529 3317 2901 3406 dioecesiS,
2930 3325 3250 3392 tenean-

559 3451 597 3496 ›
634 3431 755 3497 tur
788 3427 1127 3498 accedere
1166 3426 1257 3497 ad
1295 3427 1659 3517 Synodum
1695 3429 2197 3502 dioecesanam
2251 3430 2444 3501 illius
2479 3418 2842 3521 Ep1scopi,
2884 3430 3012 3520 qui
3062 3437 3253 3503 tam-

559 3564 597 3606 »
639 3556 857 3628 quam
909 3539 1293 3630 proximior
1342 3548 1576 3630 potest
1626 3559 1745 3613 eos
1797 3539 2131 3615 visitare?
2184 3543 2255 3615 S.
2298 3540 2372 3615 C.
2429 3542 2843 3633 respondit:
2902 3545 3245 3615 teneri.»

562 3654 678 3725 12.
723 3650 928 3725 Febr.
978 3654 1192 3724 1622.
1250 3650 1397 3749 (Ex
1433 3655 1553 3727 lib.
1591 3654 1708 3729 12.
1751 3657 2006 3730 decret.
2055 3677 2226 3750 paq.
2271 3654 2392 3732 90.
2432 3654 2702 3729 Bened.
2736 3652 2927 3727 XIV.
2988 3654 3138 3728 lib.
3174 3656 3246 3727 3.

560 3784 722 3857 cap.
764 3767 835 3837 5.
889 3785 1088 3838 num.
1131 3762 1269 3862 3.).

709 3880 875 3951 178.
916 3876 1302 3972 collegiata
1355 3879 1429 3952 S.
1471 3881 1791 3973 Agathae
1827 3880 2242 3973 Cremonae,
2281 3883 2450 3954 olim
2478 3882 2861 3975 regulariS,
2900 3880 3253 3953 subiecta

555 3990 968 4063 immediate
1019 3989 1155 4063 fuit
1217 3989 1384 4064 Sedi
1451 3991 1943 4083 Apostolicae,
2001 4001 2219 4084 atque
2271 4011 2355 4065 eo
2426 3995 2795 4086 privilegio
2847 3991 3255 4066 fruebatur

557 4103 797 4191 etiam,
855 4109 1237 4195 postquam
1290 4103 1382 4175 ad
1436 4105 1876 4177 saecularem
1930 4111 2196 4177 statum
2258 4105 2549 4177 redacta
2586 4112 2765 4178 erat.
2808 4100 3017 4176 Inter
3075 4101 3263 4197 Epi-

555 4231 851 4306 scopum
886 4211 1433 4287 Cremonensem
1470 4220 1540 4287 et
1575 4213 2067 4308 Praepositum
2111 4215 2410 4289 huiusce
2445 4215 2809 4306 ecclesiae,
2858 4219 3263 4290 occasione

559 4326 855 4416 Synodi,
897 4327 1104 4416 plura
1155 4327 1678 4400 controversiae
1731 4327 1969 4419 capita
2021 4326 2315 4400 suborta
2369 4333 2565 4416 sunt,
2622 4345 2808 4418 quae
2860 4329 3268 4418 sequenti-

555 4434 697 4507 bus
746 4435 986 4508 dubiis
1037 4439 1522 4510 continentur.
1603 4462 1639 4503 ι
1684 4439 1752 4509 1.
1817 4438 1921 4509 An
1972 4436 2425 4530 Praepositus
2495 4437 2568 4511 S.
2622 4438 2936 4531 Agathae
3010 4441 3267 4531 possit

562 4571 601 4615 ›
641 4546 831 4619 ultra
881 4567 1093 4620 usum
1147 4550 1400 4622 mitrae
1448 4551 1523 4621 in
1577 4549 1974 4624 cathedrali
2024 4556 2095 4622 et
2148 4550 2554 4623 actionibus
2602 4549 3093 4641 synodalibus
3153 4552 3270 4625 uti

564 4684 604 4730 ›
644 4657 931 4748 baculo,
972 4659 1273 4750 aliisque
1326 4660 1861 4753 pontificalibus
1913 4667 1986 4733 et
2044 4660 2438 4735 luminibus
2490 4661 2751 4749 aureiS,
2808 4679 2969 4734 cum
3028 4679 3273 4755 sepa·
