3497 5235
1029 291 1150 366 usp.
1177 290 1274 348 111.
1318 291 1391 349 Do
1432 290 1566 348 olore
1607 290 1880 349 meului.
1921 292 1975 365 g.
2004 290 2050 348 1.
2759 289 2877 352 291

246 450 273 489 ι
306 430 459 512 tem,
514 423 939 497 affirmative
991 424 1083 496 ad
1134 425 1554 497 secundam.
1591 450 1629 493 ›
1684 421 1847 497 Vid.
1909 425 2060 496 Fol.
2104 426 2341 499 Ascul.
2383 432 2450 499 et
2510 426 2745 500 Cerin.
2804 427 2877 498 6.

242 534 411 608 Mart.
451 537 660 607 1847.
702 534 779 629 ἓ.
814 536 968 622 Aah
1019 538 1349 628 congruit
1409 536 1874 629 Cephaluden.
1937 538 2236 611 Distrib.
2275 538 2399 611 28.
2442 541 2618 630 Apr.
2657 536 2875 610 1770.

359 650 473 719 38.
529 645 833 730 Quando
884 667 1050 721 vero
1102 651 1428 722 canonici
1479 654 1552 721 et
1587 649 2050 720 mansionarii
2104 668 2548 722 communem
2603 648 2883 740 habent

245 778 543 848 massam,
583 765 658 832 et
709 762 1036 833 canonici
1087 762 1175 833 de
1212 761 1853 833 mansionariorum
1890 760 2228 833 sallentiis
2266 762 2695 852 participare
2732 778 2881 832 non

244 873 438 945 solent
487 879 558 944 et
609 872 964 960 vicissim,
1021 879 1195 945 tunc
1247 870 1322 944 S.
1379 871 1454 944 C.
1513 871 1586 946 C.
1644 872 2057 945 huiusmodi
2109 873 2702 945 consuetudinem
2756 890 2880 963 apa

247 983 501 1077 probat,
559 983 911 1055 calculum
963 1002 1135 1055 suae
1192 984 1636 1056 auctoritatis
1688 984 1918 1056 eidem
1974 984 2355 1073 adiicienS,
2413 991 2495 1056 ut
2545 985 2619 1055 in
2676 985 2888 1056 Seno-

248 1097 497 1187 qallien.
556 1097 681 1167 23.
736 1091 912 1167 Nov.
977 1096 1192 1168 1803.
1250 1102 1323 1167 et
1376 1096 1448 1167 in
1502 1096 1843 1169 Asculan.
1886 1102 1959 1167 et
2004 1096 2078 1167 in
2122 1096 2355 1169 Cerin.
2401 1095 2696 1168 Distrib.
2755 1094 2877 1166 27.

251 1203 422 1279 iiart.
456 1207 672 1278 1847.
715 1208 1076 1298 proposito
1101 1208 1415 1280 secundo
1453 1206 1701 1279 dubio:
1765 1229 1802 1275 α
1834 1208 1942 1277 An
1978 1214 2051 1280 et
2086 1208 2378 1297 quando
2413 1206 2884 1278 annuendum

253 1344 282 1389 ›
312 1321 390 1392 sit
420 1319 753 1411 precibus
788 1326 1147 1392 oratorum
1186 1320 1367 1393 circa
1399 1320 2020 1410 participationem
2047 1318 2659 1406 distributionum,
2698 1333 2886 1406 quae

254 1454 284 1499 ›
316 1452 351 1502 a
395 1450 533 1504 non
569 1431 1125 1503 inservientibus
1153 1433 1583 1504 amittuntur
1619 1433 1692 1503 in
1743 1425 1972 1504 casu?
2005 1456 2043 1499 ›
2101 1429 2493 1521 respondit:
2556 1451 2594 1496 ι
2639 1425 2741 1499 Ad
2776 1446 2890 1499 se-

254 1567 284 1610 ›
313 1544 607 1615 cundum
644 1542 1067 1615 affirmative
1118 1543 1356 1633 quoad
1392 1544 1800 1616 individuos
1853 1543 2171 1616 eiusdem
2209 1548 2452 1615 coetus
2486 1547 2798 1613 tantum.
2847 1564 2885 1610 »

255 1651 312 1725 Si
354 1672 503 1726 vero
554 1654 940 1745 praeterito
1009 1660 1328 1745 tempore
1398 1656 1604 1727 aliter
1679 1655 1977 1728 sortasse
2030 1657 2146 1746 agi
2222 1655 2508 1726 solitum
2582 1652 2886 1743 fuisset,

255 1783 375 1836 non
419 1766 625 1838 datur
651 1766 848 1837 locus
900 1772 1494 1857 punctaturarum
1531 1767 1964 1857 repetitioni,
1997 1773 2246 1859 utpote
2284 1785 2470 1856 quae
2505 1766 2696 1838 bona
2749 1767 2892 1839 fide

255 1884 680 1968 consumptae
720 1883 1177 1968 reputentur;
1236 1874 1343 1973 (S.
1386 1876 1459 1949 C.
1502 1879 1577 1948 in
1616 1878 1807 1950 dicta
1844 1879 2080 1951 Ascul.
2122 1886 2188 1952 et
2228 1879 2501 1960 Germ„
2538 1878 2739 1949 cuius
2791 1876 2896 1961 ior

253 1987 398 2058 lium
466 1993 739 2078 prostat
822 1989 895 2060 6.
955 1985 1160 2061 Mart.
1223 1989 1545 2061 eiusdem
1626 1991 1826 2078 anni,
1882 1988 1956 2084 ἓ.
2015 1990 2124 2063 Ad
2176 1985 2540 2084 tertium);
2600 1989 2712 2060 cui
2766 1988 2894 2060 do-

257 2100 489 2171 ctrinae
542 2098 617 2169 S.
676 2096 750 2169 C.
808 2118 971 2172 cum
1024 2101 1230 2188 alias,
1272 2106 1423 2172 tum
1477 2101 1550 2172 in
1605 2102 1760 2191 ipsa
1811 2100 1949 2172 hac
1999 2119 2215 2172 causa
2269 2100 2619 2188 adhaesit,
2654 2104 2736 2170 ut
2786 2099 2890 2170 vi-

257 2209 396 2281 dere
447 2219 553 2284 est
603 2212 694 2283 ad
747 2230 1163 2303 responsum
1221 2214 1295 2283 in
1348 2213 1555 2284 tertio
1608 2212 1830 2284 dubio
1881 2212 2269 2285 redditum.

381 2324 488 2394 39.
543 2320 632 2393 In
683 2326 1150 2414 repartitione
1186 2324 1669 2396 salientiarum
1722 2343 1806 2397 ea
1837 2325 2081 2415 regula
2134 2343 2175 2395 a
2213 2321 2289 2395 S.
2323 2322 2398 2395 C.
2440 2324 2721 2395 firmata
2749 2327 2884 2412 est,

253 2439 323 2503 ut
367 2435 913 2524 «unusquisque
967 2437 1331 2526 percipere
1398 2435 1663 2507 debeat
1734 2441 2015 2507 tantum
2093 2437 2182 2508 de
2258 2435 2893 2524 distributionibus

259 2569 289 2612 ›
326 2546 770 2635 quotidianiS,
803 2554 1154 2637 quantum
1210 2546 1299 2620 de
1333 2566 1462 2620 sua
1503 2546 1918 2639 praebenda
1954 2548 2354 2621 detractum
2408 2547 2568 2621 tuit.
2596 2573 2634 2616 ›
2673 2543 2892 2619 Nam-

251 2673 371 2744 que
415 2656 853 2749 Pignatellus
906 2657 1346 2732 declaratum
1399 2660 1473 2731 id
1526 2659 1743 2731 fuisse
1798 2659 2016 2732 tradit
2077 2679 2117 2731 a
2171 2658 2244 2730 S.
2286 2657 2360 2730 C.
2403 2658 2617 2732 Conc.
2676 2656 2888 2755 (Vide

249 2768 618 2842 Ariminen.
662 2771 959 2842 Distrib.
1007 2770 1125 2843 18.
1161 2773 1326 2843 Dec.
1366 2770 1581 2843 1847.
1639 2770 1714 2866 ἓ.
1761 2772 1959 2856 Quod
2011 2766 2132 2865 si).
2189 2768 2530 2843 Eamdem
2570 2771 2889 2861 regulam

250 2879 527 2970 explicat
577 2879 895 2953 Barbosa
949 2883 1051 2953 De
1087 2902 1250 2955 can.
1291 2888 1358 2955 et
1394 2883 1652 2975 diqnit.
1690 2904 1847 2973 cap.
1878 2884 2001 2957 21.
2045 2903 2241 2956 num.
2280 2883 2406 2955 25.
2451 2883 2800 2973 allegatus
2847 2901 2888 2952 a

249 2984 314 3059 S.
363 2989 428 3061 C.
485 2994 616 3064 loc.
675 2994 800 3065 cit.
856 2990 930 3087 ἓ.
994 2994 1127 3066 Sed
1169 3013 1383 3085 prae,·
1418 3000 1490 3065 et
1541 2996 1694 3086 ipsa
1751 2992 1824 3065 S.
1865 2994 1938 3068 C.
1997 2996 2070 3066 in
2124 2994 2372 3065 eadem
2428 3012 2643 3066 causa
2694 2992 2895 3064 haud

256 3102 434 3176 aliter
479 3106 731 3193 sensit3
776 3124 940 3175 nam
995 3107 1086 3178 ad
1139 3108 1444 3198 primum
1484 3107 1784 3178 dubium
1823 3107 2208 3198 rescripsit,
2252 3107 2673 3178 canonicum
2724 3104 2896 3177 Per-

253 3214 427 3286 ticari
479 3218 751 3288 solvere
806 3216 1067 3288 debere
1103 3217 1649 3290 distributiones
1687 3218 2146 3306 quotidianas
2200 3219 2274 3289 in
2323 3222 2915 3288 summa-scuta·-

249 3328 452 3398 torum
511 3328 628 3398 16.
666 3330 787 3417 66,
845 3334 923 3400 ut
978 3330 1186 3401 modo
1221 3330 1489 3401 dictum
1528 3336 1660 3416 est,
1723 3352 1761 3395 «ι
1803 3331 1899 3402 ita
1954 3336 2195 3404 tamen
2247 3338 2327 3403 ut
2337 3383 2491 3401 .....
2533 3332 2609 3401 in
2645 3330 2899 3402 eadem

249 3457 287 3499 v
320 3441 757 3530 proportione
795 3442 1142 3532 percipiat
1179 3442 1268 3513 de
1308 3440 1603 3512 aliorum
1645 3442 2146 3516 canonicorum
2187 3443 2892 3515 distributionibus»

377 3549 491 3621 40.
547 3547 897 3632 Quoniam
933 3552 1503 3639 distributioneS‚
1547 3571 1727 3641 quas
1765 3553 2100 3625 absentes
2138 3556 2505 3642 amittunt,
2547 3559 2670 3625 aut
2707 3571 2895 3643 pun-

242 3662 567 3749 ctaturae,
627 3680 813 3751 quae
868 3662 959 3733 ab
1013 3664 1265 3735 iisdem
1319 3664 1736 3752 solvuntur,
1798 3671 1961 3736 actu
2031 3665 2631 3737 interessentibus
2684 3662 2902 3734 obve-

244 3768 461 3859 niunt,
518 3791 601 3844 ac
656 3774 1150 3863 percipiuntur
1203 3783 1567 3864 tamquam
1641 3777 2037 3866 praemium
2090 3775 2356 3847 laboris
2390 3828 2409 3863 ,
2467 3781 2548 3846 ut
2600 3773 2894 3845 tradunt

242 3878 550 3955 doctores
603 3902 821 3974 penes
891 3883 962 3955 S.
1022 3883 1097 3956 C.
1156 3886 1365 3957 Conc.
1425 3887 1498 3956 in
1535 3887 1772 3959 Ascul.
1815 3894 1878 3960 et
1923 3888 2153 3962 Cerin.
2197 3887 2493 3959 Distrib.
2554 3886 2624 3956 6.
2682 3881 2893 3955 Mart.

247 3989 448 4064 1847.
503 3993 577 4089 ξ.
637 3996 873 4082 Hisce;
924 3997 1094 4069 binc
1148 4004 1280 4086 est,
1339 3996 1657 4087 quod,S.
1713 3997 1789 4070 C.
1850 4000 2203 4071 constanti
2276 3997 2654 4088 disciplina
2734 3996 2905 4067 reti-

239 4111 425 4192 neat,
481 4124 636 4178 esse
687 4107 993 4180 abusum
1047 4111 1337 4180 omnino
1389 4110 1936 4199 eliminandum,
1992 4116 2073 4182 ut
2125 4109 2417 4181 eaedem
2471 4108 2903 4179 indiscrimi-

235 4217 453 4287 natim
505 4220 693 4291 inter
746 4220 1094 4308 choraleS,
1129 4222 1275 4293 sive
1313 4227 1477 4293 actu
1531 4222 1770 4294 adsint
1824 4222 1896 4292 in
1936 4222 2174 4310 choro,
2215 4223 2362 4293 sive
2419 4238 2589 4307 non,
2630 4220 2905 4310 disper-

233 4325 522 4419 tiantur,
581 4337 662 4403 ut
725 4333 800 4404 in
866 4335 1483 4423 Carpenctoraten.
1541 4335 1613 4403 2.
1671 4329 1837 4403 Iun.
1900 4333 2115 4404 1731.
2194 4350 2319 4422 per
2372 4330 2644 4403 Summ.
2703 4348 2899 4421 prec.

232 4429 520 4526 (lime.
545 4443 803 4517 decret.
830 4463 908 4535 p.
929 4440 1149 4540 269.)
1179 4463 1458 4517 necnon
1478 4445 1550 4515 iu
1579 4443 1942 4517 Asculana
1972 4444 2041 4514 5.
2070 4440 2233 4515 Iun.
2257 4443 2471 4514 1706.
2505 4440 2597 4515 ad
2627 4439 2899 4515 dub.V.

230 4542 399 4639 (lib.
453 4553 569 4625 56.
629 4555 897 4627 decret.
941 4573 1012 4645 p.
1061 4553 1257 4652 170).
1300 4552 1449 4636 Qua
1505 4554 1794 4645 quidem
1834 4554 1904 4624 in
1944 4572 2019 4625 re
2071 4555 2236 4626 licet
2288 4554 2729 4626 consuetudo
2782 4555 2912 4627 ad-

233 4675 441 4733 versa
490 4665 922 4757 invaluerit,
981 4672 1053 4738 et
1129 4668 1541 4740 constitutio
1606 4666 2019 4758 capitularis
2087 4667 2504 4757 accesserit,
2561 4672 2810 4759 utpote
2863 4687 2909 4737 a
