3497 5235
604 313 724 377 380
1354 312 1722 372 lustrationis
1763 310 1816 368 Β.
1846 310 2029 385 congr.
2056 310 2202 369 Ocno.
2242 312 2512 387 monitio.

607 446 876 517 tissime
904 446 1291 537 denegant.
1324 442 1509 527 Quin
1535 445 1751 518 etiam
1788 444 2092 533 addunt,
2131 444 2510 537 utriusque
2545 443 2995 536 praebendas
3028 462 3223 536 neque

607 558 822 631 etiam
875 576 1083 650 posse
1134 557 1440 649 amplius
1492 558 1748 649 optari.
1809 556 1995 629 Satis
2053 557 2145 628 sit
2207 557 2610 630 Volateran.
2674 557 2788 629 18.
2827 553 2996 629 Maii
3046 557 3224 630 1598.

610 668 776 765 (lib.
825 671 895 744 9.
955 672 1207 744 decret.
1257 690 1428 763 paq.
1472 667 1628 763 70.)
1693 669 1970 758 afferre,
2027 670 2101 740 in
2154 688 2298 760 qua
2352 666 2424 741 S.
2465 668 2540 742 C.
2598 688 2687 744 ex
2739 671 3019 743 oraculo
3068 666 3230 741 ssffii

607 781 961 855 decrevit:
1024 806 1060 848 α
1091 782 1272 874 quod
1325 781 1730 872 praebenda
1763 781 2165 870 theoloqalis
2205 800 2346 853 non
2391 783 2615 873 possit
2666 783 2971 875 amplius
3006 783 3230 874 optari,

614 918 651 961 ι»
691 894 810 966 sed
836 901 1164 985 perpetuo
1199 895 1286 967 ab
1322 895 1478 985 ipso.
1503 893 1810 986 theoloqo
1843 893 2268 977 obtineatur,
2296 914 2418 968 nec
2454 896 2801 986 theoloqus
2829 899 3047 989 possit
3080 897 3237 970 alios

607 1031 648 1075 ιι
680 1005 1116 1097 praebendas
1143 1012 1456 1096 optare.»
1514 1002 1688 1078 Vide
1724 1001 2007 1079 Petram
2062 1007 2112 1078 l.
2145 1026 2210 1078 c.
2254 1025 2450 1079 num.
2488 1008 2612 1080 26.
2659 1007 2733 1082 S.
2772 1007 2847 1081 C.
2897 1012 2975 1084 in
3009 1028 3241 1084 memo·

608 1125 764 1191 rata
825 1119 1189 1192 Vicentina
1241 1115 1565 1211 Optionis
1613 1116 1687 1214 ἓ.
1730 1119 1823 1191 Et
1856 1137 1933 1189 re
1965 1119 2276 1210 quidem,
2311 1125 2382 1192 et
2417 1119 2781 1192 Bellunen.
2821 1118 2896 1216 ἓ.
2935 1123 3045 1195 An
3078 1140 3234 1194 vero.

752 1227 1099 1313 Quoniam
1152 1249 1317 1303 vero
1379 1232 1715 1303 absonum
1766 1230 2045 1302 videtur
2117 1252 2154 1295 ‹
2213 1228 2480 1325 (verbis
2544 1239 2706 1304 utar
2756 1229 2965 1305 Card.
3021 1230 3243 1307 Petrae

611 1367 648 1410 ›
690 1344 820 1416 loc.
861 1342 1022 1438 cit.)
1067 1344 1251 1435 quod
1302 1343 1644 1436 theoloqus
1698 1340 1917 1436 (idem
1956 1342 2069 1416 dic
2105 1341 2193 1414 de
2227 1342 2837 1441 poenitentiario),
2877 1345 2999 1436 qui
3041 1345 3243 1416 maius

610 1480 648 1525 ›
687 1474 858 1528 onus
896 1455 1110 1537 subit,
1139 1456 1419 1526 minora
1444 1455 1942 1535 emolumenta,
1969 1474 2183 1545 quam
2217 1456 2426 1528 ceteri
2459 1456 2805 1548 simplices
2834 1456 3152 1529 canonici
3182 1455 3246 1527 in

612 1593 649 1636 ›
681 1574 1092 1659 perpetuum
1127 1565 1375 1640 habeat
1406 1589 1474 1653 »‚
1514 1564 1685 1637 binc
1718 1561 1793 1635 S.
1825 1564 1899 1638 C.
1941 1563 2169 1637 Conc..
2195 1583 2540 1659 persaepe
2575 1568 2903 1656 indulsit,
2944 1573 3027 1639 ut
3061 1566 3243 1638 ambo

609 1679 1096 1772 praebendam
1149 1677 1667 1768 opulentiorem
1719 1678 1939 1750 semel
1992 1684 2239 1769 optare
2290 1684 2611 1769 possent,
2651 1680 2764 1753 vel
2798 1682 3014 1753 etiam
3060 1682 3247 1753 itera·

608 1798 733 1878 to,
788 1792 972 1865 sicut
1050 1791 1264 1863 ceteri
1342 1789 1705 1874 canonici,
1764 1788 1899 1861 bac
1976 1796 2214 1862 tamen
2268 1791 2547 1864 adiecta
2598 1792 2781 1882 lege,
2839 1798 2920 1864 ut
2979 1790 3245 1883 quando

610 1904 708 1976 ad
755 1903 1072 1993 aliquam
1126 1919 1211 1974 ex
1250 1899 1744 1992 pinguioribus
1782 1901 2166 1974 deventum
2202 1900 2443 1991 fuerit,
2486 1902 2760 1975 isthaec
2793 1902 3246 1994 poenitentia-

606 2016 711 2088 rio
764 2032 849 2086 ac
900 2013 1225 2105 theologo
1280 2011 1638 2084 destinata
1710 2014 1797 2084 in·
1854 2019 2278 2103 perpetuum
2341 2014 2826 2107 intelligatur:
2896 2016 3103 2088 cuius
3161 2014 3251 2086 in-

610 2125 789 2199 dulti
842 2124 1164 2215 exempla
1217 2129 1542 2217 prostant
1595 2120 1706 2215 (ut
1761 2125 2164 2214 antiquiora
2211 2123 2688 2221 praeteream)
2741 2126 2816 2198 in
2850 2126 3250 2201 Milevitona

609 2240 732 2311 29.
791 2235 999 2309 Febr.
1065 2237 1322 2323 1726„
1383 2236 1663 2327 Reqien.
1720 2230 2047 2325 Optionis
2101 2236 2170 2307 7.
2213 2232 2402 2309 Iunii
2461 2239 2678 2310 1755.
2719 2246 2789 2312 et
2853 2238 3250 2312 confirmata

616 2352 731 2422 12.
762 2356 1094 2439 sequent.
1122 2345 1284 2418 Iulii
1308 2348 1752 2420 Volaterran.
1789 2344 1936 2418 Iur.
1970 2349 2240 2437 option.
2274 2349 2395 2421 20.
2427 2344 2593 2421 Iulii
2625 2350 2873 2438 1793„
2896 2350 3247 2423 Bellunen.

605 2461 936 2553 ¹superius
989 2461 1296 2551 allegata
1350 2458 1489 2531 diei
1543 2459 1664 2529 23.
1715 2456 1880 2549 Apr.
1927 2459 2139 2532 1864.

760 2569 844 2644 In
903 2572 1204 2665 Sionina
1254 2569 1521 2650 Canon.
1578 2566 1795 2642 Poen.
1854 2570 2093 2660 quoad
2144 2576 2292 2662 opt.
2367 2573 2488 2644 25.
2548 2567 2736 2645 Iunii
2798 2573 3012 2646 1864.
3071 2570 3142 2644 S.
3177 2567 3242 2643 C.

605 2686 1110 2760 canonicorum
1165 2685 1304 2755 iam
1359 2682 1792 2755 exstantium
1849 2683 1956 2755 ius
2009 2690 2444 2755 reservatum
2482 2685 2731 2758 voluit.
2771 2682 2986 2758 Porro
3022 2686 3098 2757 in
3137 2681 3254 2756 Ca-

607 2797 834 2889 pitulo
887 2794 1218 2887 Signin0‚
1276 2794 1400 2867 ubi
1452 2792 1739 2884 vigebat
1791 2795 1902 2865 ius
1952 2794 2304 2884 optinum,
2359 2795 2816 2885 praebendae
2887 2793 3249 2886 theologali

611 2909 1071 2981 tenuissimus
1123 2909 1351 2980 inerat
1388 2906 1657 2978 reditus
1691 2913 1877 2978 scut.
1918 2911 2190 2996 septem
2226 2907 2527 2995 circiter,
2567 2911 2637 2978 et
2673 2906 2994 2997 alioquin
3028 2905 3256 2980 distri-

610 3020 987 3094 butionum
1026 3021 1354 3092 cumulus
1388 3019 1605 3090 totius
1641 3018 1811 3089 anni
1841 3035 2188 3088 summam
2219 3017 2672 3107 exaequabat
2699 3024 2884 3092 scut.
2929 3019 3051 3090 36.
3089 3013 3246 3088 Cum

608 3133 852 3222 itaque
883 3131 1469 3223 poenitentiarius
1499 3148 1589 3203 ne
1616 3137 2037 3222 proventum
2067 3129 2354 3220 quidem
2383 3137 2564 3203 scut.
2594 3131 2714 3203 60.
2744 3132 2946 3203 iuxta
2962 3129 3243 3203 Constit.

611 3244 1009 3317 Pastoralis
1061 3242 1444 3329 obtineret,
1498 3243 1803 3335 supplex
1854 3262 1897 3312 a
1947 3238 2019 3315 S.
2062 3241 2134 3313 C.
2192 3242 2427 3334 petiit,
2487 3250 2563 3313 ut
2600 3242 2739 3314 sibi
2774 3243 3081 3334 optionis
3115 3240 3249 3324 ius,

608 3354 800 3444 quod
853 3355 987 3444 ipsi
1040 3371 1186 3425 non
1238 3353 1728 3444 competebat,
1787 3371 2114 3428 exercere
2168 3354 2276 3425 ias
2325 3361 2538 3427 esset.
2580 3351 2984 3445 Capitulum
3020 3354 3097 3426 in
3145 3368 3260 3444 ge-

607 3483 774 3538 nere
827 3483 969 3536 non
1023 3463 1416 3553 abnuebat,
1473 3473 1790 3538 attamen
1843 3465 2300 3558 opinabatur,
2358 3465 2550 3555 quod
2603 3466 3105 3537 canonicorum
3151 3480 3258 3534 se-

602 3578 906 3665 niorum,
950 3577 1071 3666 qui
1111 3584 1263 3650 tum
1301 3584 1533 3666 erant,
1567 3580 1677 3650 ius
1708 3585 1951 3669 utpote
1981 3580 2118 3650 iam
2151 3577 2556 3667 quaesitum
2585 3584 2855 3650 sartum
2889 3596 2972 3649 ac
2995 3582 3260 3649 tectum

599 3696 1033 3762 servaretur.
1090 3688 1410 3780 Capitulo
1462 3689 2037 3781 adstipulabatur
2084 3687 2508 3783 Episcopus;
2563 3689 2805 3780 itaque
2838 3689 3265 3762 concinnato

609 3800 871 3875 dubio:
944 3825 980 3867 αι
1034 3802 1140 3873 An
1202 3809 1271 3874 et
1332 3802 1685 3892 quomodo
1752 3802 2216 3874 annuendum
2278 3803 2370 3874 sit
2428 3802 2725 3873 oratoris
2798 3800 3136 3891 precibus
3194 3795 3264 3866 in

610 3941 647 3982 ι»
686 3909 904 3987 casu}
946 3942 982 3981 »
1039 3912 1196 3985 Emi
1230 3911 1476 3987 Patres
1508 3915 2072 4004 rescripserunt:
2132 3937 2168 3979 ι
2198 3912 2655 4001 Affirmative,
2697 3913 2894 3984 iuxta
2944 3910 3262 3992 modum,

612 4053 649 4094 ι»
693 4043 983 4118 nempe,
1042 4033 1122 4099 ut
1171 4026 1365 4098 salvo
1419 4027 1570 4098 iure
1620 4027 1928 4116 optionis
1981 4024 2481 4098 canonicorum
2534 4041 2727 4096 nunc
2777 4023 3268 4104 existentium,

610 4163 647 4205 ι»
687 4137 1235 4229 poenitentiario
1296 4140 1620 4210 ascensio
1684 4137 2031 4229 gradatim
2083 4137 2292 4208 detur
2353 4137 2550 4207 iuxta
2613 4134 2940 4207 ultimam
2991 4137 3278 4226 partem

607 4274 647 4316 ι
690 4249 830 4322 voti
881 4245 1238 4340 Episcopi,
1297 4268 1669 4341 quousque
1723 4250 2125 4340 assignetur
2176 4266 2321 4320 una
2374 4266 2460 4320 ex
2514 4246 3015 4338 pinguioribus
3071 4257 3287 4338 prae-

607 4384 644 4426 ι»
684 4359 941 4431 bendis
993 4359 1085 4431 ab
1143 4361 1391 4433 eodem
1443 4357 1795 4452 Episcopo
1849 4358 2340 4451 designanda,
2397 4375 2584 4448 quae
2648 4377 2840 4432 nunc
2903 4374 3033 4449 pro
3099 4362 3287 4427 tunc

607 4495 645 4536 ν
686 4472 1230 4561 poenitentiario
1282 4479 1626 4565 perpetuo
1678 4472 2080 4561 addicatur,
2135 4469 2322 4544 facto
2377 4470 2591 4542 verbo
2642 4487 2803 4541 cum
2856 4464 3105 4541 SSmo.
3138 4490 3182 4531 ι

751 4583 921 4652 210.
976 4579 1159 4664 Quid
1212 4592 1480 4672 autem,
1519 4585 1579 4656 si
1629 4583 2002 4675 theologus
2066 4583 2177 4655 vel
2248 4581 2842 4674 poenitentiarius
2911 4576 3293 4672 praeben·

607 4687 776 4759 dam
822 4706 1049 4776 aeque
1085 4710 1169 4762 ac
1201 4694 1511 4767 officium
1549 4696 1621 4765 in
1657 4691 2016 4767 Ordinarii
2053 4693 2386 4766 manibus
2423 4692 2644 4766 libere
2680 4687 3039 4767 dimittat?
3078 4685 3295 4781 quod
