3497 5235
1060 227 1180 303 Gap.
1206 229 1304 288 111.
1343 230 1414 287 D·
1455 229 1604 301 eluro*
1631 229 1901 290 modui-
1943 230 1996 304 ἓ.
2022 229 2069 287 1.
2186 270 2191 274 -
2781 226 2898 291 305

279 381 380 434 suo
420 362 802 434 exercendo
855 382 1147 436 munere
1201 370 1580 455 occupatos
1631 382 1719 438 cx
1770 365 2287 438 consuetudine
2330 366 2419 439 de
2455 366 2899 440 distributio·

274 473 448 546 nibus
492 475 1074 547 extraordinariis
1125 476 1557 567 participare
1609 478 2087 549 consuevisse.
2146 476 2551 551 Accedebat
2599 483 2900 550 testato·

275 603 396 657 rum
439 592 898 676 praesumpta
950 587 1311 674 voluntas,
1375 609 1412 652 ι
1445 605 1606 658 cum
1658 607 1806 659 una
1859 594 2050 660 esset
2101 590 2602 686 populi·mens
2632 642 2653 679 ,
2711 608 2899 680 quae

276 719 305 762 ›
336 696 618 768 maxime
671 696 1113 770 adhaerebat
1149 699 1235 770 iis
1270 697 1799 787 ecclesiasticis,
1856 701 1979 789 qui
2017 700 2378 794 religionis
2415 720 2496 775 ac
2534 702 2902 774 fidelitatis

274 826 527 878 »causa
581 814 689 881 tot
738 810 1103 900 tantisque
1159 810 1364 881 malis
1416 809 1948 903 appetebantur
1985 835 2054 900 ιι,
2111 829 2245 885 ceu
2298 812 2558 904 legitur
2607 813 2682 885 in
2736 812 2906 885 folio

275 921 365 991 17.
411 918 575 992 Maii
623 922 957 1013 praeced.
1012 921 1086 1018 ἓ.
1153 923 1520 999 Canonici.
1577 920 1916 1016 Congruit
1982 943 2233 998 recens
2291 926 2553 999 Nucer.
2611 927 2897 1018 Paqan.

269 1032 458 1104 Distr.
517 1033 592 1104 8.
638 1030 775 1104 Iul.
823 1034 1037 1106 1865.

383 1146 495 1217 68.
554 1142 662 1216 Ex
714 1149 1140 1220 auctoritate
1195 1146 1266 1220 S.
1309 1145 1383 1221 C.
1425 1146 1635 1221 Conc.
1694 1150 1810 1222 die
1862 1151 1983 1221 27.
2027 1151 2224 1241 Sept.
2269 1151 2485 1237 1685,
2547 1144 2730 1246 (lib.
2769 1148 2893 1220 25.

265 1256 481 1329 decret.
517 1277 689 1350 paq.
730 1252 948 1354 405.)
983 1259 1190 1332 docet
1234 1261 1423 1332 idem
1461 1258 1969 1335 Lambertinus
2003 1262 2133 1334 loc.
2176 1262 2299 1336 cit.
2344 1282 2418 1334 n.
2459 1260 2622 1342 52„
2660 1260 2902 1332 distri-

262 1365 565 1441 butiones
617 1369 710 1440 ab
766 1372 849 1441 iis
900 1372 1214 1462 percipi,
1281 1373 1405 1461 qui
1465 1373 1868 1446 carceribus
1921 1372 2242 1446 indebite
2293 1378 2660 1446 tenentur.
2717 1367 2900 1441 Nam

264 1503 292 1542 ‹
323 1482 384 1551 S.
417 1478 494 1551 C.
537 1482 826 1572 saepius
876 1484 1183 1570 censuit,
1238 1482 1560 1556 indebite
1612 1483 2018 1557 carceribus
2060 1483 2368 1573 detento
2417 1482 2663 1555 deberi
2721 1500 2901 1572 quo-

265 1616 293 1656 »
325 1593 625 1664 tidianas
676 1593 1217 1666 distributiones
1268 1613 1411 1666 non
1464 1613 1670 1669 secus
1722 1613 1808 1666 ac
1858 1595 1919 1666 si
1971 1595 2123 1685 ipse
2176 1595 2510 1666 continue
2561 1593 2902 1667 ecciesiae

265 1729 296 1771 ›
327 1704 753 1777 inservisset.
789 1731 827 1773 ι
883 1704 1239 1778 Consonat
1276 1707 1348 1778 S.
1380 1705 1719 1799 Congreg.
1760 1703 2000 1798 Episc.
2042 1712 2115 1778 et
2149 1703 2406 1797 Regul.
2440 1706 2513 1777 in
2541 1705 2903 1796 Aquilana

255 1815 355 1887 20.
382 1818 542 1890 Iun.
583 1817 770 1890 1581
782 1870 838 1899 .,
874 1818 1260 1891 dummodo
1296 1817 1796 1907 beneficiatus,
1838 1823 2226 1908 antequam
2262 1818 2338 1889 in
2375 1835 2693 1890 carceres
2729 1835 2899 1889 con-

258 1928 452 2001 iectus
505 1930 689 2018 fuit,
755 1930 1063 2003 residere
1133 1937 1204 2004 et
1274 1933 1487 2006 choro
1556 1934 1900 2005 inservire
1972 1933 2485 2005 consuevisset.
2548 1953 2588 1997 ‹
2627 1927 2902 2002 Eadem

257 2063 286 2106 ›
319 2039 382 2113 S.
409 2040 488 2113 C.
519 2039 733 2114 Conc.
776 2037 1053 2133 (subdit
1090 2041 1597 2116 Lambertinus
1631 2045 1763 2116 loc.
1797 2040 1957 2137 cit.)
1986 2043 2253 2134 pluries
2288 2042 2683 2133 respondit,
2729 2048 2903 2113 tunc

255 2176 287 2220 ›
319 2154 619 2244 aliquem
677 2155 1081 2227 carceribus
1133 2156 1397 2228 iniuste
1449 2155 1824 2229 detentum
1877 2154 2122 2243 fuisse,
2182 2172 2340 2227 cum
2378 2155 2452 2226 id
2504 2153 2898 2225 declaravit

257 2287 291 2328 ν
324 2267 670 2337 sententia
723 2263 1019 2353 iudicis,
1087 2284 1273 2355 quae
1325 2274 1569 2339 tamen
1622 2268 1697 2337 in
1747 2284 1899 2338 rem
1951 2266 2337 2339 iudicatam
2389 2265 2701 2336 transiit.
2756 2265 2903 2338 Me-

254 2396 286 2440 ›
320 2375 670 2449 diotanen.
705 2377 821 2449 die
856 2379 929 2449 9.
954 2375 1164 2449 Mart.
1192 2379 1404 2450 1629.
1448 2372 1622 2474 (lib.
1651 2376 1769 2449 14.
1804 2378 2060 2450 decret.
2095 2395 2264 2471 paq.
2292 2370 2551 2472 41.)...
2584 2371 2904 2468 Quapro-

254 2509 286 2551 >
319 2493 466 2576 pter
503 2490 579 2559 in
615 2508 832 2560 causa
873 2491 1229 2571 Romana,
1267 2490 1564 2562 Distrib.
1607 2484 1777 2586 (lib.
1819 2487 1892 2560 A.
1935 2489 2189 2562 decret.
2239 2508 2411 2581 paq.
2457 2488 2625 2561 190.
2627 2482 2703 2584 ),
2740 2508 2902 2560 cum

247 2622 281 2663 ι»
312 2601 667 2673 sententia
723 2601 976 2674 iudicis
1028 2601 1408 2691 quemdam
1456 2602 1878 2673 canonicum
1924 2599 2016 2672 ab
2052 2601 2247 2673 omni
2298 2602 2615 2674 criminis
2667 2601 2903 2692 suspi-

249 2732 281 2774 >
315 2711 508 2783 cione
545 2712 850 2784 liberum
888 2713 1349 2799 vindicasset,
1404 2720 1648 2785 tamen
1685 2714 1838 2804 ipse
1886 2714 2275 2785 canonicus
2326 2712 2897 2801 distributiones,

246 2845 278 2887 >
312 2840 489 2912 quas
537 2824 860 2915 petebat,
918 2826 1237 2917 accipere
1290 2843 1434 2897 non
1485 2826 1718 2916 potuit
1771 2843 1883 2913 e0‚
1950 2825 2143 2914 quod
2194 2826 2410 2897 fiscus
2462 2823 2905 2915 provocatio-

245 2953 469 3006 ›norn
544 2937 1094 3025 interposuerat.
1167 2933 1347 3008 Nam
1417 2937 1533 3009 die
1591 2938 1661 3008 5.
1719 2934 1896 3008 Feb.
1968 2933 2041 3007 S.
2083 2934 2425 3027 Congreg.
2483 2934 2897 3025 respondit:

245 3065 276 3111 ›
309 3043 891 3139 Exspectandum
914 3101 933 3135 ,
991 3049 1163 3137 quid
1201 3067 1288 3119 ex
1325 3048 1826 3139 provocatione
1875 3048 2297 3138 interposita
2352 3047 2823 3137 contingeret.
2861 3071 2899 3113 ι

237 3151 652 3228 Consulatur
703 3159 917 3230 etiam
970 3177 1216 3230 recens
1282 3160 1577 3232 Valven.
1620 3159 1918 3231 Distrib.
1960 3161 2082 3230 23.
2125 3158 2294 3250 Apr.
2341 3158 2556 3229 1853.

369 3270 491 3340 69.
538 3291 578 3333 ‹
607 3265 864 3340 Verum
904 3271 1082 3360 quid
1117 3271 1402 3342 nomine
1438 3271 1789 3362 propitiae
1828 3270 2231 3341 sententiae
2269 3268 2568 3360 intelligi
2608 3268 2898 3358 debeat,

233 3404 267 3444 »
302 3378 373 3450 S.
416 3379 639 3471 Cong.
699 3381 912 3472 plane
966 3381 1353 3453 declaravit
1406 3383 1521 3455 die
1574 3383 1694 3454 21.
1746 3379 1914 3453 Iun.
1973 3381 2187 3451 1664.
2244 3375 2421 3477 (lib.
2469 3379 2584 3453 15.
2643 3380 2897 3452 decret.

231 3513 266 3556 ›
289 3510 460 3584 paq.
493 3490 633 3564 101
646 3546 661 3559 .
665 3486 736 3586 ).·
772 3494 842 3565 S.
876 3494 948 3565 C.
984 3495 1283 3575 censuit,
1305 3495 1574 3565 oratori
1608 3493 1930 3565 dandam
1955 3512 2098 3565 esse
2126 3492 2677 3565 declarationem
2703 3510 2904 3580 saepe

226 3624 258 3666 ›
298 3604 485 3674 alias
540 3603 788 3675 datam
840 3606 1101 3677 tenoris
1154 3606 1547 3697 sequentis:
1607 3606 1678 3677 S.
1726 3606 1801 3679 C.
1853 3607 2059 3678 Conc.
2102 3606 2428 3686 censuit,
2481 3605 2904 3676 canonicum

224 3735 261 3777 ›
291 3715 526 3802 primo
581 3715 1028 3805 inquisitum,
1080 3723 1144 3788 et
1196 3717 1446 3789 deinde
1496 3717 1605 3789 uti
1656 3718 2095 3789 innocentem
2136 3737 2265 3807 per
2314 3718 2736 3790 sententiam
2786 3718 2905 3790 de-

226 3849 262 3888 »
297 3825 693 3911 finitivam,
729 3848 905 3918 quae
942 3830 1017 3899 in
1053 3848 1199 3899 rem
1253 3830 1644 3902 iudicatam
1680 3829 2054 3910 transivit,
2092 3829 2518 3910 absolutum,
2545 3830 2903 3919 percipere

219 3959 256 4001 ›
295 3936 541 4008 debere
592 3938 1114 4011 distributiones
1167 3942 1621 4031 quotidianas
1676 3941 1887 4013 totius
1950 3942 2335 4031 temporis,
2403 3960 2535 4031 quo
2588 3940 2768 4012 hanc
2822 3940 2901 4011 ob

219 4071 257 4111 ›
296 4068 600 4120 causam
649 4050 914 4123 divinis
968 4052 1296 4124 interesse
1349 4072 1488 4124 non
1530 4054 1792 4144 potuit.
1829 4077 1867 4120 >
1941 4050 2355 4144 Congruunt
2423 4053 2565 4124 alia
2636 4051 2905 4142 pariter

215 4158 508 4230 decreta
543 4212 563 4248 ,
640 4180 722 4231 ac
774 4162 1219 4252 potissimum
1274 4163 1450 4236 illud
1483 4217 1502 4252 ,
1570 4183 1711 4254 quo
1765 4182 1930 4236 reus
1982 4165 2377 4236 absolvitur
2428 4184 2514 4236 ecc
2566 4163 2898 4236 hactenus

211 4270 566 4342 deductis.
625 4268 735 4343 Ita
792 4275 1088 4363 contigit
1142 4276 1214 4345 in
1269 4276 1408 4346 alia
1460 4295 1674 4347 causa
1728 4277 2074 4347 Arianen.
2134 4275 2249 4347 die
2301 4276 2422 4345 28.
2473 4273 2641 4365 Apr.
2686 4276 2898 4346 1635.

212 4405 249 4446 ι
295 4385 536 4456 Sacra
699 4386 999 4466 censuit,
1036 4387 1409 4459 canonicos
1455 4389 1689 4477 primo
1725 4387 2130 4477 inquisitos,
2166 4392 2230 4458 et
2272 4387 2521 4459 deinde
2557 4388 2902 4460 absolutos

208 4518 246 4561 ›
289 4495 415 4566 uti
450 4513 589 4567 non
626 4495 1005 4585 culpabiles
1048 4515 1178 4586 per
1228 4500 1680 4579 sententiam,
1719 4499 1880 4571 licet
1931 4517 2089 4569 cum
2123 4497 2488 4571 clausula:
2543 4518 2629 4572 ex
2663 4500 2908 4575 hacte-

208 4631 249 4678 ›
294 4628 448 4680 nus
488 4610 842 4701 deductiS,
902 4612 1140 4685 debere
1189 4614 1426 4706 utique
1465 4613 1824 4706 percipere
1876 4612 2398 4688 distributiones
2451 4615 2906 4708 quotidianas

455 4757 636 4812 Luam,
672 4755 807 4803 risit.
836 4756 975 4803 Sacr.
1007 4754 1145 4810 Lim„
1176 4755 1295 4821 edit.
1327 4755 1417 4801 111.
1453 4754 1553 4801 Vol.
1584 4757 1624 4801 1.
2635 4761 2692 4804 20
