3497 5235
1048 313 1122 373 Do
1158 312 1461 372 vitiatione
1500 311 1768 372 Samma
1805 312 2068 371 Liuiam
2796 309 2875 373 23

386 442 686 529 Quando
736 443 1069 538 Episcopi
1121 447 1325 521 electi
1377 446 1643 520 absunt
1706 466 1748 518 a
1823 447 2046 534 curia,
2127 447 2598 518 iuramentum
2677 445 2881 518 emit·

246 562 407 630 tunt
458 560 532 630 in
584 558 922 630 manibus
971 555 1299 651 Episcopi
1351 565 1476 631 aut
1511 557 2026 651 archiepiscopi
2064 557 2567 645 consecrantis,
2609 557 2721 629 cui
2756 574 2884 648 per

247 663 522 739 Literas
575 666 1022 760 Apostolicas
1071 668 1473 742 huiusmodi
1528 688 1788 742 munus
1840 668 1972 743 fuit
2024 668 2558 741 demandatum.

395 778 520 849 51.
559 773 1166 869 Quandocumque
1219 788 1472 871 agatur
1521 779 1610 853 de
1661 798 1830 852 casu
1881 780 2393 867 translationis,
2451 779 2636 851 idem
2698 778 2887 850 iura-

248 893 567 960 mentum
619 889 1024 962 iterandum
1076 896 1210 963 est.
1271 889 1599 965 Accidere
1668 891 2055 982 aliquando
2123 898 2407 982 potest,
2461 897 2540 963 ut
2618 889 2886 983 primus

248 996 607 1072 Diaconus
656 1017 1002 1090 praesens
1052 1001 1128 1072 in
1177 997 1599 1075 Consistorio
1652 1020 1796 1074 non
1830 1002 1951 1090 sit;
1990 1003 2355 1092 quaeritur
2389 1001 2628 1092 igitur,
2668 1017 2887 1093 penos

257 1128 466 1200 quem
522 1111 1000 1183 iuramentum
1051 1111 1344 1203 proferri
1396 1111 1680 1201 debeat,
1734 1118 1808 1186 et
1860 1133 1899 1184 a
1937 1130 2246 1203 quonam
2285 1130 2410 1203 per
2444 1129 2888 1201 consequens

251 1222 448 1312 pallii
500 1222 858 1314 impositio
910 1223 1372 1314 persolvenda
1423 1216 1560 1296 sit?
1616 1223 1719 1295 An
1780 1243 2002 1316 penes
2068 1221 2509 1297 cardinalem
2585 1224 2887 1314 primum

255 1331 647 1406 Diaconum
697 1338 894 1405 extra
945 1329 1473 1423 Consistorium,
1528 1354 1658 1408 ceu
1707 1335 1906 1411 iubet
1959 1333 2198 1408 Sixtus
2229 1332 2316 1405 V.
2352 1386 2371 1421 ,
2427 1332 2539 1405 vel
2605 1342 2889 1406 econtra

257 1462 477 1537 penes
534 1444 839 1536 primum
890 1444 1074 1518 inter
1107 1443 1516 1518 Cardinales
1550 1445 1923 1534 DiaconOS,
1963 1448 2083 1536 qui
2119 1444 2540 1520 consistorio
2577 1444 2839 1516 adsunt
2860 1440 2889 1512 ’ἔ

399 1557 525 1628 52.
582 1552 1003 1628 Huiusmodi
1057 1559 1379 1647 quaestio
1431 1559 1737 1631 excitata
1789 1557 1924 1630 fuit
1975 1558 2205 1630 medio
2258 1555 2541 1628 saeculo
2576 1555 2892 1646 proxime

256 1666 671 1757 praeterito,
727 1672 797 1739 et
848 1666 1275 1755 exquisitum
1328 1675 1437 1740 est
1487 1676 1729 1742 votum
1786 1671 1996 1741 unius
2045 1685 2129 1740 ex
2182 1666 2702 1759 pontificiarum
2738 1682 2900 1735 cae-

258 1777 738 1849 remoniarum
790 1777 1168 1867 magistris,
1225 1778 1347 1869 qui
1401 1779 1805 1853 doctissima
1842 1797 1969 1851 sua
2005 1779 2356 1852 sententia
2393 1773 2892 1861 concludebat,

258 1888 390 1959 boc
439 1888 557 1959 ius
608 1892 931 1976 spectare
982 1888 1072 1958 ad
1121 1889 1427 1978 primum
1464 1886 1905 1962 Cardinalem
1946 1886 2327 1961 Diaconum
2366 1891 2439 1960 in
2476 1887 2897 1958 Consistorio

260 2004 741 2089 praesentem,
799 2015 882 2069 ea
934 1998 1262 2069 nimirum
1317 2000 1404 2072 de
1456 2018 1697 2088 causa,
1755 2000 1945 2091 quod
1996 2000 2106 2072 vel
2160 2000 2497 2092 implicite
2534 1997 2641 2068 vel
2678 1996 2901 2088 expli-

258 2109 397 2181 cite
449 2129 492 2180 a
547 2105 885 2180 Pontifice
934 2108 1449 2200 delegationem
1499 2117 1733 2202 potest
1781 2109 2070 2182 habere.
2127 2108 2296 2182 Cum
2335 2109 2734 2181 simillimus
2770 2108 2900 2177 bu-

259 2219 568 2290 iusmodi
622 2236 829 2290 casus
880 2219 1020 2289 alia
1070 2220 1221 2292 vice
1274 2221 1770 2309 intercidisset,
1827 2222 1902 2294 in
1954 2239 2116 2293 eum
2166 2238 2457 2293 sensum
2509 2219 2900 2339 eademque

261 2330 349 2402 de
402 2347 621 2402 causa
676 2347 818 2401 non
871 2327 1192 2403 absimile
1243 2349 1654 2425 responsum
1707 2333 2060 2407 redditum
2114 2338 2249 2405 est.

410 2441 534 2511 53.
590 2440 663 2510 Si
713 2438 806 2511 ob
856 2439 1250 2530 peculiares
1300 2444 1869 2516 circumstantias
1920 2446 2190 2536 primus
2242 2442 2636 2516 Cardinalis
2673 2459 2760 2514 ex
2795 2459 2908 2512 or-

260 2552 434 2625 dine
485 2550 955 2625 Diaconorum
1004 2552 1079 2624 in
1114 2549 1535 2627 Consistorio
1568 2574 1909 2647 praesens
1945 2554 2349 2629 huiusmodi
2387 2555 2901 2627 caeremoniam

260 2681 605 2755 peragere
659 2681 802 2735 non
856 2670 1119 2754 posset,
1176 2665 1421 2738 eadem
1478 2667 1792 2740 secundo
1828 2664 2180 2739 Cardinali
2217 2664 2527 2738 Diacono
2563 2684 2648 2738 ex
2685 2664 2908 2736 facul-

267 2783 413 2847 tate
465 2777 615 2847 sive
668 2774 1037 2867 implicita,
1090 2777 1237 2849 sive
1313 2777 1643 2869 explicita
1722 2778 1990 2850 Summi
2066 2774 2425 2849 Pontificis
2501 2776 2906 2867 peragenda

268 2886 614 2957 committi
645 2892 900 2976 potest.
927 2880 1014 2956 In
1043 2882 1491 2979 Consistorio,
1518 2888 1707 2980 quod
1737 2886 2096 2960 Bononiae
2116 2887 2228 2960 die
2251 2889 2320 2960 3.
2343 2888 2520 2978 Aug.
2548 2906 2667 2959 an.
2690 2885 2903 2956 1857.

266 2996 709 3068 celebratum
738 3005 873 3085 est,
906 2994 1126 3069 Eunus
1151 2994 1542 3070 Cardinalis
1567 2997 1903 3088 Caterini,
1936 2999 2424 3071 meritissimus
2460 2995 2910 3088 postmodum

268 3107 335 3177 S.
379 3105 959 3198 congregationis
1007 3104 1295 3181 Concilii
1348 3106 1779 3198 Praefectus,
1835 3111 1959 3202 qui
2012 3111 2198 3183 inter
2247 3106 2655 3180 Cardinales
2711 3125 2913 3198 prae-

267 3226 512 3291 sentes
566 3236 752 3289 unus
802 3217 1065 3290 ibidem
1123 3219 1632 3293 numerabatur
1698 3241 1786 3293 ex
1836 3222 2082 3294 ordine
2157 3217 2667 3305 Diaconorum,
2726 3218 2913 3289 iura-

272 3334 595 3400 mentum
648 3326 738 3399 ab
798 3327 1247 3402 Antistitibus
1301 3337 1470 3404 tunc
1520 3333 1946 3405 renuntiatis
1998 3333 2295 3424 accepit,
2336 3338 2407 3404 et
2456 3331 2748 3423 pallium
2791 3329 2912 3400 Ar-

272 3439 743 3529 chiepiscopis
795 3441 1151 3531 imposuit,
1207 3443 1531 3529 quamvis
1581 3444 1851 3535 primus
1901 3442 2293 3517 Cardinalis
2347 3443 2731 3531 DiaconuS,
2789 3443 2910 3532 qui

273 3547 547 3620 Romae
584 3550 857 3636 aderat,
914 3568 1079 3622 suas
1129 3550 1317 3624 vices
1368 3552 1492 3625 uni
1544 3549 1899 3627 Cardinali
1935 3573 2022 3627 ex
2056 3556 2302 3628 ordine
2339 3552 2911 3646 Presbyterorum

277 3658 682 3752 [ungendas
732 3659 1261 3735 demandasset.

421 3771 545 3843 54.
607 3772 860 3861 Aliqua
913 3791 999 3845 ex
1046 3772 1183 3862 his,
1225 3792 1410 3865 quae
1444 3776 1842 3867 attulimuS,
1882 3777 2114 3869 colligi
2150 3783 2451 3869 possunt
2482 3794 2563 3849 ex
2603 3774 2913 3866 quadam

277 3884 769 3971 instructione,
826 3903 1012 3974 quae
1062 3882 1318 3978 legitur
1377 3889 1564 3981 typis
1614 3888 1807 3964 edita
1858 3890 1934 3961 in
1986 3908 2190 3962 usum
2245 3889 2501 3963 novelli
2555 3886 2917 3979 Arcbiepi·

282 3995 472 4088 scopi
523 3995 633 4067 vel
685 3994 1016 4088 Episcopi
1068 4017 1193 4088 pro
1229 4000 1341 4071 die
1376 3997 1785 4075 Consistorii
1838 4004 2116 4093 secreti,
2180 3998 2307 4097 (in
2361 4022 2501 4094 quo
2552 4001 2738 4074 idem
2792 3999 2918 4071 Ar-

283 4105 771 4199 cbiepiscopus
847 4109 957 4181 vel
1033 4106 1423 4201 Episcopus
1495 4111 2022 4209 renuntiatur),
2103 4132 2378 4189 necnon
2447 4132 2572 4205 pro
2626 4113 2917 4203 reliquis

286 4218 586 4308 actibus,
642 4221 765 4310 qui
818 4218 1125 4292 subinde
1170 4221 1738 4312 subsequuntur.
1795 4223 2038 4299 Cetera
2110 4225 2317 4299 nobis
2384 4225 2919 4317 perhumaniter

284 4331 760 4420 suppeditavit
812 4327 902 4401 R.
947 4328 1030 4401 D.
1073 4325 1417 4421 Iosephus
1467 4329 1917 4428 Romagnoli,
1975 4338 2274 4414 antistes
2315 4337 2917 4410 caeremoniarum

289 4441 800 4530 pontificiarum
856 4449 926 4515 et
978 4443 1050 4515 S.
1093 4441 1323 4533 SediS,
1379 4462 1611 4518 rerum
1673 4447 2162 4539 liturgicarum
2235 4448 2541 4520 maxime
2617 4449 2911 4542 peritus,

289 4549 625 4646 nobisque
677 4552 1074 4627 arctissimo
1126 4574 1167 4625 a
1219 4557 1458 4648 pueris
1510 4558 1863 4632 amicitiae
1916 4555 2194 4633 foedere
2249 4560 2696 4635 coniunctuS.
