<?xml version="1.0" encoding="UTF-8"?>
<!DOCTYPE html PUBLIC "-//W3C//DTD XHTML 1.0 Transitional//EN"
    "http://www.w3.org/TR/xhtml1/DTD/xhtml1-transitional.dtd">
<html xmlns="http://www.w3.org/1999/xhtml" xml:lang="en" lang="en">
 <head>
  <title>
</title>
<meta http-equiv="Content-Type" content="text/html;charset=utf-8" />
  <meta name='ocr-system' content='tesseract 3.04.00' />
  <meta name='ocr-capabilities' content='ocr_page ocr_carea ocr_par ocr_line ocrx_word'/>
</head>
<body>
  <div class='ocr_page' id='page_1' title='image "./devisitationesa00popegoog_0527.png"; bbox 0 0 3497 5235; ppageno 0'>
   <div class='ocr_carea' id='block_1_1' title="bbox 1051 335 2912 433">
    <p class='ocr_par' dir='ltr' id='par_1_1' title="bbox 1051 335 2912 433">
     <span class='ocr_line' id='line_1_1' title="bbox 1051 335 2912 433; baseline 0.001 -38"><span class='ocrx_word' id='word_1_1' title='bbox 1051 337 1581 413; x_wconf 50' lang='lat' dir='ltr'>(immutatum</span> <span class='ocrx_word' id='word_1_2' title='bbox 1622 341 1893 399; x_wconf 68' lang='lat' dir='ltr'>“oculu-i.</span> <span class='ocrx_word' id='word_1_3' title='bbox 1935 341 2100 416; x_wconf 63' lang='lat'>§12-</span> <span class='ocrx_word' id='word_1_4' title='bbox 2193 425 2201 433; x_wconf 87' lang='lat'><strong>.</strong></span> <span class='ocrx_word' id='word_1_5' title='bbox 2795 335 2912 398; x_wconf 79' lang='lat'>487</span> 
     </span>
    </p>
   </div>
   <div class='ocr_carea' id='block_1_2' title="bbox 215 467 2917 4814">
    <p class='ocr_par' dir='ltr' id='par_1_2' title="bbox 247 467 2917 791">
     <span class='ocr_line' id='line_1_2' title="bbox 247 467 2917 569; baseline 0.002 -35"><span class='ocrx_word' id='word_1_6' title='bbox 247 490 286 532; x_wconf 64' lang='grc' dir='ltr'><strong>ι</strong></span> <span class='ocrx_word' id='word_1_7' title='bbox 323 467 753 557; x_wconf 83' lang='lat' dir='ltr'>regularium</span> <span class='ocrx_word' id='word_1_8' title='bbox 808 470 898 542; x_wconf 93' lang='lat' dir='ltr'>de</span> <span class='ocrx_word' id='word_1_9' title='bbox 934 471 1122 543; x_wconf 88' lang='lat' dir='ltr'>victu</span> <span class='ocrx_word' id='word_1_10' title='bbox 1177 474 1610 563; x_wconf 87' lang='lat' dir='ltr'>providendo</span> <span class='ocrx_word' id='word_1_11' title='bbox 1663 470 1770 569; x_wconf 91' lang='lat' dir='ltr'>(in</span> <span class='ocrx_word' id='word_1_12' title='bbox 1820 493 1990 546; x_wconf 91' lang='lat' dir='ltr'>casu</span> <span class='ocrx_word' id='word_1_13' title='bbox 2044 468 2521 567; x_wconf 75' lang='lat' dir='ltr'>necessitatis)</span> <span class='ocrx_word' id='word_1_14' title='bbox 2573 471 2917 543; x_wconf 87' lang='lat' dir='ltr'>ordinan-</span> 
     </span>
     <span class='ocr_line' id='line_1_3' title="bbox 247 579 2917 677; baseline 0.003 -31"><span class='ocrx_word' id='word_1_15' title='bbox 247 604 284 646; x_wconf 82' lang='lat'>›</span> <span class='ocrx_word' id='word_1_16' title='bbox 324 579 461 667; x_wconf 89' lang='lat' dir='ltr'>dis,</span> <span class='ocrx_word' id='word_1_17' title='bbox 501 585 582 652; x_wconf 96' lang='lat' dir='ltr'>ut</span> <span class='ocrx_word' id='word_1_18' title='bbox 618 583 982 672; x_wconf 87' lang='lat' dir='ltr'>respondit</span> <span class='ocrx_word' id='word_1_19' title='bbox 1018 586 1268 656; x_wconf 89' lang='lat' dir='ltr'>eadem</span> <span class='ocrx_word' id='word_1_20' title='bbox 1322 583 1533 656; x_wconf 82' lang='lat' dir='ltr'>Sacra</span> <span class='ocrx_word' id='word_1_21' title='bbox 1573 584 2039 677; x_wconf 87' lang='lat' dir='ltr'>Congregatio</span> <span class='ocrx_word' id='word_1_22' title='bbox 2077 588 2147 658; x_wconf 90' lang='lat' dir='ltr'>in</span> <span class='ocrx_word' id='word_1_23' title='bbox 2181 587 2589 666; x_wconf 66' lang='grc' dir='ltr'>,Ι,αἱ)ασ(;ηυ</span> <span class='ocrx_word' id='word_1_24' title='bbox 2630 586 2702 654; x_wconf 92' lang='lat' dir='ltr'>in</span> <span class='ocrx_word' id='word_1_25' title='bbox 2743 583 2917 655; x_wconf 85' lang='lat' dir='ltr'>Car-</span> 
     </span>
     <span class='ocr_line' id='line_1_4' title="bbox 248 689 2454 791; baseline 0.005 -33"><span class='ocrx_word' id='word_1_26' title='bbox 248 714 285 758; x_wconf 77' lang='lat'><strong>»</strong></span> <span class='ocrx_word' id='word_1_27' title='bbox 324 691 521 762; x_wconf 77' lang='lat' dir='ltr'>uiola</span> <span class='ocrx_word' id='word_1_28' title='bbox 571 693 642 762; x_wconf 92' lang='grc'><strong>2.</strong></span> <span class='ocrx_word' id='word_1_29' title='bbox 684 689 846 765; x_wconf 89' lang='lat' dir='ltr'>Iulii</span> <span class='ocrx_word' id='word_1_30' title='bbox 906 695 1180 768; x_wconf 83' lang='lat'><strong>1650.»</strong></span> <span class='ocrx_word' id='word_1_31' title='bbox 1237 690 1417 789; x_wconf 82' lang='lat' dir='ltr'>(tib.</span> <span class='ocrx_word' id='word_1_32' title='bbox 1463 698 1580 770; x_wconf 90' lang='grc'>19.</span> <span class='ocrx_word' id='word_1_33' title='bbox 1622 698 1877 770; x_wconf 86' lang='lat' dir='ltr'>decret.</span> <span class='ocrx_word' id='word_1_34' title='bbox 1909 717 2080 791; x_wconf 77' lang='lat' dir='ltr'>paq.</span> <span class='ocrx_word' id='word_1_35' title='bbox 2128 699 2244 772; x_wconf 84' lang='lat'>62.</span> <span class='ocrx_word' id='word_1_36' title='bbox 2258 695 2318 788; x_wconf 87' lang='lat'>).</span> <span class='ocrx_word' id='word_1_37' title='bbox 2450 700 2454 707; x_wconf 83' lang='lat'>&#39;</span> 
     </span>
    </p>

    <p class='ocr_par' dir='ltr' id='par_1_3' title="bbox 241 798 2915 1906">
     <span class='ocr_line' id='line_1_5' title="bbox 388 798 2912 900; baseline 0.002 -26"><span class='ocrx_word' id='word_1_38' title='bbox 388 798 532 875; x_wconf 90' lang='lat' dir='ltr'>Nec</span> <span class='ocrx_word' id='word_1_39' title='bbox 584 821 789 877; x_wconf 88' lang='lat' dir='ltr'>secus</span> <span class='ocrx_word' id='word_1_40' title='bbox 840 812 1054 895; x_wconf 90' lang='lat' dir='ltr'>esset,</span> <span class='ocrx_word' id='word_1_41' title='bbox 1113 809 1168 879; x_wconf 91' lang='lat' dir='ltr'>si</span> <span class='ocrx_word' id='word_1_42' title='bbox 1225 805 1623 898; x_wconf 83' lang='lat' dir='ltr'>Episcopus</span> <span class='ocrx_word' id='word_1_43' title='bbox 1675 810 1829 900; x_wconf 90' lang='lat' dir='ltr'>ipse</span> <span class='ocrx_word' id='word_1_44' title='bbox 1882 810 2235 900; x_wconf 88' lang='lat' dir='ltr'>personali</span> <span class='ocrx_word' id='word_1_45' title='bbox 2292 828 2422 881; x_wconf 91' lang='lat' dir='ltr'>sua</span> <span class='ocrx_word' id='word_1_46' title='bbox 2475 807 2912 899; x_wconf 80' lang='lat' dir='ltr'>obligatione</span> 
     </span>
     <span class='ocr_line' id='line_1_6' title="bbox 245 913 2912 1011; baseline 0.003 -27"><span class='ocrx_word' id='word_1_47' title='bbox 245 913 803 1005; x_wconf 88' lang='lat' dir='ltr'>adpromitteret,</span> <span class='ocrx_word' id='word_1_48' title='bbox 844 935 1000 989; x_wconf 92' lang='lat' dir='ltr'>sese</span> <span class='ocrx_word' id='word_1_49' title='bbox 1056 920 1457 1009; x_wconf 82' lang='lat' dir='ltr'>patrimonii</span> <span class='ocrx_word' id='word_1_50' title='bbox 1513 921 1718 991; x_wconf 85' lang='lat' dir='ltr'>titulo</span> <span class='ocrx_word' id='word_1_51' title='bbox 1771 923 1945 993; x_wconf 92' lang='lat' dir='ltr'>satis</span> <span class='ocrx_word' id='word_1_52' title='bbox 1999 939 2156 993; x_wconf 88' lang='lat' dir='ltr'>esse</span> <span class='ocrx_word' id='word_1_53' title='bbox 2211 921 2606 1006; x_wconf 79' lang='lat' dir='ltr'>iacturum,</span> <span class='ocrx_word' id='word_1_54' title='bbox 2665 926 2912 1011; x_wconf 84' lang='lat' dir='ltr'>utpote</span> 
     </span>
     <span class='ocr_line' id='line_1_7' title="bbox 246 1022 2912 1122; baseline 0.002 -27"><span class='ocrx_word' id='word_1_55' title='bbox 246 1044 285 1095; x_wconf 88' lang='lat' dir='ltr'>a</span> <span class='ocrx_word' id='word_1_56' title='bbox 336 1022 406 1096; x_wconf 91' lang='lat' dir='ltr'>S.</span> <span class='ocrx_word' id='word_1_57' title='bbox 451 1023 526 1096; x_wconf 91' lang='lat' dir='ltr'>C.</span> <span class='ocrx_word' id='word_1_58' title='bbox 568 1024 778 1099; x_wconf 90' lang='lat' dir='ltr'>Conc.</span> <span class='ocrx_word' id='word_1_59' title='bbox 820 1029 891 1100; x_wconf 92' lang='lat' dir='ltr'>in</span> <span class='ocrx_word' id='word_1_60' title='bbox 950 1031 1340 1121; x_wconf 65' lang='lat' dir='ltr'>Saguntina</span> <span class='ocrx_word' id='word_1_61' title='bbox 1394 1049 1634 1103; x_wconf 90' lang='lat' dir='ltr'>mense</span> <span class='ocrx_word' id='word_1_62' title='bbox 1699 1027 1895 1122; x_wconf 89' lang='lat' dir='ltr'>Sept.</span> <span class='ocrx_word' id='word_1_63' title='bbox 1956 1052 2128 1103; x_wconf 91' lang='lat' dir='ltr'>ann.</span> <span class='ocrx_word' id='word_1_64' title='bbox 2194 1033 2407 1104; x_wconf 84' lang='lat'><strong>1589.</strong></span> <span class='ocrx_word' id='word_1_65' title='bbox 2469 1030 2912 1103; x_wconf 90' lang='lat' dir='ltr'>declaratum</span> 
     </span>
     <span class='ocr_line' id='line_1_8' title="bbox 245 1134 2915 1216; baseline 0.002 -11"><span class='ocrx_word' id='word_1_66' title='bbox 245 1134 464 1207; x_wconf 74' lang='lat' dir='ltr'>fuisse</span> <span class='ocrx_word' id='word_1_67' title='bbox 509 1139 725 1210; x_wconf 82' lang='lat' dir='ltr'>tradit</span> <span class='ocrx_word' id='word_1_68' title='bbox 761 1158 847 1211; x_wconf 80' lang='lat' dir='ltr'>ex</span> <span class='ocrx_word' id='word_1_69' title='bbox 882 1137 1294 1212; x_wconf 87' lang='lat' dir='ltr'>Formosino</span> <span class='ocrx_word' id='word_1_70' title='bbox 1329 1144 1576 1213; x_wconf 87' lang='lat' dir='ltr'>eadem</span> <span class='ocrx_word' id='word_1_71' title='bbox 1617 1140 1689 1214; x_wconf 90' lang='lat' dir='ltr'>S.</span> <span class='ocrx_word' id='word_1_72' title='bbox 1733 1142 1807 1213; x_wconf 92' lang='lat' dir='ltr'>C.</span> <span class='ocrx_word' id='word_1_73' title='bbox 1849 1143 2113 1216; x_wconf 90' lang='lat' dir='ltr'>Concil.</span> <span class='ocrx_word' id='word_1_74' title='bbox 2158 1145 2230 1215; x_wconf 91' lang='lat' dir='ltr'>in</span> <span class='ocrx_word' id='word_1_75' title='bbox 2274 1146 2585 1215; x_wconf 86' lang='lat' dir='ltr'>Suanen.</span> <span class='ocrx_word' id='word_1_76' title='bbox 2628 1143 2750 1212; x_wconf 92' lang='grc'><strong>28.</strong></span> <span class='ocrx_word' id='word_1_77' title='bbox 2793 1138 2915 1211; x_wconf 87' lang='lat' dir='ltr'>lu-</span> 
     </span>
     <span class='ocr_line' id='line_1_9' title="bbox 247 1246 2911 1345; baseline 0.002 -27"><span class='ocrx_word' id='word_1_78' title='bbox 247 1246 320 1318; x_wconf 92' lang='lat' dir='ltr'>lii</span> <span class='ocrx_word' id='word_1_79' title='bbox 377 1246 592 1320; x_wconf 81' lang='lat'><strong>1838.</strong></span> <span class='ocrx_word' id='word_1_80' title='bbox 632 1246 706 1344; x_wconf 65' lang='grc' dir='ltr'><strong>ἓ.</strong></span> <span class='ocrx_word' id='word_1_81' title='bbox 753 1250 940 1336; x_wconf 83' lang='lat' dir='ltr'>Quin</span> <span class='ocrx_word' id='word_1_82' title='bbox 995 1254 1169 1334; x_wconf 85' lang='lat' dir='ltr'>imo,</span> <span class='ocrx_word' id='word_1_83' title='bbox 1204 1256 1477 1326; x_wconf 59' lang='lat' dir='ltr'>etiamfi</span> <span class='ocrx_word' id='word_1_84' title='bbox 1534 1255 1933 1345; x_wconf 80' lang='lat' dir='ltr'>hypotheca</span> <span class='ocrx_word' id='word_1_85' title='bbox 1980 1256 2296 1327; x_wconf 90' lang='lat' dir='ltr'>omnium</span> <span class='ocrx_word' id='word_1_86' title='bbox 2351 1255 2699 1326; x_wconf 92' lang='lat' dir='ltr'>bonorum</span> <span class='ocrx_word' id='word_1_87' title='bbox 2756 1272 2911 1324; x_wconf 93' lang='lat' dir='ltr'>mu-</span> 
     </span>
     <span class='ocr_line' id='line_1_10' title="bbox 245 1357 2915 1457; baseline 0.003 -29"><span class='ocrx_word' id='word_1_88' title='bbox 245 1357 398 1431; x_wconf 90' lang='lat' dir='ltr'>nita</span> <span class='ocrx_word' id='word_1_89' title='bbox 451 1358 727 1449; x_wconf 79' lang='lat' dir='ltr'>fuisset,</span> <span class='ocrx_word' id='word_1_90' title='bbox 804 1359 1273 1456; x_wconf 86' lang='lat' dir='ltr'>(Pignatellus</span> <span class='ocrx_word' id='word_1_91' title='bbox 1322 1372 1487 1438; x_wconf 86' lang='lat' dir='ltr'>tom.</span> <span class='ocrx_word' id='word_1_92' title='bbox 1531 1367 1603 1438; x_wconf 88' lang='lat'>5.</span> <span class='ocrx_word' id='word_1_93' title='bbox 1656 1368 1955 1440; x_wconf 84' lang='lat' dir='ltr'>consult.</span> <span class='ocrx_word' id='word_1_94' title='bbox 2016 1366 2136 1439; x_wconf 90' lang='grc'>77.</span> <span class='ocrx_word' id='word_1_95' title='bbox 2195 1386 2270 1438; x_wconf 82' lang='grc' dir='ltr'><strong>η.</strong></span> <span class='ocrx_word' id='word_1_96' title='bbox 2327 1362 2515 1457; x_wconf 82' lang='lat'>33.),</span> <span class='ocrx_word' id='word_1_97' title='bbox 2590 1383 2732 1435; x_wconf 91' lang='lat' dir='ltr'>non</span> <span class='ocrx_word' id='word_1_98' title='bbox 2786 1362 2915 1436; x_wconf 91' lang='lat' dir='ltr'>ob-</span> 
     </span>
     <span class='ocr_line' id='line_1_11' title="bbox 244 1475 2911 1569; baseline 0.002 -28"><span class='ocrx_word' id='word_1_99' title='bbox 244 1477 482 1541; x_wconf 82' lang='lat' dir='ltr'>stante</span> <span class='ocrx_word' id='word_1_100' title='bbox 529 1475 884 1545; x_wconf 90' lang='lat' dir='ltr'>contraria</span> <span class='ocrx_word' id='word_1_101' title='bbox 938 1479 1479 1551; x_wconf 90' lang='lat' dir='ltr'>consuetudine.</span> <span class='ocrx_word' id='word_1_102' title='bbox 1540 1475 1752 1551; x_wconf 87' lang='lat' dir='ltr'>Ratio</span> <span class='ocrx_word' id='word_1_103' title='bbox 1804 1487 1938 1567; x_wconf 92' lang='lat' dir='ltr'>est,</span> <span class='ocrx_word' id='word_1_104' title='bbox 1999 1480 2213 1569; x_wconf 86' lang='lat' dir='ltr'>quia,</span> <span class='ocrx_word' id='word_1_105' title='bbox 2269 1486 2543 1549; x_wconf 89' lang='lat' dir='ltr'>mortua</span> <span class='ocrx_word' id='word_1_106' title='bbox 2609 1494 2911 1566; x_wconf 83' lang='lat' dir='ltr'>persona</span> 
     </span>
     <span class='ocr_line' id='line_1_12' title="bbox 243 1580 2914 1680; baseline 0.003 -29"><span class='ocrx_word' id='word_1_107' title='bbox 243 1580 587 1673; x_wconf 89' lang='lat' dir='ltr'>obligata,</span> <span class='ocrx_word' id='word_1_108' title='bbox 629 1585 1001 1659; x_wconf 90' lang='lat' dir='ltr'>resolvitur</span> <span class='ocrx_word' id='word_1_109' title='bbox 1054 1587 1420 1680; x_wconf 82' lang='lat' dir='ltr'>obligatio,</span> <span class='ocrx_word' id='word_1_110' title='bbox 1463 1598 1532 1662; x_wconf 89' lang='lat' dir='ltr'>et</span> <span class='ocrx_word' id='word_1_111' title='bbox 1576 1591 1951 1663; x_wconf 87' lang='lat' dir='ltr'>ordinatus</span> <span class='ocrx_word' id='word_1_112' title='bbox 2003 1592 2194 1662; x_wconf 90' lang='lat' dir='ltr'>omni</span> <span class='ocrx_word' id='word_1_113' title='bbox 2234 1591 2384 1662; x_wconf 89' lang='lat' dir='ltr'>iure</span> <span class='ocrx_word' id='word_1_114' title='bbox 2438 1597 2696 1662; x_wconf 85' lang='lat' dir='ltr'>exutus</span> <span class='ocrx_word' id='word_1_115' title='bbox 2749 1606 2914 1659; x_wconf 83' lang='lat' dir='ltr'>eva-</span> 
     </span>
     <span class='ocr_line' id='line_1_13' title="bbox 243 1692 2904 1792; baseline 0.002 -27"><span class='ocrx_word' id='word_1_116' title='bbox 243 1692 375 1782; x_wconf 88' lang='lat' dir='ltr'>dit,</span> <span class='ocrx_word' id='word_1_117' title='bbox 418 1703 497 1767; x_wconf 92' lang='lat' dir='ltr'>ut</span> <span class='ocrx_word' id='word_1_118' title='bbox 549 1715 707 1768; x_wconf 93' lang='lat' dir='ltr'>cum</span> <span class='ocrx_word' id='word_1_119' title='bbox 760 1695 1012 1789; x_wconf 88' lang='lat' dir='ltr'>Engel.</span> <span class='ocrx_word' id='word_1_120' title='bbox 1054 1701 1185 1772; x_wconf 88' lang='lat' dir='ltr'>loc.</span> <span class='ocrx_word' id='word_1_121' title='bbox 1227 1703 1347 1774; x_wconf 85' lang='lat' dir='ltr'>cit.</span> <span class='ocrx_word' id='word_1_122' title='bbox 1392 1722 1466 1773; x_wconf 78' lang='lat' dir='ltr'>n.</span> <span class='ocrx_word' id='word_1_123' title='bbox 1529 1701 1644 1775; x_wconf 91' lang='grc'>17.</span> <span class='ocrx_word' id='word_1_124' title='bbox 1688 1704 2192 1776; x_wconf 78' lang='lat' dir='ltr'>animadvertit</span> <span class='ocrx_word' id='word_1_125' title='bbox 2243 1699 2316 1773; x_wconf 91' lang='lat' dir='ltr'>S.</span> <span class='ocrx_word' id='word_1_126' title='bbox 2375 1699 2629 1792; x_wconf 89' lang='lat' dir='ltr'>Congr.</span> <span class='ocrx_word' id='word_1_127' title='bbox 2688 1698 2904 1772; x_wconf 90' lang='lat' dir='ltr'>Conc.</span> 
     </span>
     <span class='ocr_line' id='line_1_14' title="bbox 241 1808 1231 1906; baseline 0.005 -27"><span class='ocrx_word' id='word_1_128' title='bbox 241 1808 315 1881; x_wconf 90' lang='lat' dir='ltr'>in</span> <span class='ocrx_word' id='word_1_129' title='bbox 368 1811 677 1902; x_wconf 77' lang='lat' dir='ltr'>Bruqen.</span> <span class='ocrx_word' id='word_1_130' title='bbox 718 1809 790 1906; x_wconf 64' lang='grc' dir='ltr'><strong>ξ.</strong></span> <span class='ocrx_word' id='word_1_131' title='bbox 835 1812 976 1884; x_wconf 84' lang='lat' dir='ltr'>Nec</span> <span class='ocrx_word' id='word_1_132' title='bbox 1019 1815 1231 1885; x_wconf 76' lang='lat' dir='ltr'>satis.</span> 
     </span>
    </p>

    <p class='ocr_par' dir='ltr' id='par_1_4' title="bbox 241 1920 2913 2576">
     <span class='ocr_line' id='line_1_15' title="bbox 391 1920 2913 2019; baseline 0 -27"><span class='ocrx_word' id='word_1_133' title='bbox 391 1922 560 1994; x_wconf 87' lang='grc'><strong>420.</strong></span> <span class='ocrx_word' id='word_1_134' title='bbox 606 1920 799 1994; x_wconf 89' lang='lat' dir='ltr'>Bona</span> <span class='ocrx_word' id='word_1_135' title='bbox 836 1925 1360 2014; x_wconf 80' lang='lat' dir='ltr'>patrimonialia</span> <span class='ocrx_word' id='word_1_136' title='bbox 1400 1944 1484 1997; x_wconf 87' lang='lat' dir='ltr'>ex</span> <span class='ocrx_word' id='word_1_137' title='bbox 1525 1928 1968 2019; x_wconf 88' lang='lat' dir='ltr'>apertissimo</span> <span class='ocrx_word' id='word_1_138' title='bbox 2004 1924 2215 1997; x_wconf 87' lang='lat' dir='ltr'>Conc.</span> <span class='ocrx_word' id='word_1_139' title='bbox 2258 1921 2576 1996; x_wconf 88' lang='lat' dir='ltr'>Trident.</span> <span class='ocrx_word' id='word_1_140' title='bbox 2628 1923 2913 1994; x_wconf 89' lang='lat' dir='ltr'>decreto</span> 
     </span>
     <span class='ocr_line' id='line_1_16' title="bbox 245 2034 2910 2129; baseline 0.001 -27"><span class='ocrx_word' id='word_1_141' title='bbox 245 2049 485 2122; x_wconf 90' lang='lat' dir='ltr'>neque</span> <span class='ocrx_word' id='word_1_142' title='bbox 538 2035 880 2123; x_wconf 90' lang='lat' dir='ltr'>alienari,</span> <span class='ocrx_word' id='word_1_143' title='bbox 942 2054 1175 2125; x_wconf 90' lang='lat' dir='ltr'>neque</span> <span class='ocrx_word' id='word_1_144' title='bbox 1227 2039 1486 2110; x_wconf 82' lang='lat' dir='ltr'>remitti</span> <span class='ocrx_word' id='word_1_145' title='bbox 1544 2046 1822 2128; x_wconf 87' lang='lat' dir='ltr'>queunt</span> <span class='ocrx_word' id='word_1_146' title='bbox 1870 2040 2024 2109; x_wconf 88' lang='lat' dir='ltr'>sine</span> <span class='ocrx_word' id='word_1_147' title='bbox 2093 2035 2423 2129; x_wconf 88' lang='lat' dir='ltr'>Episcopi</span> <span class='ocrx_word' id='word_1_148' title='bbox 2478 2036 2726 2122; x_wconf 77' lang='lat' dir='ltr'>venia,</span> <span class='ocrx_word' id='word_1_149' title='bbox 2785 2034 2910 2123; x_wconf 90' lang='lat' dir='ltr'>qui</span> 
     </span>
     <span class='ocr_line' id='line_1_17' title="bbox 241 2145 2908 2238; baseline 0.002 -25"><span class='ocrx_word' id='word_1_150' title='bbox 241 2146 545 2236; x_wconf 87' lang='lat' dir='ltr'>proinde</span> <span class='ocrx_word' id='word_1_151' title='bbox 612 2145 1020 2218; x_wconf 88' lang='lat' dir='ltr'>huiusmodi</span> <span class='ocrx_word' id='word_1_152' title='bbox 1086 2148 1554 2220; x_wconf 85' lang='lat' dir='ltr'>alienationes</span> <span class='ocrx_word' id='word_1_153' title='bbox 1624 2150 2217 2238; x_wconf 82' lang='lat' dir='ltr'>remissionesque</span> <span class='ocrx_word' id='word_1_154' title='bbox 2287 2148 2695 2238; x_wconf 84' lang='lat' dir='ltr'>permittere</span> <span class='ocrx_word' id='word_1_155' title='bbox 2766 2166 2908 2218; x_wconf 92' lang='lat' dir='ltr'>non</span> 
     </span>
     <span class='ocr_line' id='line_1_18' title="bbox 244 2257 2912 2349; baseline -0.001 -19"><span class='ocrx_word' id='word_1_156' title='bbox 244 2257 489 2346; x_wconf 89' lang='lat' dir='ltr'>debet,</span> <span class='ocrx_word' id='word_1_157' title='bbox 529 2260 668 2330; x_wconf 91' lang='lat' dir='ltr'>nisi</span> <span class='ocrx_word' id='word_1_158' title='bbox 716 2278 874 2331; x_wconf 92' lang='lat' dir='ltr'>cum</span> <span class='ocrx_word' id='word_1_159' title='bbox 914 2262 1325 2349; x_wconf 87' lang='lat' dir='ltr'>ceteroquin</span> <span class='ocrx_word' id='word_1_160' title='bbox 1379 2261 1512 2332; x_wconf 90' lang='lat' dir='ltr'>sibi</span> <span class='ocrx_word' id='word_1_161' title='bbox 1553 2262 1973 2345; x_wconf 90' lang='lat' dir='ltr'>constiterit,</span> <span class='ocrx_word' id='word_1_162' title='bbox 2015 2261 2420 2331; x_wconf 84' lang='lat' dir='ltr'>ordinatum</span> <span class='ocrx_word' id='word_1_163' title='bbox 2469 2258 2758 2329; x_wconf 84' lang='lat' dir='ltr'>aliunde</span> <span class='ocrx_word' id='word_1_164' title='bbox 2796 2277 2912 2328; x_wconf 88' lang='lat' dir='ltr'>sa-</span> 
     </span>
     <span class='ocr_line' id='line_1_19' title="bbox 242 2366 2902 2465; baseline -0.002 -22"><span class='ocrx_word' id='word_1_165' title='bbox 242 2372 338 2443; x_wconf 90' lang='lat' dir='ltr'>tis</span> <span class='ocrx_word' id='word_1_166' title='bbox 389 2370 685 2459; x_wconf 89' lang='lat' dir='ltr'>habere,</span> <span class='ocrx_word' id='word_1_167' title='bbox 728 2371 918 2443; x_wconf 91' lang='lat' dir='ltr'>unde</span> <span class='ocrx_word' id='word_1_168' title='bbox 954 2371 1323 2444; x_wconf 86' lang='lat' dir='ltr'>honestam</span> <span class='ocrx_word' id='word_1_169' title='bbox 1367 2375 1580 2446; x_wconf 80' lang='lat' dir='ltr'>vitam</span> <span class='ocrx_word' id='word_1_170' title='bbox 1637 2373 1965 2445; x_wconf 86' lang='lat' dir='ltr'>traducat</span> <span class='ocrx_word' id='word_1_171' title='bbox 2016 2368 2210 2465; x_wconf 91' lang='lat' dir='ltr'>(Sac.</span> <span class='ocrx_word' id='word_1_172' title='bbox 2250 2366 2593 2459; x_wconf 76' lang='lat' dir='ltr'>congreg.</span> <span class='ocrx_word' id='word_1_173' title='bbox 2636 2366 2902 2440; x_wconf 86' lang='lat' dir='ltr'>Concil.</span> 
     </span>
     <span class='ocr_line' id='line_1_20' title="bbox 242 2480 2903 2576; baseline -0.002 -21"><span class='ocrx_word' id='word_1_174' title='bbox 242 2484 319 2555; x_wconf 89' lang='lat' dir='ltr'>in</span> <span class='ocrx_word' id='word_1_175' title='bbox 382 2485 767 2556; x_wconf 83' lang='lat' dir='ltr'>Taurinen.</span> <span class='ocrx_word' id='word_1_176' title='bbox 809 2486 881 2555; x_wconf 95' lang='grc'><strong>2.</strong></span> <span class='ocrx_word' id='word_1_177' title='bbox 924 2482 1121 2575; x_wconf 90' lang='lat' dir='ltr'>Sept.</span> <span class='ocrx_word' id='word_1_178' title='bbox 1173 2485 1385 2557; x_wconf 90' lang='grc'><strong>1604.</strong></span> <span class='ocrx_word' id='word_1_179' title='bbox 1419 2487 1605 2576; x_wconf 89' lang='lat' dir='ltr'>apud</span> <span class='ocrx_word' id='word_1_180' title='bbox 1647 2483 1986 2555; x_wconf 83' lang='lat' dir='ltr'>Zamboni</span> <span class='ocrx_word' id='word_1_181' title='bbox 2042 2482 2257 2555; x_wconf 89' lang='lat' dir='ltr'>verbo</span> <span class='ocrx_word' id='word_1_182' title='bbox 2296 2482 2606 2553; x_wconf 84' lang='lat' dir='ltr'>Patrim.</span> <span class='ocrx_word' id='word_1_183' title='bbox 2654 2480 2903 2554; x_wconf 84' lang='lat' dir='ltr'>Cleric.</span> 
     </span>
    </p>

    <p class='ocr_par' dir='ltr' id='par_1_5' title="bbox 235 2592 2913 3581">
     <span class='ocr_line' id='line_1_21' title="bbox 306 2592 2912 2694; baseline -0.002 -26"><span class='ocrx_word' id='word_1_184' title='bbox 306 2650 330 2668; x_wconf 92' lang='lat'>.</span> <span class='ocrx_word' id='word_1_185' title='bbox 375 2597 444 2672; x_wconf 95' lang='grc'>1.</span> <span class='ocrx_word' id='word_1_186' title='bbox 485 2604 538 2671; x_wconf 88' lang='lat' dir='ltr'>t.</span> <span class='ocrx_word' id='word_1_187' title='bbox 582 2600 654 2672; x_wconf 91' lang='lat'>5.</span> <span class='ocrx_word' id='word_1_188' title='bbox 690 2620 764 2691; x_wconf 86' lang='lat' dir='ltr'>p.</span> <span class='ocrx_word' id='word_1_189' title='bbox 807 2596 994 2694; x_wconf 65' lang='lat'>54.).</span> <span class='ocrx_word' id='word_1_190' title='bbox 1038 2595 1223 2670; x_wconf 89' lang='lat' dir='ltr'>Hinc</span> <span class='ocrx_word' id='word_1_191' title='bbox 1257 2600 1606 2689; x_wconf 87' lang='lat' dir='ltr'>sequitur,</span> <span class='ocrx_word' id='word_1_192' title='bbox 1649 2597 1839 2688; x_wconf 91' lang='lat' dir='ltr'>quod</span> <span class='ocrx_word' id='word_1_193' title='bbox 1893 2597 2228 2668; x_wconf 86' lang='lat' dir='ltr'>alienatio</span> <span class='ocrx_word' id='word_1_194' title='bbox 2269 2595 2374 2666; x_wconf 78' lang='lat' dir='ltr'>vel</span> <span class='ocrx_word' id='word_1_195' title='bbox 2429 2594 2775 2680; x_wconf 88' lang='lat' dir='ltr'>remissio,</span> <span class='ocrx_word' id='word_1_196' title='bbox 2819 2592 2912 2662; x_wconf 89' lang='lat' dir='ltr'>ir·</span> 
     </span>
     <span class='ocr_line' id='line_1_22' title="bbox 238 2708 2909 2804; baseline -0.003 -22"><span class='ocrx_word' id='word_1_197' title='bbox 238 2711 589 2800; x_wconf 90' lang='lat' dir='ltr'>requisito</span> <span class='ocrx_word' id='word_1_198' title='bbox 640 2708 989 2804; x_wconf 87' lang='lat' dir='ltr'>Episcopo</span> <span class='ocrx_word' id='word_1_199' title='bbox 1059 2719 1374 2802; x_wconf 85' lang='lat' dir='ltr'>peracta,</span> <span class='ocrx_word' id='word_1_200' title='bbox 1449 2711 1724 2783; x_wconf 87' lang='lat' dir='ltr'>etiamsi</span> <span class='ocrx_word' id='word_1_201' title='bbox 1781 2727 2251 2781; x_wconf 84' lang='lat' dir='ltr'>censurarum</span> <span class='ocrx_word' id='word_1_202' title='bbox 2307 2725 2608 2798; x_wconf 83' lang='lat' dir='ltr'>poenam</span> <span class='ocrx_word' id='word_1_203' title='bbox 2655 2710 2909 2775; x_wconf 83' lang='lat' dir='ltr'>contra</span> 
     </span>
     <span class='ocr_line' id='line_1_23' title="bbox 237 2806 2909 2915; baseline -0.003 -21"><span class='ocrx_word' id='word_1_204' title='bbox 237 2823 654 2894; x_wconf 90' lang='lat' dir='ltr'>ordinatum</span> <span class='ocrx_word' id='word_1_205' title='bbox 711 2825 998 2895; x_wconf 91' lang='lat' dir='ltr'>minime</span> <span class='ocrx_word' id='word_1_206' title='bbox 1054 2824 1410 2915; x_wconf 82' lang='lat' dir='ltr'>importet,</span> <span class='ocrx_word' id='word_1_207' title='bbox 1452 2842 1536 2894; x_wconf 80' lang='lat' dir='ltr'>ex</span> <span class='ocrx_word' id='word_1_208' title='bbox 1598 2819 1859 2894; x_wconf 88' lang='lat' dir='ltr'>Bened.</span> <span class='ocrx_word' id='word_1_209' title='bbox 1922 2817 2109 2891; x_wconf 86' lang='lat' dir='ltr'><strong>XIV.</strong></span> <span class='ocrx_word' id='word_1_210' title='bbox 2176 2820 2226 2890; x_wconf 87' lang='lat'>1.</span> <span class='ocrx_word' id='word_1_211' title='bbox 2284 2806 2368 2890; x_wconf 79' lang='lat' dir='ltr'>c.&#39;</span> <span class='ocrx_word' id='word_1_212' title='bbox 2406 2837 2482 2888; x_wconf 80' lang='lat' dir='ltr'>n.</span> <span class='ocrx_word' id='word_1_213' title='bbox 2520 2816 2644 2888; x_wconf 80' lang='lat'>28.</span> <span class='ocrx_word' id='word_1_214' title='bbox 2710 2816 2909 2886; x_wconf 88' lang='lat' dir='ltr'>nulla</span> 
     </span>
     <span class='ocr_line' id='line_1_24' title="bbox 237 2925 2902 3025; baseline -0.003 -20"><span class='ocrx_word' id='word_1_215' title='bbox 237 2941 487 3006; x_wconf 88' lang='lat' dir='ltr'>tamen</span> <span class='ocrx_word' id='word_1_216' title='bbox 540 2941 613 3006; x_wconf 91' lang='lat' dir='ltr'>et</span> <span class='ocrx_word' id='word_1_217' title='bbox 663 2936 858 3007; x_wconf 90' lang='lat' dir='ltr'>irrita</span> <span class='ocrx_word' id='word_1_218' title='bbox 912 2937 1064 3025; x_wconf 90' lang='lat' dir='ltr'>ipso</span> <span class='ocrx_word' id='word_1_219' title='bbox 1118 2937 1267 3006; x_wconf 89' lang='lat' dir='ltr'>iure</span> <span class='ocrx_word' id='word_1_220' title='bbox 1318 2940 1453 3005; x_wconf 90' lang='lat' dir='ltr'>est.</span> <span class='ocrx_word' id='word_1_221' title='bbox 1511 2931 1690 3004; x_wconf 83' lang='lat' dir='ltr'>Nam</span> <span class='ocrx_word' id='word_1_222' title='bbox 1744 2929 1816 3003; x_wconf 95' lang='lat' dir='ltr'>S.</span> <span class='ocrx_word' id='word_1_223' title='bbox 1859 2931 1933 3003; x_wconf 91' lang='lat' dir='ltr'>C.</span> <span class='ocrx_word' id='word_1_224' title='bbox 1984 2930 2060 3002; x_wconf 90' lang='lat' dir='ltr'>C.</span> <span class='ocrx_word' id='word_1_225' title='bbox 2118 2933 2233 3004; x_wconf 90' lang='lat' dir='ltr'>die</span> <span class='ocrx_word' id='word_1_226' title='bbox 2287 2932 2357 3002; x_wconf 86' lang='lat'>6.</span> <span class='ocrx_word' id='word_1_227' title='bbox 2416 2925 2623 2999; x_wconf 86' lang='lat' dir='ltr'>Mart.</span> <span class='ocrx_word' id='word_1_228' title='bbox 2688 2927 2902 2998; x_wconf 88' lang='grc'><strong>1638.</strong></span> 
     </span>
     <span class='ocr_line' id='line_1_25' title="bbox 236 3037 2904 3141; baseline -0.003 -25"><span class='ocrx_word' id='word_1_229' title='bbox 236 3046 414 3141; x_wconf 83' lang='lat' dir='ltr'>(lib.</span> <span class='ocrx_word' id='word_1_230' title='bbox 478 3045 593 3116; x_wconf 91' lang='grc'>15.</span> <span class='ocrx_word' id='word_1_231' title='bbox 651 3046 907 3118; x_wconf 78' lang='lat' dir='ltr'>decret.</span> <span class='ocrx_word' id='word_1_232' title='bbox 963 3065 1129 3137; x_wconf 76' lang='lat' dir='ltr'>paq.</span> <span class='ocrx_word' id='word_1_233' title='bbox 1190 3043 1359 3117; x_wconf 88' lang='grc'><strong>667.</strong></span> <span class='ocrx_word' id='word_1_234' title='bbox 1419 3044 1611 3135; x_wconf 86' lang='lat' dir='ltr'>apud</span> <span class='ocrx_word' id='word_1_235' title='bbox 1664 3044 1991 3116; x_wconf 89' lang='lat' dir='ltr'>eumdem</span> <span class='ocrx_word' id='word_1_236' title='bbox 2062 3042 2463 3132; x_wconf 87' lang='lat' dir='ltr'>auctorem)</span> <span class='ocrx_word' id='word_1_237' title='bbox 2506 3063 2541 3102; x_wconf 65' lang='grc' dir='ltr'><em>α</em></span> <span class='ocrx_word' id='word_1_238' title='bbox 2594 3037 2904 3124; x_wconf 90' lang='lat' dir='ltr'>censuit,</span> 
     </span>
     <span class='ocr_line' id='line_1_26' title="bbox 238 3147 2909 3247; baseline -0.004 -20"><span class='ocrx_word' id='word_1_239' title='bbox 238 3180 280 3227; x_wconf 79' lang='lat'>›</span> <span class='ocrx_word' id='word_1_240' title='bbox 321 3159 682 3246; x_wconf 43' lang='lat' dir='ltr'>eum„qui</span> <span class='ocrx_word' id='word_1_241' title='bbox 718 3157 806 3229; x_wconf 93' lang='lat' dir='ltr'>de</span> <span class='ocrx_word' id='word_1_242' title='bbox 859 3157 1045 3228; x_wconf 83' lang='lat' dir='ltr'>iacto</span> <span class='ocrx_word' id='word_1_243' title='bbox 1083 3157 1420 3227; x_wconf 85' lang='lat' dir='ltr'>alienavit</span> <span class='ocrx_word' id='word_1_244' title='bbox 1472 3156 2005 3247; x_wconf 75' lang='lat' dir='ltr'>patrimonium,</span> <span class='ocrx_word' id='word_1_245' title='bbox 2048 3155 2139 3225; x_wconf 89' lang='lat' dir='ltr'>ad</span> <span class='ocrx_word' id='word_1_246' title='bbox 2193 3154 2394 3223; x_wconf 91' lang='lat' dir='ltr'>cuius</span> <span class='ocrx_word' id='word_1_247' title='bbox 2436 3149 2714 3221; x_wconf 88' lang='lat' dir='ltr'>titulum</span> <span class='ocrx_word' id='word_1_248' title='bbox 2758 3147 2909 3218; x_wconf 85' lang='lat' dir='ltr'>lue-</span> 
     </span>
     <span class='ocr_line' id='line_1_27' title="bbox 238 3260 2913 3356; baseline -0.002 -21"><span class='ocrx_word' id='word_1_249' title='bbox 238 3291 280 3335; x_wconf 75' lang='lat'><strong>»</strong></span> <span class='ocrx_word' id='word_1_250' title='bbox 324 3272 441 3338; x_wconf 91' lang='lat' dir='ltr'>rat</span> <span class='ocrx_word' id='word_1_251' title='bbox 488 3269 888 3356; x_wconf 77' lang='lat' dir='ltr'>ordinatuS,</span> <span class='ocrx_word' id='word_1_252' title='bbox 929 3268 1121 3340; x_wconf 84' lang='lat' dir='ltr'>nulla</span> <span class='ocrx_word' id='word_1_253' title='bbox 1165 3268 1349 3340; x_wconf 80' lang='lat' dir='ltr'>facta</span> <span class='ocrx_word' id='word_1_254' title='bbox 1391 3268 1777 3353; x_wconf 86' lang='lat' dir='ltr'>mentione,</span> <span class='ocrx_word' id='word_1_255' title='bbox 1818 3267 2008 3356; x_wconf 85' lang='lat' dir='ltr'>quod</span> <span class='ocrx_word' id='word_1_256' title='bbox 2047 3266 2140 3337; x_wconf 85' lang='lat' dir='ltr'>ad</span> <span class='ocrx_word' id='word_1_257' title='bbox 2194 3264 2382 3335; x_wconf 88' lang='lat' dir='ltr'>illius</span> <span class='ocrx_word' id='word_1_258' title='bbox 2428 3260 2711 3333; x_wconf 88' lang='lat' dir='ltr'>titulum</span> <span class='ocrx_word' id='word_1_259' title='bbox 2751 3278 2913 3350; x_wconf 90' lang='lat' dir='ltr'>pro-</span> 
     </span>
     <span class='ocr_line' id='line_1_28' title="bbox 235 3375 2909 3468; baseline -0.001 -22"><span class='ocrx_word' id='word_1_260' title='bbox 235 3402 277 3446; x_wconf 75' lang='lat'><strong>»</strong></span> <span class='ocrx_word' id='word_1_261' title='bbox 324 3386 563 3450; x_wconf 90' lang='lat' dir='ltr'>motus</span> <span class='ocrx_word' id='word_1_262' title='bbox 616 3379 893 3468; x_wconf 80' lang='lat' dir='ltr'>fuisset,</span> <span class='ocrx_word' id='word_1_263' title='bbox 938 3382 1006 3450; x_wconf 91' lang='lat' dir='ltr'>in</span> <span class='ocrx_word' id='word_1_264' title='bbox 1061 3397 1399 3452; x_wconf 83' lang='lat' dir='ltr'>censuras</span> <span class='ocrx_word' id='word_1_265' title='bbox 1452 3397 1594 3449; x_wconf 92' lang='lat' dir='ltr'>non</span> <span class='ocrx_word' id='word_1_266' title='bbox 1649 3379 2012 3464; x_wconf 89' lang='lat' dir='ltr'>incidisse,</span> <span class='ocrx_word' id='word_1_267' title='bbox 2060 3377 2185 3448; x_wconf 86' lang='lat' dir='ltr'>sed</span> <span class='ocrx_word' id='word_1_268' title='bbox 2241 3375 2771 3460; x_wconf 88' lang='lat' dir='ltr'>alienationem,</span> <span class='ocrx_word' id='word_1_269' title='bbox 2831 3377 2909 3443; x_wconf 93' lang='lat' dir='ltr'>ut</span> 
     </span>
     <span class='ocr_line' id='line_1_29' title="bbox 237 3490 2156 3581; baseline -0.003 -21"><span class='ocrx_word' id='word_1_270' title='bbox 237 3513 279 3560; x_wconf 79' lang='lat'>›</span> <span class='ocrx_word' id='word_1_271' title='bbox 325 3493 776 3580; x_wconf 86' lang='lat' dir='ltr'>proponitur,</span> <span class='ocrx_word' id='word_1_272' title='bbox 836 3491 1122 3578; x_wconf 78' lang='lat' dir='ltr'>factam,</span> <span class='ocrx_word' id='word_1_273' title='bbox 1178 3509 1337 3564; x_wconf 92' lang='lat' dir='ltr'>esse</span> <span class='ocrx_word' id='word_1_274' title='bbox 1392 3492 1542 3581; x_wconf 89' lang='lat' dir='ltr'>ipso</span> <span class='ocrx_word' id='word_1_275' title='bbox 1588 3492 1737 3561; x_wconf 88' lang='lat' dir='ltr'>iure</span> <span class='ocrx_word' id='word_1_276' title='bbox 1793 3490 2156 3560; x_wconf 82' lang='lat' dir='ltr'>nullam.»</span> 
     </span>
    </p>

    <p class='ocr_par' dir='ltr' id='par_1_6' title="bbox 225 3593 2917 4586">
     <span class='ocr_line' id='line_1_30' title="bbox 394 3593 2912 3692; baseline -0.002 -22"><span class='ocrx_word' id='word_1_277' title='bbox 394 3601 563 3671; x_wconf 91' lang='grc'><strong>421.</strong></span> <span class='ocrx_word' id='word_1_278' title='bbox 604 3598 995 3674; x_wconf 87' lang='lat' dir='ltr'>Ordinatus</span> <span class='ocrx_word' id='word_1_279' title='bbox 1049 3602 1235 3674; x_wconf 92' lang='lat' dir='ltr'>bona</span> <span class='ocrx_word' id='word_1_280' title='bbox 1290 3602 1815 3692; x_wconf 80' lang='lat' dir='ltr'>patrimonialia</span> <span class='ocrx_word' id='word_1_281' title='bbox 1869 3607 2273 3691; x_wconf 74' lang='lat' dir='ltr'>permutare</span> <span class='ocrx_word' id='word_1_282' title='bbox 2326 3598 2603 3688; x_wconf 92' lang='lat' dir='ltr'>nequit,</span> <span class='ocrx_word' id='word_1_283' title='bbox 2661 3593 2912 3665; x_wconf 87' lang='lat' dir='ltr'>videli-</span> 
     </span>
     <span class='ocr_line' id='line_1_31' title="bbox 233 3704 2900 3805; baseline -0.004 -18"><span class='ocrx_word' id='word_1_284' title='bbox 233 3721 386 3803; x_wconf 85' lang='lat' dir='ltr'>cet,</span> <span class='ocrx_word' id='word_1_285' title='bbox 445 3717 506 3786; x_wconf 87' lang='lat' dir='ltr'>si</span> <span class='ocrx_word' id='word_1_286' title='bbox 560 3735 700 3785; x_wconf 92' lang='lat' dir='ltr'>non</span> <span class='ocrx_word' id='word_1_287' title='bbox 754 3715 1048 3786; x_wconf 84' lang='lat' dir='ltr'>accedat</span> <span class='ocrx_word' id='word_1_288' title='bbox 1102 3712 1431 3805; x_wconf 90' lang='lat' dir='ltr'>Episcopi</span> <span class='ocrx_word' id='word_1_289' title='bbox 1486 3716 1744 3800; x_wconf 79' lang='lat' dir='ltr'>venia3</span> <span class='ocrx_word' id='word_1_290' title='bbox 1821 3731 1986 3783; x_wconf 89' lang='lat' dir='ltr'>nam</span> <span class='ocrx_word' id='word_1_291' title='bbox 2039 3732 2076 3781; x_wconf 90' lang='lat' dir='ltr'>a</span> <span class='ocrx_word' id='word_1_292' title='bbox 2132 3708 2342 3782; x_wconf 64' lang='lat' dir='ltr'>Siara</span> <span class='ocrx_word' id='word_1_293' title='bbox 2395 3708 2648 3796; x_wconf 84' lang='lat' dir='ltr'>Congr.</span> <span class='ocrx_word' id='word_1_294' title='bbox 2689 3704 2900 3777; x_wconf 86' lang='lat' dir='ltr'>Conc.</span> 
     </span>
     <span class='ocr_line' id='line_1_32' title="bbox 229 3814 2905 3924; baseline -0.005 -25"><span class='ocrx_word' id='word_1_295' title='bbox 229 3828 369 3899; x_wconf 87' lang='grc'><strong>20.</strong></span> <span class='ocrx_word' id='word_1_296' title='bbox 413 3823 573 3897; x_wconf 91' lang='lat' dir='ltr'>Iulii</span> <span class='ocrx_word' id='word_1_297' title='bbox 633 3828 846 3898; x_wconf 81' lang='lat'><strong>1619.</strong></span> <span class='ocrx_word' id='word_1_298' title='bbox 902 3821 1065 3924; x_wconf 83' lang='lat' dir='ltr'>(lib.</span> <span class='ocrx_word' id='word_1_299' title='bbox 1113 3827 1228 3898; x_wconf 93' lang='grc'>17.</span> <span class='ocrx_word' id='word_1_300' title='bbox 1270 3827 1525 3898; x_wconf 80' lang='lat' dir='ltr'>decret.</span> <span class='ocrx_word' id='word_1_301' title='bbox 1578 3845 1745 3917; x_wconf 80' lang='lat' dir='ltr'>paq.</span> <span class='ocrx_word' id='word_1_302' title='bbox 1793 3824 1909 3896; x_wconf 90' lang='grc'>17.</span> <span class='ocrx_word' id='word_1_303' title='bbox 1968 3823 2156 3913; x_wconf 89' lang='lat' dir='ltr'>apud</span> <span class='ocrx_word' id='word_1_304' title='bbox 2215 3820 2481 3893; x_wconf 89' lang='lat' dir='ltr'>Bened.</span> <span class='ocrx_word' id='word_1_305' title='bbox 2522 3814 2712 3889; x_wconf 83' lang='lat' dir='ltr'>xtv.</span> <span class='ocrx_word' id='word_1_306' title='bbox 2756 3817 2905 3902; x_wconf 53' lang='grc' dir='ltr'>με.</span> 
     </span>
     <span class='ocr_line' id='line_1_33' title="bbox 229 3928 2915 4034; baseline -0.004 -25"><span class='ocrx_word' id='word_1_307' title='bbox 229 3958 445 4011; x_wconf 80' lang='lat' dir='ltr'>num.</span> <span class='ocrx_word' id='word_1_308' title='bbox 485 3932 653 4034; x_wconf 77' lang='lat'>29.)</span> <span class='ocrx_word' id='word_1_309' title='bbox 690 3940 1153 4011; x_wconf 89' lang='lat' dir='ltr'>constitutum</span> <span class='ocrx_word' id='word_1_310' title='bbox 1192 3938 1368 4010; x_wconf 81' lang='lat' dir='ltr'>fuit:</span> <span class='ocrx_word' id='word_1_311' title='bbox 1430 3961 1468 4000; x_wconf 69' lang='grc' dir='ltr'>σι</span> <span class='ocrx_word' id='word_1_312' title='bbox 1514 3936 2049 4023; x_wconf 86' lang='lat' dir='ltr'>Patrimonium,</span> <span class='ocrx_word' id='word_1_313' title='bbox 2092 3936 2180 4006; x_wconf 91' lang='lat' dir='ltr'>ad</span> <span class='ocrx_word' id='word_1_314' title='bbox 2219 3935 2421 4007; x_wconf 91' lang='lat' dir='ltr'>cuius</span> <span class='ocrx_word' id='word_1_315' title='bbox 2459 3931 2745 4004; x_wconf 86' lang='lat' dir='ltr'>titulum</span> <span class='ocrx_word' id='word_1_316' title='bbox 2783 3928 2915 3999; x_wconf 86' lang='lat' dir='ltr'>ali-</span> 
     </span>
     <span class='ocr_line' id='line_1_34' title="bbox 233 4039 2914 4141; baseline -0.001 -25"><span class='ocrx_word' id='word_1_317' title='bbox 233 4075 276 4116; x_wconf 73' lang='lat'><strong>&gt;</strong></span> <span class='ocrx_word' id='word_1_318' title='bbox 323 4050 491 4139; x_wconf 91' lang='lat' dir='ltr'>quis</span> <span class='ocrx_word' id='word_1_319' title='bbox 546 4039 910 4140; x_wconf 84' lang='lat' dir='ltr'>promotus</span> <span class='ocrx_word' id='word_1_320' title='bbox 962 4058 1095 4137; x_wconf 91' lang='lat' dir='ltr'>est,</span> <span class='ocrx_word' id='word_1_321' title='bbox 1155 4068 1361 4141; x_wconf 85' lang='lat' dir='ltr'>posse</span> <span class='ocrx_word' id='word_1_322' title='bbox 1418 4051 1664 4139; x_wconf 87' lang='lat' dir='ltr'>utique</span> <span class='ocrx_word' id='word_1_323' title='bbox 1703 4050 2115 4121; x_wconf 83' lang='lat' dir='ltr'>delicentia</span> <span class='ocrx_word' id='word_1_324' title='bbox 2152 4044 2480 4136; x_wconf 83' lang='lat' dir='ltr'>Episcopi</span> <span class='ocrx_word' id='word_1_325' title='bbox 2527 4042 2914 4133; x_wconf 86' lang='lat' dir='ltr'>permutari</span> 
     </span>
     <span class='ocr_line' id='line_1_35' title="bbox 228 4154 2914 4244; baseline -0.001 -14"><span class='ocrx_word' id='word_1_326' title='bbox 228 4185 273 4228; x_wconf 85' lang='lat'>›</span> <span class='ocrx_word' id='word_1_327' title='bbox 323 4179 487 4231; x_wconf 92' lang='lat' dir='ltr'>cum</span> <span class='ocrx_word' id='word_1_328' title='bbox 544 4161 704 4231; x_wconf 91' lang='lat' dir='ltr'>aliis</span> <span class='ocrx_word' id='word_1_329' title='bbox 754 4161 963 4232; x_wconf 92' lang='lat' dir='ltr'>bonis</span> <span class='ocrx_word' id='word_1_330' title='bbox 1036 4181 1177 4232; x_wconf 91' lang='lat' dir='ltr'>non</span> <span class='ocrx_word' id='word_1_331' title='bbox 1250 4163 1538 4233; x_wconf 90' lang='lat' dir='ltr'>minoris</span> <span class='ocrx_word' id='word_1_332' title='bbox 1591 4163 1865 4233; x_wconf 88' lang='lat' dir='ltr'>reditus</span> <span class='ocrx_word' id='word_1_333' title='bbox 1933 4169 2057 4231; x_wconf 92' lang='lat' dir='ltr'>aut</span> <span class='ocrx_word' id='word_1_334' title='bbox 2116 4158 2415 4244; x_wconf 82' lang='lat' dir='ltr'>valoris,</span> <span class='ocrx_word' id='word_1_335' title='bbox 2472 4156 2597 4227; x_wconf 78' lang='lat' dir='ltr'>sed</span> <span class='ocrx_word' id='word_1_336' title='bbox 2651 4154 2914 4226; x_wconf 88' lang='lat' dir='ltr'>debere</span> 
     </span>
     <span class='ocr_line' id='line_1_36' title="bbox 228 4266 2917 4365; baseline -0.001 -26"><span class='ocrx_word' id='word_1_337' title='bbox 228 4296 271 4339; x_wconf 79' lang='lat'><strong>»</strong></span> <span class='ocrx_word' id='word_1_338' title='bbox 319 4268 756 4365; x_wconf 89' lang='lat' dir='ltr'>Episcopum</span> <span class='ocrx_word' id='word_1_339' title='bbox 793 4271 1183 4359; x_wconf 89' lang='lat' dir='ltr'>declarare,</span> <span class='ocrx_word' id='word_1_340' title='bbox 1224 4272 1411 4344; x_wconf 89' lang='lat' dir='ltr'>bona</span> <span class='ocrx_word' id='word_1_341' title='bbox 1452 4292 1533 4344; x_wconf 84' lang='lat' dir='ltr'>ex</span> <span class='ocrx_word' id='word_1_342' title='bbox 1574 4274 2100 4365; x_wconf 85' lang='lat' dir='ltr'>permutatione</span> <span class='ocrx_word' id='word_1_343' title='bbox 2141 4270 2519 4360; x_wconf 81' lang='lat' dir='ltr'>acquisita,</span> <span class='ocrx_word' id='word_1_344' title='bbox 2553 4287 2707 4340; x_wconf 87' lang='lat' dir='ltr'>esse</span> <span class='ocrx_word' id='word_1_345' title='bbox 2743 4266 2917 4338; x_wconf 90' lang='lat' dir='ltr'>sub-</span> 
     </span>
     <span class='ocr_line' id='line_1_37' title="bbox 225 4381 2915 4477; baseline -0.001 -25"><span class='ocrx_word' id='word_1_346' title='bbox 225 4411 270 4452; x_wconf 76' lang='lat'><strong>»</strong></span> <span class='ocrx_word' id='word_1_347' title='bbox 318 4391 571 4475; x_wconf 85' lang='lat' dir='ltr'>rogata</span> <span class='ocrx_word' id='word_1_348' title='bbox 626 4385 700 4456; x_wconf 91' lang='lat' dir='ltr'>in</span> <span class='ocrx_word' id='word_1_349' title='bbox 746 4385 981 4456; x_wconf 10' lang='lat' dir='ltr'>,locum</span> <span class='ocrx_word' id='word_1_350' title='bbox 1040 4385 1289 4477; x_wconf 88' lang='lat' dir='ltr'>prioris</span> <span class='ocrx_word' id='word_1_351' title='bbox 1343 4387 1778 4475; x_wconf 65' lang='lat' dir='ltr'>patrimonii,</span> <span class='ocrx_word' id='word_1_352' title='bbox 1822 4388 1916 4457; x_wconf 85' lang='lat' dir='ltr'>ita</span> <span class='ocrx_word' id='word_1_353' title='bbox 1959 4392 2034 4455; x_wconf 92' lang='lat' dir='ltr'>ut</span> <span class='ocrx_word' id='word_1_354' title='bbox 2070 4386 2404 4474; x_wconf 89' lang='lat' dir='ltr'>deinceps</span> <span class='ocrx_word' id='word_1_355' title='bbox 2452 4381 2750 4453; x_wconf 86' lang='lat' dir='ltr'>alienari</span> <span class='ocrx_word' id='word_1_356' title='bbox 2791 4398 2915 4451; x_wconf 93' lang='lat' dir='ltr'>ne-</span> 
     </span>
     <span class='ocr_line' id='line_1_38' title="bbox 226 4495 2473 4586; baseline -0.001 -22"><span class='ocrx_word' id='word_1_357' title='bbox 226 4521 269 4564; x_wconf 80' lang='lat'><strong>»</strong></span> <span class='ocrx_word' id='word_1_358' title='bbox 319 4503 623 4584; x_wconf 86' lang='lat' dir='ltr'>queant,</span> <span class='ocrx_word' id='word_1_359' title='bbox 681 4498 817 4567; x_wconf 90' lang='lat' dir='ltr'>nisi</span> <span class='ocrx_word' id='word_1_360' title='bbox 870 4501 1149 4569; x_wconf 80' lang='lat' dir='ltr'>servata</span> <span class='ocrx_word' id='word_1_361' title='bbox 1202 4495 1423 4566; x_wconf 81' lang='lat' dir='ltr'>forma</span> <span class='ocrx_word' id='word_1_362' title='bbox 1480 4515 1520 4565; x_wconf 91' lang='lat' dir='ltr'>a</span> <span class='ocrx_word' id='word_1_363' title='bbox 1572 4495 1880 4566; x_wconf 87' lang='lat' dir='ltr'>Concilio</span> <span class='ocrx_word' id='word_1_364' title='bbox 1935 4498 2473 4586; x_wconf 82' lang='lat' dir='ltr'>praescripta.»</span> 
     </span>
    </p>

    <p class='ocr_par' dir='ltr' id='par_1_7' title="bbox 215 4604 2909 4814">
     <span class='ocr_line' id='line_1_39' title="bbox 392 4604 2909 4697; baseline 0 -21"><span class='ocrx_word' id='word_1_365' title='bbox 392 4607 560 4677; x_wconf 86' lang='grc'><strong>422.</strong></span> <span class='ocrx_word' id='word_1_366' title='bbox 620 4604 1010 4680; x_wconf 87' lang='lat' dir='ltr'>Ordinatus</span> <span class='ocrx_word' id='word_1_367' title='bbox 1064 4608 1248 4678; x_wconf 90' lang='lat' dir='ltr'>bona</span> <span class='ocrx_word' id='word_1_368' title='bbox 1308 4607 1832 4697; x_wconf 76' lang='lat' dir='ltr'>patrimonialia</span> <span class='ocrx_word' id='word_1_369' title='bbox 1885 4607 2135 4678; x_wconf 87' lang='lat' dir='ltr'>eadem</span> <span class='ocrx_word' id='word_1_370' title='bbox 2184 4607 2459 4678; x_wconf 81' lang='lat' dir='ltr'>ratione</span> <span class='ocrx_word' id='word_1_371' title='bbox 2496 4605 2909 4676; x_wconf 84' lang='lat' dir='ltr'>renuntiare</span> 
     </span>
     <span class='ocr_line' id='line_1_40' title="bbox 215 4716 2907 4814; baseline -0.002 -22"><span class='ocrx_word' id='word_1_372' title='bbox 215 4718 668 4814; x_wconf 84' lang='lat' dir='ltr'>prohibetur</span> <span class='ocrx_word' id='word_1_373' title='bbox 717 4738 801 4792; x_wconf 83' lang='lat' dir='ltr'>ex</span> <span class='ocrx_word' id='word_1_374' title='bbox 854 4720 1335 4792; x_wconf 84' lang='lat' dir='ltr'>declaratione</span> <span class='ocrx_word' id='word_1_375' title='bbox 1388 4721 1461 4790; x_wconf 92' lang='lat' dir='ltr'>S.</span> <span class='ocrx_word' id='word_1_376' title='bbox 1502 4716 1578 4789; x_wconf 89' lang='lat' dir='ltr'>C.</span> <span class='ocrx_word' id='word_1_377' title='bbox 1619 4717 1830 4790; x_wconf 86' lang='lat' dir='ltr'>Conc.</span> <span class='ocrx_word' id='word_1_378' title='bbox 1889 4719 2032 4791; x_wconf 92' lang='lat' dir='ltr'>diei</span> <span class='ocrx_word' id='word_1_379' title='bbox 2090 4719 2205 4789; x_wconf 92' lang='grc'>14.</span> <span class='ocrx_word' id='word_1_380' title='bbox 2271 4716 2608 4790; x_wconf 87' lang='lat' dir='ltr'>Februar.</span> <span class='ocrx_word' id='word_1_381' title='bbox 2657 4718 2907 4804; x_wconf 85' lang='grc'><strong>1662.;</strong></span> 
     </span>
    </p>
   </div>
  </div>
 </body>
</html>
