3497 5235
637 275 754 338 412
1394 281 1764 340 mu-uotioni·
1804 281 1859 339 e.
1885 282 2069 357 congr.
2096 280 2245 340 cona
2281 236 2553 357 ᾄῃοιὶιῑ..

638 415 911 500 ctoreS,
968 413 1157 484 inter
1209 432 1389 504 quos
1440 412 1828 487 Barbosam
1879 409 2003 511 (de
2052 415 2166 508 off.
2206 421 2273 487 et
2313 420 2462 505 pot.
2496 433 2665 505 par.
2710 415 2795 487 P.
2836 414 2931 485 ΙΙ.
2972 429 3136 503 cap.
3172 407 3277 483 23.

639 541 834 594 num.
880 522 948 596 1.
992 525 1089 597 ad
1143 519 1260 622 7.)
1311 526 1530 598 citare
1581 529 1757 600 satis
1808 528 1928 605 sit.

786 635 956 706 275.
1015 631 1247 708 Tertia
1301 656 1516 710 causa
1589 638 2081 712 illiteraturam
2135 643 2206 712 et
2260 638 2688 732 imperitiam
2748 636 3081 728 respicit:
3136 652 3285 707 nam

638 744 737 817 ita
790 747 1042 818 statuit
1092 744 1305 820 Conc.
1349 744 1665 823 Trident.
1712 751 1892 823 SesS.
1929 750 2054 823 21.
2098 770 2257 842 cap.
2300 750 2371 824 6.
2413 750 2498 823 de
2532 750 2843 843 Reform.
2889 772 2925 813 «ι
2956 744 3135 829 Quia
3166 746 3290 819 illi·

643 880 681 923 »
724 858 931 929 terati
985 866 1055 932 et
1113 860 1431 950 imperiti
1482 861 1998 953 parochialium
2048 861 2508 935 ecclesiarum
2562 867 2868 934 rectores
2918 860 3139 933 sacris
3172 859 3288 929 mi-

643 990 682 1029 »
720 985 862 1039 nus
911 970 1061 1060 apti
1115 979 1286 1045 sunt
1339 972 1613 1063 officiis,
1655 980 1728 1046 et
1764 974 1882 1045 alii
1935 979 2225 1064 propter
2261 991 2505 1045 eorum
2542 974 2731 1045 vitae
2784 970 3290 1064 turpitudinem

643 1103 681 1149 ›
720 1082 960 1170 potius
1020 1083 1449 1175 destruunt,
1507 1105 1724 1177 quam
1804 1086 2214 1174 aedificant,
2282 1083 2614 1177 Episcopi
2668 1085 2879 1156 etiam
2937 1090 3290 1172 tamquam

642 1215 680 1256 »
720 1193 922 1265 Sedis
961 1194 1405 1287 Apostolicae
1442 1195 1763 1289 Delegati
1818 1197 2088 1271 eisdem
2116 1198 2472 1271 illiteratis
2509 1204 2581 1270 et
2617 1195 2991 1287 imperitis,
3034 1196 3095 1267 si
3130 1194 3291 1266 alias

645 1326 683 1369 »
723 1303 1068 1380 honestae
1120 1308 1310 1380 vitae
1363 1311 1533 1399 sint,
1590 1311 2037 1384 coadiutores
2089 1318 2161 1383 et
2210 1310 2512 1383 vicarios
2563 1327 2691 1402 pro
2727 1312 3048 1398 tempore
3084 1306 3297 1399 depu-

639 1440 677 1483 »
719 1424 897 1508 tare,
929 1427 1356 1512 partemque
1392 1421 1756 1496 fructuum
1808 1422 2073 1495 eisdem
2110 1440 2238 1515 pro
2266 1421 2649 1495 sufficienti
2678 1421 2871 1492 victu
2907 1419 3288 1510 assignare,

636 1552 677 1597 ›
717 1530 832 1601 vel
887 1532 1094 1604 aliter
1146 1532 1517 1624 providere
1571 1534 1874 1625 possint,
1932 1551 2387 1624 quacumque
2441 1532 2923 1624 appellatione
2957 1537 3032 1603 et
3067 1548 3296 1602 exem-

640 1667 678 1710 »
717 1645 960 1734 ptione
1011 1653 1311 1719 remota.
1343 1670 1380 1715 »

761 1756 954 1827 276.
1016 1753 1250 1829 Locus
1301 1764 1410 1830 est
1461 1757 1577 1830 hic
1629 1757 2115 1847 examinandi,
2176 1777 2269 1830 an
2322 1755 2719 1849 Episcopus
2774 1755 3150 1847 parochos,
3183 1754 3293 1845 qui

634 1867 1054 1941 iamdudum
1109 1871 1426 1961 regimen
1481 1871 1839 1963 pastorale
1892 1876 2253 1959 exercent,
2295 1871 2552 1943 iterum
2588 1870 2679 1942 ad
2716 1885 3021 1940 examen
3058 1884 3293 1940 vocare

632 1979 884 2070 possit,
942 1987 1022 2051 ut
1076 1982 1332 2053 certior
1382 1981 1470 2054 de
1523 1999 1768 2054 eorum
1817 1982 2070 2072 peritia
2122 1976 2512 2055 reddatur?
2570 2006 2606 2047 (ι
2648 1978 2875 2072 Saepe
2910 1981 3106 2052 enim
3142 1997 3297 2051 con-

641 2113 678 2158 »
719 2091 931 2181 tingit
982 2086 1115 2186 (ita
1151 2088 1425 2166 Bened.
1467 2090 1659 2165 xlv,
1701 2095 1786 2166 de
1825 2096 1997 2184 Syn.
2038 2094 2256 2166 dioec.
2300 2094 2419 2166 lib.
2466 2093 2667 2166 XIII.
2706 2112 2863 2184 cap.
2893 2092 2964 2165 9.
3010 2112 3083 2164 n.
3114 2086 3290 2185 21.),

641 2225 679 2268 »
718 2208 798 2273 ut
850 2203 898 2273 ii
952 2202 1088 2293 ipsi
1143 2204 1463 2295 parochi,
1505 2205 1628 2294 qui
1683 2204 1793 2277 vel
1849 2225 1889 2275 a
1944 2207 2263 2295 patronis
2312 2205 2514 2277 laicis
2559 2204 2933 2291 nominati,
2976 2203 3292 2274 examine

640 2337 678 2380 »
719 2311 933 2401 facte,
991 2315 1229 2387 idonei
1282 2324 1354 2388 et
1405 2315 1683 2388 habiles
1752 2316 1844 2389 ab
1898 2315 2247 2409 Episcopo
2297 2317 2558 2409 reperti
2631 2321 2844 2403 sunt,
2901 2315 3014 2387 vel
3068 2315 3131 2386 si
3180 2332 3293 2406 pa-

642 2448 680 2489 »
720 2423 1054 2497 rochialis
1132 2426 1473 2501 ecclesiae
1543 2428 1850 2519 provisio
1900 2446 2030 2521 per
2079 2447 2504 2501 concursum
2566 2427 2754 2501 facta
2808 2433 2958 2516 est,
3020 2428 3097 2497 in
3152 2425 3288 2517 ipso

642 2558 681 2603 2>
721 2553 1068 2608 concursu
1122 2539 1472 2611 doctiores
1523 2528 1978 2634 aptioresque
2022 2540 2344 2631 iudicati,
2387 2540 2692 2632 ideoque
2731 2540 2987 2613 ceteris
3022 2553 3291 2628 compe-

639 2668 678 2714 ›
720 2645 1051 2721 titoribus
1087 2651 1390 2743 praelati
1445 2651 1737 2742 fuerint,
1780 2654 2119 2745 temporis
2155 2654 2488 2741 decursu,
2530 2651 2798 2725 indocti
2833 2658 2907 2724 et
2939 2647 3287 2722 inhabiles

639 2779 677 2822 »
717 2761 1270 2852 comperiantur,
1329 2770 1451 2837 aut
1504 2765 1683 2837 tales
1719 2767 2073 2839 evadant:
2133 2784 2290 2838 cum
2330 2772 2490 2856 post
2526 2765 2861 2857 adeptam
2900 2763 3288 2834 animarum

639 2892 678 2937 2>
719 2887 960 2942 curam
1015 2877 1493 2947 necessarium
1548 2876 1766 2949 studii
1821 2877 2237 2949 exercitium
2284 2877 2573 2948 omnino
2611 2876 3066 2965 reliquerint.
3101 2898 3140 2940 ν
3176 2869 3285 2944 Cui

638 2982 823 3054 malo
877 2987 1233 3075 quomodo
1288 2988 1717 3060 medendum
1770 2988 1890 3076 sit,
1949 3008 2092 3060 non
2148 3007 2305 3060 raro
2356 2988 2448 3059 ab
2486 2985 2859 3080 Episcopis
2896 2989 2972 3059 in
3007 2987 3157 3058 suis
3189 2998 3290 3053 re·

631 3090 1023 3170 lationibus
1059 3100 1146 3171 de
1185 3106 1378 3172 statu
1414 3100 1874 3172 ecclesiarum
1914 3119 2204 3172 suarum
2243 3097 2315 3170 S.
2351 3097 2604 3191 Congr.
2645 3097 2857 3171 Conc.
2900 3096 3285 3170 consultam

633 3209 704 3276 et
755 3214 1074 3299 rogatam
1128 3209 1346 3283 fuisse
1401 3216 1704 3283 testatur
1757 3218 1827 3284 et
1880 3213 2030 3303 ipse
2082 3213 2170 3284 de
2226 3229 2355 3283 suo
2402 3218 2717 3302 tempore
2756 3210 3283 3283 laudatissimus

633 3321 752 3393 ille
803 3319 1156 3396 Pontifex.
1215 3321 1540 3397 Iamvero
1591 3324 1793 3395 nulla
1845 3323 2038 3397 hisce
2094 3324 2168 3395 in
2223 3322 2510 3396 casibus
2544 3324 2726 3395 ratio
2766 3322 2994 3413 magis
3045 3334 3285 3412 oppor-

629 3440 807 3506 tuna
861 3435 1142 3508 videtur
1193 3443 1263 3509 et
1317 3444 1829 3525 consentanea,
1889 3455 2103 3527 quam
2159 3437 2216 3507 si
2269 3434 2648 3527 parochus,
2692 3435 2779 3507 de
2832 3452 2980 3524 quo
3037 3433 3280 3524 agitur,

633 3545 888 3618 iterum
945 3549 1258 3620 examini
1309 3547 1779 3635 subiiciatur,
1855 3555 1925 3619 et
1976 3549 2035 3619 si
2089 3548 2177 3621 de
2231 3548 2549 3620 eiusdem
2616 3547 2976 3636 imperitia
3037 3543 3284 3619 consti·

631 3658 846 3748 terit,
904 3659 1299 3733 adiutorem
1354 3677 1714 3733 assumere
1769 3661 2235 3752 compellatur
2286 3661 2484 3731 iuxta
2539 3660 2832 3731 allatum
2897 3652 3279 3730 Tridentini

629 3768 1022 3842 decretum.

777 3882 948 3953 277.
1006 3879 1186 3953 Rem
1241 3884 1481 3972 docte,
1541 3890 2015 3972 accurateque
2068 3879 2393 3956 Pontifex
2448 3883 2790 3974 explanat
2841 3883 3065 3954 cit-ato
3116 3882 3271 3964 loco,

630 4009 843 4083 quem
900 3994 1148 4066 audire
1201 4014 1347 4067 non
1402 3997 1674 4086 pigeat:
1739 4018 1775 4060 ‹
1807 3992 1913 4068 Re
1966 3995 2037 4067 in
2092 3993 2649 4087 Congregatione
2699 3992 2814 4066 15.
2862 3995 3031 4065 Dec.
3078 3989 3271 4065 1725.

630 4128 669 4174 ›
712 4104 1062 4195 discussa,
1119 4124 1540 4197 responsum
1576 4105 1736 4193 fuit,
1778 4106 2215 4179 observanda
2251 4127 2392 4179 esse
2426 4106 2728 4197 antiqua
2762 4104 3079 4185 decreta,
3114 4113 3282 4191 qnae

632 4241 670 4284 »
713 4218 1004 4305 quidem
1058 4218 1149 4289 ad
1202 4220 1576 4307 sequentia
1629 4219 2105 4289 reducuntur:
2164 4219 2501 4290 *nimirum
2557 4215 2896 4308 prudenti
2949 4212 3279 4307 Episcopo

631 4352 669 4398 ›
711 4331 784 4400 in
841 4349 914 4403 re
966 4339 1110 4404 tam
1153 4332 1344 4422 gravi
1401 4348 1544 4401 non
1580 4348 1734 4402 esse
1774 4330 2295 4402 inconsiderate
2330 4327 2905 4420 procedendum:
2966 4346 3104 4400 non
3135 4337 3278 4396 esse

632 4466 669 4507 ⁷>
712 4440 1161 4531 praebendas
1190 4443 1402 4513 nimis
1438 4442 1643 4513 facile
1673 4459 1884 4512 aures
1922 4439 2297 4512 fallacibus
2325 4441 2516 4532 vulgi
2555 4438 2849 4513 vocibus
2891 4434 3265 4518 clamantiS,

629 4573 667 4616 »
708 4552 1110 4642 imperitum
1140 4552 1526 4644 parochum
1563 4570 1718 4624 esse
1757 4559 1827 4623 et
1864 4552 2476 4625 administrandae
2515 4553 2881 4643 paroeciae
2917 4552 3259 4640 ineptum;

630 4682 668 4725 »
706 4661 767 4729 si
821 4680 983 4732 vero
1034 4663 1124 4734 de
1176 4662 1495 4735 eiusdem
1549 4663 1903 4754 imperitia
1956 4669 2028 4735 et
2078 4663 2480 4755 ignorantia
2519 4662 2929 4754 prohabiles
2981 4657 3248 4734 notitiae
