3497 5235
1017 295 1137 371 ⁰⁸1¹·
1167 297 1261 357 111.
1300 297 1374 357 Do
1414 297 1548 358 clero
1587 299 1859 358 membri.
1898 303 1952 379 5.
1978 302 2053 360 11.
2749 304 2867 369 443

356 425 522 498 345.
581 423 782 500 Dicta
835 425 1103 503 Bened.
1160 428 1352 502 XIV.
1408 430 1831 508 Constitutio
1884 438 2170 510 tametsi
2223 438 2314 511 ad
2367 436 2620 513 Italiae
2673 442 2871 515 insu-

223 540 578 630 larumque
615 541 1099 616 adiacentium
1137 542 1524 638 Episcopos
1561 549 1728 621 data
1783 550 1901 637 sit,
1948 550 2414 625 nihilominus
2444 554 2517 625 in
2548 554 2870 644 qualibet

225 651 532 724 catholici
587 650 779 725 orbis
831 661 1032 746 parte
1086 658 1229 728 vim
1283 677 1486 731 suam
1538 678 1865 733 exserere
1917 662 2295 736 indubium
2333 674 2469 755 est,
2509 673 2659 739 tum
2700 669 2868 758 quia

220 764 411 851 ratio,
467 783 593 836 cur
641 761 967 840 Pontifex
1021 768 1138 841 ille
1193 770 1501 863 idipsum
1557 772 1783 862 iubet,
1840 774 2174 848 omnibus
2243 795 2472 867 aeque
2541 781 2872 871 parochis

221 876 531 968 congruit
581 893 667 948 ex
720 878 1002 970 regula:
1062 881 1179 952 ubi
1229 884 1470 955 eadem
1520 886 1740 969 ratic,
1796 886 1892 958 ibi
1950 887 2192 959 eadem
2244 889 2421 961 iuris
2474 891 2870 983 dispositio,

221 994 358 1060 tum
414 988 585 1079 quia
623 990 808 1062 idem
845 986 1171 1064 Pontifex
1225 993 1322 1065 ibi
1365 995 1805 1087 Apostolicae
1843 999 2071 1087 SediS,
2115 1004 2185 1072 et
2220 1004 2635 1092 praesertim
2675 1001 2747 1076 S.
2790 1003 2863 1077 C.

225 1098 421 1174 Conc.
479 1119 696 1194 super
746 1103 884 1176 hac
934 1122 1008 1176 re
1062 1104 1454 1178 doctrinam
1509 1109 1748 1199 potius
1802 1110 2146 1200 declarat,
2207 1130 2424 1203 quam
2462 1133 2717 1185 novam
2771 1115 2873 1188 le-

225 1232 366 1306 gem
439 1214 760 1303 inducit,
837 1222 913 1288 ut
966 1217 1116 1308 ipse
1180 1224 1420 1291 monet
1477 1217 1548 1314 ἓ.
1612 1222 1735 1309 2.,
1794 1226 1941 1293 tum
1997 1223 2312 1313 denique
2382 1226 2553 1314 quia
2621 1226 2872 1299 eadem

219 1323 286 1398 S.
337 1322 413 1398 C.
471 1324 683 1400 Conc.
764 1328 838 1398 in
890 1327 1101 1401 huius
1175 1332 1450 1422 generis
1520 1334 2017 1406 controversiis
2078 1335 2505 1409 deliniendis
2573 1337 2871 1412 huiusce

216 1433 743 1510 constitutionis
779 1441 1216 1514 sanctionem
1255 1450 1595 1535 perpetuo
1635 1447 2122 1518 accommodat
2158 1448 2490 1522 omnibus
2521 1449 2689 1523 locis
2723 1451 2873 1523 sive

216 1554 393 1627 intra
447 1553 596 1625 sive
648 1560 847 1626 extra
899 1550 1184 1626 Italiam
1222 1557 1404 1647 sitis,
1463 1567 1542 1631 ut
1586 1561 1659 1630 in
1703 1561 1986 1634 oveten.
2046 1561 2168 1632 26.
2209 1558 2576 1657 Februarii
2619 1563 2864 1652 1774„

210 1670 636 1742 Namurcen.
712 1670 909 1743 Μίεε.
996 1669 1209 1744 Conv.
1285 1672 1355 1743 6.
1434 1670 1612 1764 Aug.
1696 1674 1961 1761 1842.,
2042 1692 2322 1745 necnon
2399 1676 2470 1745 in
2542 1676 2865 1748 Briocen.

214 1783 279 1854 8.
333 1780 514 1874 Aug.
582 1782 793 1854 1846.
852 1789 923 1855 et
973 1782 1421 1856 Mechlinien.
1478 1784 1620 1856 diei
1671 1786 1795 1856 23.
1854 1782 2053 1876 Sept.
2119 1785 2332 1856 1847.
2394 1792 2697 1877 utraque
2741 1807 2871 1879 per

214 1897 404 1969 Sum.
461 1913 649 1985 pree.
712 1893 1439 1968 Animadvertendum
1474 1897 1689 1969 etiam
1726 1903 1861 1984 est,
1904 1896 2095 1987 quod
2133 1898 2205 1968 in
2251 1900 2866 1990 responsionibuS‚

212 2024 390 2097 quas
442 2004 534 2076 ad
584 2002 1096 2098 Episcoporum
1130 2007 1513 2080 relationes
1550 2006 1624 2081 S.
1665 2005 1884 2099 Cong.
1926 2006 2135 2082 Conc.
2188 2010 2598 2097 conscribit,
2640 2032 2871 2102 quan-

211 2119 610 2209 documque
663 2119 916 2192 incidit
965 2121 1266 2209 occasio,
1323 2119 1658 2192 omnibus
1709 2121 2000 2193 omnino
2062 2139 2218 2193 eam
2272 2119 2861 2199 constitutionem

214 2231 611 2324 promiscue
661 2231 927 2303 servari
981 2236 1053 2304 et
1103 2232 1442 2304 custodiri
1496 2232 1819 2305 mandat.

354 2345 526 2417 346.
583 2339 1025 2437 Quapropter
1077 2364 1137 2417 s.
1195 2364 1291 2416 m.
1349 2343 1516 2417 Pius
1564 2344 1699 2418 PP.
1758 2342 1887 2417 IX.
1962 2346 2113 2443 suis.
2162 2347 2543 2439 encyclicis
2612 2345 2870 2424 Literis

206 2459 550 2551 incipien.
607 2458 1103 2531 Amantissimi
1154 2457 1294 2531 diei
1347 2458 1418 2529 3.
1462 2454 1627 2530 Maii
1687 2459 1935 2547 1858„
1976 2458 2065 2532 de
2119 2458 2383 2550 quibus
2420 2460 2872 2554 peculiariter

204 2589 369 2644 mox
404 2569 806 2662 loquemur,
847 2567 1383 2644 Benedictinam
1421 2566 1801 2644 Constitut.
1860 2569 1950 2643 ad
2001 2569 2531 2644 observantiam
2589 2591 2875 2647 revoca-

204 2686 335 2774 vit,
396 2704 480 2757 ac
532 2683 865 2757 omnibus
930 2684 1220 2757 omnino
1272 2684 1598 2758 catholici
1659 2682 1851 2756 orbis
1909 2684 2363 2757 Antistitibus
2435 2686 2871 2760 adamussim

195 2795 646 2889 sequendam
698 2797 1092 2870 constituit.

346 2909 518 2981 347.
575 2907 676 2982 De
745 2908 1183 3002 obligatione
1251 2905 1541 2982 Missam
1607 2928 1736 3002 pro
1788 2908 2051 3001 populo
2113 2907 2454 2982 offerendi
2525 2908 2779 2982 diebus
2831 2928 2871 2984 e

191 3021 543 3095 festorum
593 3021 827 3094 indice
881 3020 1309 3113 dispunctis,
1371 3021 1577 3095 modo
1627 3021 2056 3110 eloquimur.
2117 3017 2222 3092 Ex
2275 3038 2417 3110 quo
2469 3020 2869 3112 Apostolica

192 3133 448 3224 Sedes,
493 3134 909 3209 Antistitum
946 3136 1275 3210 catholici
1310 3134 1503 3208 orbis
1536 3132 2143 3225 postulationibus
2177 3133 2547 3220 obsecuta,
2589 3133 2867 3204 dierum

189 3247 544 3321 festorum
597 3266 969 3322 numerum
1041 3249 1461 3321 imminuere
1523 3248 1876 3336 instituit,
1950 3247 2127 3319 illud
2180 3246 2317 3319 sibi
2370 3246 2869 3319 tantummodo

181 3361 594 3457 proposuit,
650 3367 755 3450 ut,
816 3361 1078 3454 populo
1129 3379 1342 3452 opera
1394 3360 1677 3432 servilia
1731 3378 1876 3431 non
1912 3359 2475 3450 interrumpendi
2513 3364 2868 3451 potestate

183 3473 416 3562 facta,
474 3473 743 3545 maiora
795 3473 1284 3565 amplioraque
1335 3473 1638 3546 alendae
1709 3472 1898 3544 vitae
1950 3471 2273 3544 subsidia
2343 3471 2863 3564 suppeditaret,

179 3587 791 3677 occasionemque
861 3586 1066 3678 genio
1136 3586 1350 3659 nimis
1417 3585 1836 3676 indulgendi
1891 3590 2310 3657 removeret.
2391 3582 2529 3658 Sed
2602 3586 2676 3657 in
2734 3584 2871 3657 hac

173 3697 612 3791 elargienda
647 3697 857 3770 venia
894 3698 1146 3771 eadem
1180 3697 1585 3788 Apostolica
1614 3696 1834 3770 Sedes
1862 3697 2147 3770 disertis
2185 3695 2419 3770 verbis
2456 3702 2870 3771 constanter

170 3830 271 3886 ac
327 3816 680 3902 perpetuo
732 3811 1124 3902 praecepit,
1181 3816 1262 3883 ut
1313 3812 1388 3884 in
1441 3811 1759 3884 ecclesiis
1811 3810 1987 3882 nihil
2043 3811 2504 3883 innovaretur
2542 3810 2728 3883 circa
2765 3808 2871 3881 di-

163 3923 524 3995 vinorum
577 3920 970 3995 officiorum
1019 3924 1234 3995 ritum
1290 3930 1361 3997 et
1413 3924 1780 4013 ordinem,
1857 3929 2079 4013 utque
2148 3923 2387 3995 omnia
2440 3941 2524 3995 ea
2592 3922 2868 3996 ratione

152 4036 441 4129 peragi
496 4034 766 4127 ubique
819 4042 1243 4129 pergerent,
1303 4055 1446 4127 qua
1501 4041 1714 4108 antea
1765 4036 2008 4128 peragi
2063 4034 2626 4110 consuevissent.
2683 4030 2866 4116 Quo·

151 4148 378 4221 circa
433 4164 660 4238 prono
714 4146 893 4219 illud
945 4147 1144 4221 velut
1195 4148 1398 4221 alveo
1451 4146 1915 4239 sequebatur,
1974 4153 2052 4219 ut
2104 4145 2360 4219 Missae
2412 4164 2539 4237 pro
2601 4146 2868 4239 populo

149 4243 613 4347 celebrati0‚
672 4276 857 4349 quae
910 4260 1002 4331 ad
1057 4260 1539 4334 ecclesiastica
1592 4257 1824 4332 officia
1875 4259 2231 4350 pertinet,
2315 4258 2406 4330 ab
2462 4258 2863 4330 animarum

140 4372 647 4447 curatoribus
715 4374 1186 4465 praetermitti
1257 4373 1674 4446 nullatenus
1741 4378 1984 4463 posset
2035 4372 2121 4443 iis
2174 4370 2510 4443 omnibus
2562 4370 2861 4461 diebus,

142 4485 318 4577 qui
395 4486 586 4558 inter
653 4483 872 4557 festos
925 4503 1008 4558 ex
1062 4483 1360 4558 Constit.
1419 4482 1691 4558 Urbani
1764 4479 1962 4554 VIII.
2037 4481 2380 4556 Universa
2437 4502 2567 4576 per
2639 4483 2868 4557 orbem

125 4595 373 4673 idib.
435 4595 634 4691 Sept.
698 4597 910 4670 1642.
969 4595 1480 4689 circumscripti
1532 4594 1845 4668 fuerant.
1904 4590 2384 4667 Nihilominus
2418 4592 2687 4668 factum
2724 4601 2859 4685 est,

114 4714 261 4788 ut
316 4709 654 4804 pluribus
705 4709 782 4784 in
835 4709 1009 4784 locis
1061 4708 1506 4785 consuetudo
1556 4707 2055 4800 invalesceret,
2112 4725 2258 4801 qua
2311 4707 2524 4782 iidem
2575 4725 2731 4783 sese
2771 4706 2861 4780 ab
