3497 5235
569 287 693 353 382
1331 287 1701 347 humationi·
1739 286 1794 343 Β.
1823 285 2007 360 Gom.
2034 284 2182 345 Oeno.
2221 284 2494 361 monitio.

571 420 759 488 cbiali
810 438 939 487 non
988 419 1368 496 resederint,
1403 418 1482 486 ad
1516 418 1841 485 fructuum
1889 417 2364 485 restitutionem
2401 436 2530 484 non
2576 426 2914 495 tenentur3
2948 416 3063 483 sed
3095 435 3235 503 pos·

575 534 724 591 sunt
772 522 1054 590 coerceri
1103 522 1256 589 iuris
1304 520 1604 587 remediis
1639 532 1702 586 et
1737 520 2023 586 mulctari
2074 520 2434 606 privatione
2480 518 2827 585 fructuum.
2863 555 2909 567 -
2939 522 3095 585 221.
3135 523 3237 585 Pa-

578 625 753 692 rochi
803 624 1174 691 amovibiles
1221 623 1508 690 residere
1556 633 1857 689 tenentur
1889 640 2093 708 aeque
2125 641 2193 688 ac
2226 620 2549 709 perpetui.
2588 658 2631 671 -
2663 624 2815 687 222.
2856 624 2939 687 Ut
2966 622 3241 709 parocho

577 728 717 795 sine
765 728 1016 794 licentia
1065 726 1360 814 Episcopi
1424 725 1642 791 abesse
1704 725 1926 803 liceat,
1994 743 2124 790 non
2168 724 2583 812 suffragatur,
2633 724 2682 789 si
2741 722 2965 790 babeat
3019 726 3240 791 iustam

579 847 864 905 causam,
916 829 1069 893 licet
1117 847 1373 914 gravem
1406 847 1541 893 esse
1577 826 1781 906 iuret;
1821 846 2092 913 eamque
2123 825 2505 893 manifestari
2541 826 2891 913 expediens
2934 846 3065 894 non
3098 846 3242 894 cen-

580 942 744 998 seat:
796 949 915 996 nec
958 933 1009 997 si
1059 950 1127 996 ea
1178 929 1561 998 rationabilis
1622 930 1763 995 viro
1810 930 1979 996 bono
2027 941 2092 995 et
2137 948 2341 1016 aequo
2391 929 2720 1009 videatur,
2772 930 3029 1017 quando
3077 942 3240 997 cete·

580 1036 815 1121 roquin
868 1035 1052 1100 talem
1086 1052 1215 1100 non
1249 1051 1384 1099 esse
1418 1034 1732 1099 Praelatus
1768 1032 2008 1100 iudicet
2040 1042 2144 1098 aut
2180 1030 2388 1098 fictam
2420 1033 2801 1119 suspicetur.
2840 1071 2883 1084 -
2916 1036 3070 1099 223.
3106 1037 3242 1100 Non

582 1147 676 1203 est
722 1137 884 1202 liber
914 1157 944 1202 a
976 1137 1156 1222 culpa
1193 1147 1258 1203 et
1290 1136 1623 1202 amissione
1658 1135 1979 1201 fructuum
2012 1136 2346 1221 parochus,
2398 1137 2507 1223 qui
2544 1154 2663 1222 per
2694 1147 2966 1223 quatuor
2999 1155 3242 1204 menses

577 1239 780 1307 abluit
824 1239 961 1305 sine
1007 1237 1259 1304 licentia
1309 1238 1389 1303 ob
1424 1236 1795 1305 evidentem
1827 1239 2032 1305 morbi
2068 1239 2467 1325 gravitatem,
2504 1238 2856 1305 dummodo
2888 1240 3243 1326 periculum

581 1361 711 1409 non
771 1340 891 1407 fuit
938 1341 1002 1407 in
1051 1360 1247 1407 mora.
1303 1378 1347 1389 -
1393 1344 1544 1407 224.
1601 1345 1880 1408 Potestas
1944 1339 2371 1429 cognoscendi
2419 1350 2483 1407 et
2545 1341 2937 1429 approbandi
3003 1363 3246 1411 causam

578 1443 899 1510 absentiae
947 1444 1256 1529 competit
1302 1443 1492 1509 etiam
1539 1443 1873 1510 ordinario
1926 1444 2212 1512 Nullius.
2250 1483 2294 1495 -
2327 1446 2476 1510 225.
2517 1446 2568 1509 Α
2601 1444 2945 1512 residentia
2979 1464 3112 1512 non
3143 1465 3247 1513 ex-

584 1557 759 1613 cusat
804 1546 1172 1624 infirmitas,
1224 1546 1344 1612 nisi
1376 1566 1522 1613 cum
1558 1545 1642 1612 ibi
1676 1546 1881 1613 curari
1918 1549 2178 1614 omnino
2211 1558 2516 1635 nequeat.
2549 1585 2593 1597 -
2625 1551 2780 1613 226.
2818 1551 3043 1633 Neque
3090 1560 3246 1614 aetas

577 1647 818 1715 senilis.
870 1685 914 1696 -
962 1652 1116 1715 227.
1168 1652 1297 1714 Nec
1348 1668 1579 1736 parvus
1626 1668 1932 1715 numerus
1980 1650 2533 1737 parochianorum.
2583 1688 2627 1699 -
2671 1654 2830 1717 228.
2892 1653 3022 1716 Nec
3073 1669 3244 1716 cansa

582 1750 969 1818 studiorum.
1003 1789 1046 1800 -
1079 1755 1228 1818 229.
1270 1754 1494 1838 Neque
1541 1751 1700 1818 aeris
1748 1752 2191 1839 intemperies,
2243 1754 2487 1819 etiamsi
2520 1772 2735 1830 neme,
2774 1764 3046 1841 excepto
3094 1751 3247 1819 indi-

585 1875 771 1944 gena,
821 1857 959 1923 sine
1005 1856 1294 1942 periculo
1344 1855 1628 1922 residere
1676 1868 1889 1942 queat.
1929 1892 1974 1906 -
2006 1858 2158 1923 230.
2198 1859 2281 1922 At
2313 1859 2376 1924 S.
2417 1860 2490 1923 C.
2529 1860 2722 1923 Conc.
2761 1853 3104 1941 aliquando
3137 1854 3246 1920 hoc

585 1961 652 2028 in
699 1980 841 2027 casu
890 1959 1211 2026 indultum
1263 1969 1754 2043 temporaneum
1802 1960 2131 2026 concessit.
2184 1995 2228 2007 -
2276 1962 2429 2026 231.
2487 1958 2844 2047 Aliquando
2891 1957 3168 2046 negavit.
3207 1995 3246 2006 -

586 2066 738 2129 232.
793 2065 1018 2149 Neque
1063 2062 1256 2149 pestis
1300 2060 1650 2147 parocbum
1701 2082 1733 2127 a
1782 2061 2126 2129 residentia
2188 2062 2492 2128 materiali
2543 2082 2611 2128 ac
2660 2061 2908 2127 formali
2958 2073 3243 2138 excusat,

586 2166 777 2231 etiam
810 2184 954 2230 cum
985 2164 1151 2231 vitae
1185 2165 1560 2251 periculo.-
1592 2167 1744 2231 233.
1785 2166 1911 2233 Sed
1946 2177 2210 2251 possunt
2237 2183 2537 2232 excusare
2572 2164 2969 2243 inimicitiae,
2999 2162 3242 2249 quando

584 2276 736 2332 sunt
781 2265 1076 2351 capitales
1123 2266 1293 2331 iuxta
1339 2266 1692 2333 doctrinam
1726 2287 1758 2331 a
1793 2269 2086 2354 Fagnano
2137 2266 2468 2346 traditam3
2523 2266 2736 2353 itaque
2784 2271 2853 2335 S.
2890 2269 2962 2333 C.
3018 2263 3245 2331 indulta

587 2366 668 2433 ad
716 2386 828 2432 sex
876 2387 1126 2433 menses
1175 2368 1491 2445 concedit,
1529 2388 1690 2454 quae
1725 2368 1878 2434 olim
1911 2370 2109 2436 semel
2144 2380 2388 2435 tantum
2421 2368 2831 2457 prorogabat.
2866 2405 2910 2417 -
2944 2371 3100 2434 234.
3137 2370 3246 2432 Ho-

591 2469 698 2537 die
745 2489 902 2535 vero
947 2469 1310 2537 huiusmodi
1361 2471 1536 2557 rigor
1584 2472 1902 2538 emollitus
1952 2482 2066 2537 est.
2105 2509 2148 2520 -
2182 2474 2335 2538 235.
2375 2474 2607 2538 Contra
2641 2470 2989 2557 parochum
3035 2468 3241 2534 absen-

595 2582 728 2640 tem
788 2572 1051 2661 procedi
1118 2583 1327 2660 potest
1385 2574 1558 2641 iuxta
1613 2575 1770 2661 Cap.
1821 2578 1917 2641 Ex
1961 2584 2146 2662 parte
2193 2574 2268 2640 de
2313 2574 2461 2641 cler.
2515 2592 2643 2639 non
2701 2591 2869 2649 res..
2920 2589 3154 2658 nempe
3195 2569 3241 2636 si

591 2687 879 2754 constat,
934 2677 1039 2743 ubi
1088 2677 1208 2755 sit,
1260 2677 1680 2763 personaliter
1727 2677 2017 2744 citandus
2064 2688 2181 2755 est,
2235 2687 2305 2744 ut
2352 2677 2512 2744 intra
2561 2688 2807 2744 certum
2857 2687 3114 2764 tempus
3156 2694 3240 2741 re·

591 2780 776 2859 deat,
828 2800 957 2868 quo
1007 2783 1255 2868 elapso,
1309 2781 1717 2868 exspectandi
1765 2791 1913 2847 sunt
1943 2799 2052 2847 sex
2086 2799 2371 2859 menses,
2423 2778 2654 2866 quibus
2699 2781 2942 2864 pariter
2986 2780 3237 2866 elapsis,

588 2883 915 2970 privatur:
967 2883 1018 2948 si
1067 2902 1222 2950 vero
1270 2887 1574 2960 nescitur,
1629 2882 1736 2949 ubi
1785 2883 1889 2961 sit,
1944 2884 2171 2949 citatur
2202 2902 2322 2970 per
2355 2884 2472 2949 tria
2507 2883 2708 2950 edicta
2734 2882 2913 2949 affixa
2944 2883 3022 2950 ad
3056 2884 3240 2948 valvas

590 2986 926 3063 ecclesiae,
963 2996 1106 3071 post
1140 2985 1436 3051 ultimum
1485 2985 1768 3052 edictum
1811 2996 2256 3072 exspectantur
2286 3006 2399 3052 sex
2430 3004 2704 3064 menses,
2757 2987 2992 3073 quibus
3038 2983 3240 3073 elapsis

592 3088 671 3155 ad
719 3089 1146 3176 privationem
1196 3087 1564 3155 devenitur.
1601 3126 1645 3138 -
1691 3092 1850 3155 236.
1902 3093 1997 3155 Ex
2047 3091 2241 3155 Conc.
2281 3089 2460 3156 Trid.
2515 3090 2672 3155 Sess.
2712 3089 2835 3155 23.
2885 3111 3026 3175 cap.
3068 3091 3128 3154 1.
3174 3088 3240 3153 de

595 3192 870 3276 Reform.
924 3191 1039 3257 alia
1088 3191 1278 3256 etiam
1329 3190 1524 3257 forma
1574 3189 1833 3256 inducta
1869 3203 1987 3268 est,
2024 3209 2259 3277 nempe
2292 3201 2364 3257 ut
2394 3191 2606 3276 primo
2636 3192 2956 3278 parochus
3001 3195 3239 3267 citetur,

591 3293 834 3361 deinde
882 3295 960 3360 ad
1009 3312 1301 3360 censuras
1334 3293 1723 3379 procedatur
1759 3304 1822 3359 et
1854 3291 2176 3360 fructuum
2221 3294 2720 3361 subtractionem
2755 3306 2819 3362 et
2852 3296 2933 3363 ad
2965 3299 3077 3363 alia
3110 3295 3245 3362 iuris

593 3397 906 3472 remedia,
958 3408 1174 3482 postea
1221 3416 1330 3462 sex
1379 3415 1629 3463 menses
1676 3396 1937 3463 omnino
1987 3408 2463 3484 exspectentur,
2518 3396 2750 3483 quibus
2801 3399 3025 3486 elapsis
3057 3399 3248 3485 priva-

597 3500 755 3568 tioni
791 3499 860 3565 fit
893 3501 1089 3566 locus.
1120 3537 1164 3548 -
1191 3504 1344 3566 237.
1383 3503 1450 3566 In
1481 3499 1595 3565 hac
1628 3499 1984 3566 Tridentini
2021 3503 2215 3566 Conc.
2259 3498 2455 3564 forma
2485 3502 2905 3584 sequestratio
2943 3500 3244 3567 fructuum

602 3622 670 3668 ac
720 3620 1022 3669 censurae
1067 3612 1230 3668 stant
1261 3604 1399 3668 loco
1438 3603 1628 3669 trium
1677 3601 2061 3668 edictorum.
2117 3605 2314 3667 Unam
2348 3602 2454 3667 vel
2488 3603 2747 3668 alteram
2781 3601 3052 3669 formam
3079 3600 3243 3687 sequi

594 3706 874 3774 iiberum
911 3713 1028 3782 est,
1062 3705 1175 3771 sed
1209 3703 1582 3771 adamussim
1611 3703 1949 3782 servanda,
1989 3704 2171 3769 aliter
2202 3704 2466 3770 nulliter
2496 3715 2817 3791 ageretur.
2850 3741 2893 3753 —
2919 3708 3069 3771 238.
3097 3708 3241 3769 Haec

595 3806 1148 3874 confirmationem
1196 3807 1429 3874 babent
1477 3828 1555 3875 ex
1603 3806 2137 3875 declarationibus
2183 3808 2247 3872 S.
2288 3809 2358 3873 C.
2415 3809 2612 3872 Cone.
2660 3844 2704 3855 -
2749 3810 2900 3873 239.
2959 3809 3115 3874 Ante
3157 3822 3242 3870 se·

595 3909 1099 3997 questrationem
1148 3909 1472 3976 fructuum
1519 3911 1782 3977 omnino
1831 3910 2182 3997 requiritur
2228 3907 2439 3975 citatio
2486 3929 2605 3996 per
2637 3909 2945 3976 edictum.
2998 3913 3239 3974 Fructus

599 4012 956 4100 applicandi
1006 4023 1154 4078 sunt
1201 4013 1587 4101 pauperibus
1635 4024 1742 4080 aut
1793 4012 2062 4079 fabricae
2110 4011 2438 4078 ecclesiae.
2490 4049 2534 4061 -
2580 4014 2732 4078 240.
2788 4012 3072 4079 Affertur
3112 4003 3240 4075 facti

587 4116 840 4202 species
888 4134 958 4180 ac
1005 4116 1311 4182 resolutio
1360 4135 1578 4182 causae
1628 4116 2021 4200 Spoletanae.

739 4331 910 4404 211.
970 4327 1366 4405 Tridentini
1416 4331 1662 4406 Patres
1714 4338 2097 4424 postquam
2139 4332 2320 4404 Sess.
2364 4331 2432 4406 6.
2475 4351 2632 4424 cop.
2671 4330 2747 4402 2.
2793 4337 2865 4402 et
2909 4331 3084 4403 Sess.
3121 4322 3234 4398 23.

593 4464 752 4536 cap.
797 4444 866 4517 4.
908 4445 992 4518 de
1030 4446 1339 4539 Reform.
1391 4446 1615 4517 multa
1650 4445 1945 4540 provide
1981 4446 2505 4517 constituerunt
2553 4460 2681 4534 pro
2716 4440 3134 4514 inculcanda
3167 4450 3242 4506 ac

600 4555 1152 4644 praescribenda
1187 4554 1693 4649 Episcoporum
1732 4557 2145 4646 residentia,
2185 4556 2391 4644 haec,
2434 4572 2619 4650 quae
2664 4561 3087 4645 sequuntur,
3124 4544 3241 4619 ad-

601 4662 925 4736 iecerunt
973 4667 1049 4738 in
1099 4669 1293 4741 exitu
1327 4669 1645 4743 eiusdem
1684 4671 1865 4745 Sess.
1903 4668 2026 4745 23.
2070 4688 2227 4761 cap.
2273 4667 2381 4751 1„
2415 4674 2496 4741 ut
2527 4669 2901 4763 parochos,
2943 4666 3241 4752 aliosque
