3497 5235
525 278 539 297 ·
631 266 751 328 2¹18
1379 264 1748 324 luth-notionis
1789 264 1842 323 8.
1872 264 2055 339 Oongr.
2084 263 2230 323 Ocno.
2270 263 2543 339 expositio.

780 423 819 465 ι
855 397 930 494 ἓ.
965 395 1125 470 vlt.
1166 395 1530 482 Quaenam
1567 405 1764 488 taxa,
1799 403 1870 471 et
1905 418 2000 469 an
2038 394 2558 470 Innocentiana
2597 394 2669 468 in
2704 413 2835 467 sua
2867 395 3233 470 cancellaria

635 535 675 578 ι»
714 511 1160 584 observetur.
1197 535 1237 577 »

763 675 1188 738 sennarum.
1224 673 1377 735 217.
1417 666 1824 734 innocentius
1855 670 1960 733 Χῖ.
2000 667 2338 753 specialem
2377 666 2944 755 congregationem
2978 666 3233 745 instituit,

628 791 792 858 quae
829 785 1028 838 taxam
1064 775 1127 838 in
1159 772 1544 838 cancellariis
1578 771 2040 857 episcopalibus
2072 767 2494 836 adhibendam
2533 768 2895 833 conticeret.
2918 803 2956 816 -
2979 773 3115 835 218.
3141 773 3237 833 Du·

627 872 898 940 bitatum
946 874 1286 960 aliquando
1335 886 1454 950 est,
1506 893 1581 938 an
1633 873 1852 939 eadem
1905 885 2076 938 extra
2128 873 2361 939 ltaliam
2414 872 2760 958 obligare-13
2813 891 2946 936 nam
2993 876 3050 939 S.
3087 870 3240 936 Csin

642 979 1065 1042 Tarraconen.
1120 977 1389 1043 delinire
1438 978 1667 1045 noluit.
1700 1014 1744 1025 -
1785 978 1936 1043 219.
1993 979 2186 1043 Causa
2247 978 2574 1042 vasionen.
2626 976 2876 1061 aliaque
2920 976 3045 1040 sine
3089 973 3239 1039 titulo

628 1076 937 1144 dioecesis
980 1081 1361 1145 sententiam
1411 1080 1811 1146 dubitantem
1869 1078 2166 1144 roborare
2216 1078 2539 1144 videntur.
2569 1116 2613 1127 -
2660 1082 2813 1145 220.
2851 1078 3243 1162 Dispositiones

625 1178 693 1245 in
744 1192 878 1245 taxa
924 1182 1199 1247 sancitae
1232 1182 1527 1247 nituntur
1561 1180 2043 1266 particularibus
2077 1181 2607 1247 declarationibus
2652 1185 2717 1249 S.
2758 1185 2829 1247 C.
2871 1184 3080 1256 Coae„
3112 1198 3242 1264 quae

625 1301 747 1368 pro
798 1294 929 1347 toto
979 1282 1134 1348 orbe
1184 1284 1497 1350 catholico
1547 1286 1676 1349 vim
1728 1284 1990 1349 habent.
2022 1321 2066 1333 -
2098 1285 2249 1350 221.
2290 1287 2356 1350 1η
2410 1286 2734 1371 provincia
2773 1287 3038 1350 Romana
3082 1284 3246 1346 Bene·

626 1386 833 1452 dictus
879 1390 1038 1454 Xlll.
1091 1388 1576 1455 innocentianae
1627 1401 1804 1454 taxae
1854 1389 2312 1455 observantiam
2358 1390 2654 1454 inculcat.
2691 1389 2852 1466 Quid
2889 1390 3246 1472 insupersta·

627 1500 764 1556 tuat
811 1491 978 1557 idem
1027 1491 1319 1556 Pontifex
1369 1511 1486 1578 pro
1535 1493 1765 1558 ceteris
1813 1493 2167 1578 EpiscopiS.
2203 1528 2247 1539 -
2296 1495 2446 1557 222.
2504 1490 2945 1556 Innocentiana
3009 1499 3249 1553 versatur

624 1592 691 1658 in
742 1594 926 1659 rebus
973 1613 1150 1660 mere
1195 1594 1669 1681 spiritualibus,
1723 1612 1852 1660 non
1904 1594 1966 1660 in
2015 1595 2446 1660 contentiosis.
2497 1630 2541 1641 -
2588 1597 2744 1659 223.
2795 1595 2962 1670 Oine
3009 1602 3132 1655 taxa
3170 1607 3246 1653 se-

624 1696 878 1782 quenda
925 1697 1005 1762 sit
1054 1698 1117 1762 in
1166 1696 1577 1763 contentiosis
1624 1717 1656 1761 a
1704 1699 1896 1762 curiis
1960 1696 2318 1761 Pontificiae
2368 1695 2653 1761 ditionis.
2702 1730 2746 1741 -
2795 1699 2951 1759 222.
2995 1691 3244 1765 invaluit,

624 1809 698 1864 ut
746 1798 1074 1864 Antistites
1119 1798 1196 1864 ad
1246 1799 1547 1864 maiorem
1601 1802 2121 1884 tranquillitatem
2170 1812 2401 1886 sponte
2450 1804 2513 1867 S.
2557 1798 3043 1885 congregationi
3086 1806 3251 1859 taxam

625 1900 1117 1985 expendendam
1167 1912 1231 1966 et
1278 1901 1817 1987 comprobandam
1866 1901 2205 1980 delerant3
2259 1915 2322 1968 et
2370 1907 2433 1970 S.
2478 1905 2552 1967 C.
2585 1904 2750 1967 solet
2800 1902 2990 1967 etiam
3045 1897 3115 1964 ad
3156 1898 3251 1963 hoc

629 2023 737 2070 eos
783 2004 1127 2071 adhortari.

779 2173 949 2243 217.
1007 2167 1528 2246 Innocentiana
1580 2181 1797 2262 taxa,
1855 2174 1945 2247 de
1999 2192 2141 2264 qua
2197 2174 2268 2243 in
2322 2172 2458 2244 hoe
2509 2172 2808 2245 articulo
2862 2186 3087 2244 sermo
3130 2171 3254 2252 est,

629 2301 888 2354 nomen
943 2290 1312 2356 mutuatur
1362 2304 1400 2355 a
1453 2304 1517 2356 s.
1560 2305 1653 2355 m.
1715 2282 2136 2358 Innocentio
2173 2281 2299 2355 xl.
2360 2281 2492 2355 Hie
2543 2285 2731 2356 enim
2774 2280 3093 2355 Pontilex
3141 2293 3256 2348 non

631 2395 868 2465 minus
919 2396 1300 2467 sanctitate
1355 2398 1583 2485 ritae,
1651 2416 1867 2488 quam
1923 2398 2245 2489 impensa
2297 2396 2825 2468 ecclesiasticae
2879 2391 3257 2482 disciplinae

629 2505 1109 2577 sollicitudine
1176 2508 1659 2597 perillustris,
1732 2527 1893 2580 cum
1957 2507 2289 2600 precibus
2355 2508 2826 2596 complurium
2885 2504 3257 2576 Antistitum

626 2619 975 2691 excitatus
1028 2619 1304 2709 fuisset,
1360 2630 1442 2694 ut
1493 2640 1812 2693 normam
1854 2622 1927 2693 in
1964 2621 2407 2693 cancellariis
2458 2619 2961 2692 ecclesiasticis
2992 2630 3262 2703 sequen·

625 2729 789 2802 dam
844 2731 1361 2821 constabiliret,
1419 2733 1797 2825 specialem
1848 2719 2476 2824 congregationem
2533 2749 2618 2803 ex
2665 2730 2956 2802 duabus
2996 2726 3262 2816 Congre-

627 2841 1035 2932 gationibus
1084 2841 1374 2916 Concilii
1442 2853 1514 2917 et
1573 2842 2084 2936 Episcoporum
2162 2852 2235 2917 et
2311 2841 2775 2935 Regularium
2847 2844 3262 2928 desumptam

624 2953 1024 3043 deputarit,
1081 2973 1294 3045 quae,
1352 2955 1663 3029 collectis
1715 2959 2202 3046 undequaque
2254 2955 2865 3028 declarationibus
2919 2954 3012 3026 ab
3046 2950 3264 3023 iisdem

622 3062 1305 3158 Congregationibus
1374 3085 1590 3159 super
1649 3070 1981 3159 negotio,
2057 3071 2144 3140 de
2216 3086 2357 3157 quo
2429 3067 2830 3159 agebatur,
2907 3061 3262 3138 identidem

624 3178 899 3248 emissis
952 3185 1025 3249 et
1077 3178 1145 3248 in
1185 3180 1504 3251 ordinem
1543 3181 1867 3271 digestiS‚
1910 3189 2147 3254 taxam
2187 3180 2568 3251 conficeret
2607 3179 2926 3249 numeris
2971 3170 3267 3248 omnibus

624 3287 1053 3360 absolutam.
1126 3287 1337 3362 Ilisce
1407 3293 1768 3364 mandatis
1830 3292 2170 3364 obsecuta
2241 3293 2490 3364 eadem
2546 3289 2619 3361 S.
2678 3287 2752 3361 C.
2814 3290 3008 3360 bane
3057 3293 3267 3358 taxam

627 3417 902 3490 reapse,
963 3402 1271 3472 maxima
1327 3403 1648 3475 adbibita
1706 3405 2117 3476 maturitate
2170 3422 2252 3475 ae
2299 3403 2699 3493 diligentia,
2741 3402 3070 3493 perfecit,
3107 3411 3271 3469 eam·

625 3510 934 3600 demque
970 3520 1340 3605 propterea
1380 3517 1630 3588 merito
1682 3512 2278 3588 Innocentianam
2317 3517 2731 3608 appellavit.
2789 3513 2895 3586 Ea
2943 3510 3270 3603 siquidem

622 3619 758 3693 sub
812 3623 1034 3693 oculis
1087 3625 1279 3695 illius
1331 3623 1694 3699 Pontificis
1763 3627 2134 3716 exhibita,
2208 3627 2300 3699 ab
2354 3630 2604 3701 eodem
2675 3630 2868 3700 omni
2944 3645 3032 3699 ex
3095 3626 3268 3713 parte

624 3732 1021 3823 approbata
1088 3740 1159 3806 et
1226 3744 1382 3808 rata
1436 3737 1683 3809 habita
1735 3746 1843 3810 est
1895 3740 2010 3810 die
2069 3739 2134 3808 1.
2178 3735 2333 3811 Oct.
2382 3741 2629 3824 1678„
2688 3739 3047 3811 referente
3089 3731 3266 3806 Ioan.

623 3841 715 3914 de
767 3841 986 3932 Luca,
1043 3847 1365 3918 auditore
1425 3849 1619 3920 SSmi
1674 3857 1746 3922 et
1798 3847 2189 3922 Secretario
2246 3848 2783 3936 Memorialium,
2846 3857 3097 3941 postea
3147 3859 3273 3914 am·

620 3954 944 4045 plissimo
996 3954 1070 4029 S.
1105 3956 1195 4029 R.
1238 3958 1322 4032 E.
1362 3957 1747 4050 Cardinali‚
1789 3964 2184 4053 eodemque
2219 3982 2497 4035 summo
2540 3965 2918 4053 utriusque
2957 3962 3275 4048 iurispru·

622 4064 911 4140 dentiae
964 4070 1259 4143 lumine.
1339 4069 1464 4144 Die
1517 4092 1678 4144 vero
1734 4075 2139 4164 insequenti
2196 4080 2265 4146 8.
2326 4075 2519 4147 iltius
2588 4076 2853 4147 mensis
2905 4082 2983 4146 et
3035 4068 3274 4144 annia

619 4175 692 4249 S.
752 4176 826 4250 C.
885 4179 1172 4253 Concilii
1227 4181 1619 4256 Secretario
1671 4203 1758 4256 ex
1814 4183 2182 4258 Pontificio
2237 4187 2576 4258 mandato
2644 4187 2737 4259 ad
2804 4192 3276 4276 quoscumque
3396 4221 3397 4224 κ

618 4290 932 4363 locorum
970 4290 1384 4367 ordinarios
1420 4297 1668 4368 eadem
1712 4304 1877 4369 taxa
1917 4299 2331 4370 transmissa
2370 4305 2502 4370 est.
2541 4297 2667 4368 l‘ro
2708 4289 2956 4370 maior'i
2998 4306 3281 4369 commo·

617 4399 842 4472 ditate
880 4404 1226 4495 integram
1270 4413 1486 4478 totam
1524 4406 2026 4480 exhibebimus
2066 4409 2135 4480 in
2176 4410 2537 4480 volumine
2574 4405 2712 4479 111.
2754 4408 2891 4481 sub
2936 4425 3137 4480 num.
3169 4400 3275 4474 20.

766 4514 936 4585 218.
977 4513 1324 4598 Quoniam
1381 4538 1542 4592 vero
1612 4521 1853 4594 italico
1909 4522 2243 4593 idiomate
2315 4522 2762 4613 promulgata
2818 4520 2959 4593 fuit
3025 4522 3100 4592 in
3154 4532 3282 4587 mo-

619 4622 794 4696 dum
845 4627 1087 4716 edicti,
1141 4629 1432 4702 minime
1497 4650 1661 4704 vero
1713 4633 1917 4705 iuxta
1967 4633 2233 4724 stylum
2283 4631 2889 4707 constitutionum
2949 4624 3283 4724 Apostoli-
