3497 5235
550 234 664 297 102
1293 234 1662 295 Instructioniu
1701 234 1756 293 Β.
1786 234 1970 309 Gongr.
1996 234 2143 294 Οοιιο.
2184 235 2452 310 expositio.

697 373 768 443 2.
826 368 1111 443 Certum
1165 388 1452 461 quoque
1505 377 1650 459 est,
1726 388 1890 442 cum
1950 370 2255 443 maximo
2305 370 2576 442 honore
2625 378 2843 461 atque
2896 370 3207 443 utilitate

551 483 884 574 coniungi
939 500 1095 553 eam
1149 480 1538 555 catholicae
1589 478 1952 555 Ecclesiae
2021 483 2656 568 consuetudinem,
2712 501 2838 555 seu
2892 482 3213 574 discipli-

551 614 764 683 nam,
821 614 964 685 qua
1034 589 1156 666 SS.
1214 595 1750 666 Sacramentum
1816 594 2054 686 palam
2124 595 2384 686 populo
2437 593 2841 666 exhibetur.
2897 591 3030 676 Qui
3094 613 3211 665 res

556 705 1076 778 ecclesiasticas
1129 703 1404 776 erudite
1454 711 2013 796 persequuntur,
2071 705 2411 800 eamdem,
2445 704 3039 779 consuetudinem
3101 706 3217 776 iu-

555 820 842 893 ductam
895 824 1276 907 testantur,
1315 819 1556 891 statim
1610 838 1694 891 ac
1744 817 2282 893 Sanctissimum
2318 817 2570 893 Christi
2607 816 2876 909 Corpus
2910 818 3214 891 solemni
3260 862 3264 865 <

556 949 815 1024 pompa
867 948 993 1023 per
1050 929 1300 1002 urbem
1354 930 1788 1004 circumferri
1840 932 2097 1022 coepit.
2154 926 2342 1024 (Van
2396 929 2634 1024 Espen
2670 932 2856 1003 Iuris
2890 931 3220 1004 ecclesia-

557 1043 717 1117 stici
756 1048 959 1135 part.
989 1042 1063 1113 2.
1106 1042 1217 1114 tit.
1259 1041 1331 1112 4.
1381 1042 1464 1114 de
1504 1043 1706 1116 Sacr.
1752 1043 2155 1116 Eucharist.
2196 1063 2353 1135 cap.
2395 1044 2467 1115 5.
2511 1063 2783 1116 numer.
2828 1042 2984 1126 13„
3036 1040 3224 1115 Mer-

556 1155 801 1228 besius
848 1154 1172 1226 Summae
1206 1153 1640 1227 christianae
1674 1153 1747 1228 3.
1792 1161 1991 1245 part.
2032 1163 2198 1230 sect.
2233 1155 2389 1239 10„
2441 1152 2725 1228 Iuenin.
2767 1155 2849 1231 de
2886 1156 3216 1229 Sacram.

561 1269 733 1340 diss.
767 1267 838 1339 4.
879 1271 1148 1360 quaest.
1186 1266 1259 1337 4.
1300 1263 1374 1361 ἓ.
1406 1267 1481 1338 5.
1514 1268 1824 1340 conclus.
1854 1265 2002 1363 2.).

705 1380 778 1450 3.
833 1376 1275 1451 Christianus
1311 1374 1559 1470 Lupus
1594 1374 1824 1474 (part.
1857 1380 1917 1451 Ι.
1960 1387 2126 1454 tom.
2161 1380 2257 1453 II.
2298 1389 2433 1456 vet.
2474 1382 2642 1454 edit.
2674 1399 2958 1473 operum
2991 1400 3229 1463 suar„

565 1494 641 1565 in
678 1492 954 1565 dissert.
996 1491 1081 1563 de
1119 1491 1278 1562 Sac.
1316 1491 1630 1562 Process.
1673 1511 1831 1584 cap.
1866 1488 1984 1589 9.)
2036 1490 2573 1566 Sacramentum
2612 1491 3115 1566 Eucharistiae
3150 1493 3226 1563 in

567 1603 851 1696 templis
902 1602 1162 1695 exponi
1196 1602 1395 1694 prius
1431 1604 1911 1694 consuevisse,
1952 1623 2169 1696 quam
2205 1606 2282 1677 in
2318 1605 2891 1697 processionibus
2934 1605 3229 1697 publice

567 1715 824 1792 deferri
877 1713 1211 1806 coeperit,
1266 1713 1652 1803 plurimum
1705 1718 2099 1790 contendit.
2157 1713 2242 1789 Id
2296 1718 2563 1808 quippe
2616 1718 2709 1790 ad
2770 1714 3039 1790 Urbani
3095 1713 3223 1787 IV.

567 1827 929 1903 Pontificis
978 1831 1300 1917 tempora
1352 1825 1806 1899 referendum
1859 1834 2018 1918 est;
2091 1829 2383 1901 alterius
2451 1847 2614 1901 vero
2667 1829 2926 1902 indicia
2982 1828 3233 1918 aliqua

572 1960 660 2013 ex
711 1941 854 2012 vita
926 1935 1231 2009 Sanctae
1282 1934 1525 2011 Clarae
1595 1940 1934 2032 virginiS‚
1990 1958 2177 2031 quae
2229 1958 2420 2012 anno
2477 1941 2689 2012 1253.
2764 1941 2908 2013 vita
2979 1939 3235 2013 iuncta

572 2057 708 2141 est,
765 2048 1427 2142 deprehenduntur.
1486 2046 1817 2124 Traditur
1871 2053 2063 2124 enim
2116 2049 2402 2125 Sacram
2453 2049 2974 2125 Eucharistiam
3026 2053 3238 2124 iussu

572 2164 798 2257 ipsius
850 2161 941 2233 ad
991 2169 1233 2253 portas
1278 2163 1686 2235 monasterii
1724 2163 2037 2236 delatam
2075 2163 2326 2254 fuisse,
2367 2183 2527 2238 cum
2564 2165 2699 2237 sub
2732 2162 3089 2237 Friderico
3125 2160 3232 2234 ΙΙ.

573 2276 1011 2369 Imperatore
1064 2272 1577 2347 Saracenorum
1628 2277 1847 2347 armis
1897 2275 2143 2349 Assisii
2195 2276 2448 2349 civitas
2498 2276 2980 2364 obsideretur;
3038 2274 3240 2366 quod

576 2389 651 2462 S.
690 2386 894 2460 Clara
947 2405 1120 2459 ausa
1173 2405 1318 2459 non
1370 2394 1601 2477 esset,
1668 2388 1806 2460 nisi
1869 2393 2039 2461 tunc
2089 2385 2612 2462 Eucharistiam
2678 2389 2919 2481 palam
2970 2387 3240 2479 exponi

576 2503 695 2598 pia
749 2501 1192 2575 consuetudo
1242 2502 1703 2593 permisisset.

726 2614 797 2686 4.
854 2610 1027 2686 Cum
1078 2619 1322 2686 tamen
1371 2614 1448 2687 in
1500 2615 1679 2689 actis
1731 2612 1804 2687 S.
1846 2612 2118 2707 Clarae,
2159 2634 2347 2708 quae
2382 2614 2665 2690 duobus
2698 2622 2858 2709 post
2893 2615 3049 2688 eius
3082 2613 3247 2687 obi-

579 2735 735 2802 tum
785 2727 997 2799 annis
1048 2727 1312 2819 scripta
1365 2725 1659 2800 fuerunt
1725 2728 1925 2801 iussu
1983 2728 2360 2801 Alexandri
2412 2724 2568 2817 IV.,
2626 2729 2749 2819 qui
2803 2728 2996 2800 illam
3048 2726 3245 2799 inter

507 2828 514 2833 ’
582 2842 878 2913 Sanctos
913 2840 1297 2932 cooptavit,
1338 2858 1528 2929 cum,
1569 2842 1893 2931 inquam,
1933 2840 2312 2930 habeatur,
2354 2838 2545 2931 quod
2582 2838 2653 2910 S.
2686 2838 2889 2912 Clara
2917 2839 3245 2911 divinam

580 2950 1103 3025 Eucharistiam
1153 2951 1574 3042 praeseferri
1625 2952 1847 3024 voluit
1900 2972 2116 3043 capsa
2165 2959 2500 3044 arqentea
2550 2953 2748 3025 intra
2797 2952 2960 3024 ebur
3008 2950 3250 3023 inclu-

584 3085 769 3147 sam,
820 3064 992 3137 hinc
1044 3081 1187 3136 non
1240 3046 1592 3155 sequitur,
1649 3082 1806 3135 eam
1869 3064 2321 3157 disciplinam
2374 3069 2547 3136 tunc
2597 3062 2845 3152 fuisse,
2886 3069 2966 3135 ut
2998 3062 3247 3154 palam

588 3178 886 3251 colenda
939 3176 1202 3270 populo
1246 3181 1788 3271 proponeretur,
1828 3175 1935 3248 uti
1969 3180 2161 3249 recte
2196 3171 2557 3248 Thiersius
2592 3173 2934 3267 expendit
2984 3174 3060 3246 in
3101 3192 3251 3245 suo

586 3290 768 3362 libro
824 3306 1039 3378 super
1086 3287 1224 3359 hac
1273 3288 1570 3361 materia
1622 3283 1788 3383 (lib.
1819 3288 1893 3361 2.
1936 3306 2093 3378 cap.
2124 3287 2199 3363 2.
2230 3306 2401 3381 paq.
2432 3285 2606 3360 233.
2607 3283 2678 3384 ).

737 3401 810 3472 5.
867 3397 1086 3490 Illud,
1143 3400 1335 3491 quod
1389 3401 1463 3472 in
1511 3399 1649 3472 hac
1700 3418 1774 3472 re
1829 3398 2128 3473 dubium
2184 3406 2334 3490 est,
2392 3399 2786 3472 examinari
2839 3397 3098 3486 debet,
3158 3417 3258 3469 an

588 3511 877 3611 publice
944 3511 1426 3586 venerandam
1483 3509 2007 3585 Eucharistiam
2077 3510 2487 3602 frequenter
2539 3528 2892 3601 exponere
2942 3510 3258 3601 perutile

590 3627 942 3700 videatur.
999 3623 1134 3708 Qui
1186 3624 1505 3697 eiusdem
1551 3621 1846 3697 Thiersii
1897 3624 2317 3718 bipartitum
2355 3641 2535 3714 opus
2569 3622 2816 3695 sedulo
2851 3627 3249 3714 percurret,

590 3741 667 3813 id
719 3740 1022 3811 maxime
1074 3737 1359 3830 probari
1429 3737 1824 3830 intelliget,
1881 3736 1941 3807 si
1993 3734 2355 3808 Ecclesiae
2407 3734 2686 3827 legibus
2738 3733 3246 3805 conformetur.

593 3848 897 3947 Insuper
945 3854 1081 3926 tria
1134 3852 1551 3927 constituit:
1610 3853 1916 3943 primum
1967 3850 2164 3923 haud
2213 3849 2773 3941 permittendum
2824 3848 3252 3939 unicuique,

597 3975 678 4042 ut
727 3966 1218 4040 Eucharistiae
1263 3967 1827 4054 Sacramentum,
1869 3981 2029 4035 cum
2065 3961 2293 4050 lubet,
2335 3966 2671 4052 exponat,
2709 3960 2839 4033 sed
2888 3955 3261 4032 Pontificis

598 4086 670 4153 et
720 4076 1231 4173 Episcoporum
1284 4078 1359 4151 in
1408 4077 1544 4149 hac
1579 4095 1654 4148 re
1689 4075 2118 4148 sententiam
2153 4073 2630 4162 servandam3
2686 4071 3000 4145 secundo
3051 4072 3261 4143 iuxta

597 4189 957 4266 Ecclesiae
1024 4190 1356 4262 instituta
1406 4195 1478 4261 et
1527 4188 1935 4280 sapientum
2004 4186 2310 4259 virorum
2363 4184 2768 4277 opinionem
2837 4183 2911 4255 id
2962 4182 3264 4255 concedi

601 4307 834 4379 rarius
870 4306 1157 4395 debere,
1215 4322 1430 4396 quam
1485 4304 1560 4376 in
1609 4301 1937 4398 plurimis
1986 4301 2160 4374 locis
2210 4300 2364 4373 fieri
2417 4298 2836 4385 consuevit3
2891 4295 3101 4368 tertio
3158 4294 3269 4367 id-

601 4419 838 4511 ipsum
888 4437 1014 4511 per
1067 4422 1385 4492 octavam
1437 4413 1762 4510 Corporis
1814 4413 2069 4489 Christi
2136 4412 2380 4506 perfici
2450 4412 2680 4483 solum
2741 4408 2851 4482 fas
2900 4424 3085 4495 esse,
3146 4408 3264 4480 vel

606 4549 769 4605 cum
817 4531 1233 4624 gravissima
1269 4547 1485 4603 causa
1521 4528 1908 4622 religionis,
1949 4532 2075 4598 aut
2109 4523 2544 4616 reipublicae
2580 4523 2653 4595 id
2687 4520 3029 4614 postulat,
3071 4537 3269 4610 quae

610 4644 700 4720 ab
752 4641 1103 4740 Episcopo
1173 4642 1636 4717 diiudicanda
1687 4646 1823 4715 est.
1880 4635 2246 4712 Eiusmodi
2306 4631 2605 4708 Thiersii
2670 4631 3267 4708 commentarium
