3497 5235
607 340 723 402 458
1355 344 1725 403 humationi·
1765 345 1817 403 8.
1847 346 2028 420 031131.
2066 346 2213 405 Ocno.
2252 345 2521 420 expetitio.

611 483 718 548 est
770 477 968 548 iuxta
1023 478 1477 565 erectionem,
1520 485 1645 550 aut
1697 481 2020 568 quemvis
2072 480 2288 551 alium
2343 480 2741 569 legitimum
2786 476 3072 549 titulum
3113 492 3268 546 coa-

605 589 983 661 diutricem
1056 608 1343 681 operam
1401 590 1474 660 in
1530 592 1925 664 exercenda
1987 612 2156 664 cura
2211 592 2610 663 animarum
2664 590 2891 662 eidem
2959 587 3263 679 parocho

603 701 978 795 praebere.
1053 698 1144 772 Et
1194 718 1367 772 sane
1438 701 1510 771 in
1569 702 1950 792 Spoletana
2003 705 2204 777 Miss.
2249 721 2384 793 pro
2428 720 2592 793 pop.
2655 690 2771 771 ll.
2831 697 2993 771 Maii
3053 699 3262 770 1831.

605 815 959 905 parochus
986 820 1163 900 erat,
1200 815 1322 903 qui
1351 814 1841 904 principaliter
1868 816 2266 887 animarum
2298 832 2539 886 curam
2566 811 3008 905 sustinebat3
3041 811 3270 883 eidem

605 928 897 1017 insuper
950 927 1056 997 uti
1108 926 1555 998 coadiutores
1607 925 1914 999 aderant
1964 928 2107 998 duo
2160 926 2512 1013 canonici,
2546 925 2670 1014 qui
2707 943 2795 996 ex
2829 922 3269 997 fundationis

603 1039 755 1109 iure
811 1038 884 1108 in
937 1056 1108 1109 cura
1163 1037 1564 1107 animarum
1632 1035 2011 1109 subeunda
2080 1039 2453 1128 suppetias
2522 1036 2873 1108 serebant.
2949 1032 3270 1106 Iamvero

602 1155 1053 1240 perspectum
1135 1154 1206 1219 et
1260 1147 1706 1238 exploratum
1760 1156 1955 1236 erat,
2031 1151 2222 1239 quod
2276 1168 2360 1220 ex
2434 1148 2886 1220 antecedenti
2958 1147 3270 1240 plurium

605 1279 956 1333 annorum
996 1259 1513 1332 consuetudine
1549 1257 1622 1328 hi
1661 1260 2108 1332 coadiutores
2144 1261 2450 1332 vicissim
2486 1279 2645 1333 cum
2685 1259 2993 1350 parocho
3020 1255 3275 1329 Missae

605 1391 733 1465 pro
784 1372 1050 1463 populo
1094 1370 1500 1442 offerendae
1555 1388 1818 1441 munus
1851 1372 2361 1462 persolverent.
2421 1370 2591 1442 Cum
2631 1377 2874 1442 tamen
2911 1369 3278 1441 coadiuto-

602 1502 719 1555 res
772 1482 966 1553 illius
1018 1482 1357 1571 temporis
1408 1499 1564 1551 sese
1618 1481 1885 1554 vellent
1939 1484 2273 1570 eximere,
2333 1480 2408 1555 S.
2449 1480 2523 1554 C.
2565 1481 2775 1555 Conc.
2837 1483 3278 1573 propositum

603 1600 711 1666 est
763 1593 1063 1665 dubium
1096 1612 1112 1662 ε
1177 1615 1214 1657 ‹
1253 1591 1352 1662 An
1391 1593 1711 1663 canonici
1765 1593 2212 1666 coadiutores
2246 1601 2633 1667 teneantur
2668 1595 3084 1666 alternatim
3121 1611 3275 1665 cum

607 1722 646 1771 s
688 1704 995 1795 parocho
1048 1703 1407 1794 applicare
1444 1700 1729 1775 Missam
1785 1723 1911 1795 pro
1964 1706 2228 1796 populo
2268 1707 2339 1777 in
2379 1701 2597 1777 casu?
2630 1731 2667 1773 »
2710 1704 2782 1776 S.
2816 1704 2888 1778 C.
2932 1705 3053 1777 die
3089 1706 3275 1777 dicta

599 1817 1014 1907 respondit:
1052 1838 1089 1880 ι
1122 1814 1632 1887 Affirmative».
1669 1812 1991 1908 Idipsum
2031 1818 2386 1889 firmatum
2431 1818 2659 1889 luerat
2696 1818 2769 1888 in
2801 1818 3090 1907 Ripana
3128 1819 3270 1889 Iur.

591 1947 761 2021 par.
799 1929 916 1998 15.
953 1924 1116 1998 Dec.
1158 1928 1370 1998 1725.
1414 1929 1611 1999 iuxta
1639 1933 1880 1998 votum
1919 1927 2359 1999 celeberrimi
2395 1926 2599 2000 Card.
2644 1925 2878 2012 Petra,
2911 1934 2984 2001 et
3022 1929 3273 2000 iterum

602 2040 723 2110 20.
767 2035 940 2110 Now
990 2040 1202 2110 1762.
1262 2057 1542 2110 necnon
1579 2040 1652 2109 in
1699 2039 2055 2110 Verulana
2090 2040 2290 2113 Miss.
2332 2059 2580 2113 comm.
2622 2046 2687 2112 et
2721 2041 2920 2114 Mt‘ss.
2949 2059 3085 2130 pro
3112 2059 3270 2131 pop.

617 2150 733 2221 12.
774 2147 942 2222 Dec.
991 2151 1202 2221 1829.
1246 2151 1337 2221 ad
1391 2152 1462 2220 2.

756 2262 1125 2334 Secundus
1178 2281 1383 2333 casus
1450 2268 1592 2349 est,
1650 2263 1942 2351 quando
1996 2281 2162 2334 cura
2218 2262 2615 2336 habitualis
2685 2281 2909 2354 penes
2965 2264 3272 2351 aliquem

605 2372 1055 2443 sacerdotum
1110 2381 1435 2459 coetum,
1493 2373 1710 2446 veluti
1777 2375 2280 2445 canonicorum
2350 2374 2462 2446 vel
2532 2375 3126 2446 beneficiatorum
3177 2392 3275 2445 re-

614 2485 849 2572 sidet,
917 2486 1218 2556 actualis
1268 2505 1431 2557 vero
1501 2504 1721 2577 penes
1777 2488 2168 2574 vicarium3
2244 2494 2416 2559 tunc
2469 2487 2661 2558 enim
2714 2487 2773 2557 si
2835 2486 3275 2557 consuetudo

612 2596 952 2687 obtinuit,
1013 2603 1090 2669 ut
1142 2599 1445 2671 vicarius
1499 2605 1570 2671 et
1621 2599 1975 2685 canonici,
2032 2599 2145 2672 vel
2199 2598 2606 2670 beneficiati
2662 2594 2953 2669 Missam
2989 2616 3121 2688 pro
3156 2615 3273 2688 po-

606 2710 778 2802 pulo
831 2711 904 2780 in
958 2710 1200 2781 orbem
1255 2711 1579 2798 offerant,
1622 2712 2061 2784 consuetudo
2099 2711 2218 2781 1113
2258 2711 2470 2803 plane
2506 2710 2860 2782 servanda
2896 2717 3038 2781 est.
3077 2706 3271 2790 Quod

601 2820 948 2915 probatur
984 2840 1070 2890 cx
1113 2822 1554 2895 Camerinen.
1596 2824 1795 2896 Me'ss.
1830 2842 1962 2913 pro
1992 2842 2154 2914 pop.
2204 2823 2319 2893 16.
2362 2820 2529 2894 Dec.
2577 2823 2823 2908 1820„
2866 2824 2936 2892 111
2986 2842 3131 2912 qua
3168 2839 3273 2892 res

607 2938 761 3004 erat
815 2934 1001 3006 inter
1054 2935 1432 3005 canonicos
1485 2935 1757 3023 primae
1794 2935 2197 3021 erectionis,
2231 2933 2425 3023 apud
2462 2951 2640 3023 quos
2674 2952 2844 3005 cura
2881 2932 3270 3005 habitualis

602 3046 960 3133 exstabat,
1002 3053 1072 3118 et
1109 3047 1452 3118 vicarium
1507 3054 1860 3135 curatum,
1903 3047 2025 3135 qui
2073 3048 2427 3117 actualem
2463 3043 2866 3117 exercebat.
2914 3040 3271 3135 Proposito

601 3158 848 3246 itaque
901 3159 1163 3230 dubio:
1228 3181 1264 3224 ‹
1303 3161 1457 3245 An,
1524 3165 1595 3230 et
1648 3160 1739 3230 ad
1812 3178 2025 3249 quem
2102 3165 2457 3248 spectaret
2529 3175 2709 3228 onus
2774 3155 3271 3229 celebrationis

607 3292 645 3337 »
683 3265 940 3341 Missae
996 3288 1123 3360 pro
1174 3270 1437 3362 populo
1493 3271 1566 3340 in
1604 3268 1821 3341 casu‘}
1854 3295 1891 3336 ν
1940 3286 2360 3359 responsum
2397 3268 2705 3359 prodiit:
2768 3290 2804 3332 (ι
2844 3266 3273 3338 Affirmative

606 3403 642 3445 »
686 3380 775 3450 ad
831 3386 1139 3468 quatuor
1192 3382 1571 3452 canonicos
1641 3383 1913 3472 primae
1966 3380 2345 3452 erectionis
2400 3380 2491 3451 ad
2546 3379 2840 3450 sormam
2896 3385 3277 3451 consuetu-

605 3519 643 3564 »
684 3496 901 3567 dinis.
940 3521 977 3564 ›
1032 3491 1442 3567 Notandum
1498 3497 1834 3587 insuper,
1893 3495 2084 3584 quod
2138 3494 2444 3565 vicarius
2497 3499 2788 3565 curatus
2843 3494 2918 3563 in
2971 3512 3054 3565 eo
3106 3511 3273 3565 casu

600 3625 975 3697 nunquam
1030 3626 1155 3699 pro
1209 3608 1472 3700 populo
1529 3609 1889 3698 applicare
1943 3613 2435 3691 consueverat,
2477 3623 2663 3693 quae
2709 3605 3149 3676 consuetudo
3180 3620 3273 3673 ex

600 3719 673 3790 S.
716 3718 790 3789 C.
831 3717 905 3791 C.
965 3719 1446 3791 declaratione
1501 3720 2109 3790 confirmationem
2165 3715 2505 3788 obtinuit.

751 3831 920 3901 376.
977 3827 1178 3911 Quod
1230 3832 1542 3920 pertinet
1594 3832 1686 3904 ad
1736 3830 2010 3916 horam,
2070 3845 2211 3917 qua
2268 3827 2629 3900 offerenda
2674 3834 2782 3900 est
2819 3825 3031 3900 Missa
3068 3845 3274 3918 paro—

600 3942 878 4029 chialiS,
921 3941 1018 4012 ita
1057 3942 1419 4030 nimirum,
1464 3951 1540 4015 ut
1579 3949 1744 4013 31113
1798 3941 2114 4013 eiusdem
2169 3938 2721 4011 celebrationem
2780 3940 2965 4010 aliae
3016 3936 3269 4009 Missae

594 4055 671 4125 in
725 4054 884 4126 aliis
937 4054 1255 4126 ecclesiis
1308 4054 1654 4126 celebrari
1709 4056 2112 4142 nequeant,
2169 4050 2592 4123 recolendae
2652 4057 2823 4123 sunt
2876 4068 3025 4137 eae,
3079 4064 3271 4137 quae

597 4166 807 4238 modo
861 4165 1293 4254 referuntur,
1351 4165 1902 4238 declarationes.

747 4301 784 4344 ‹
824 4275 1226 4366 Quaeritur,
1287 4298 1379 4348 an
1433 4278 1789 4369 parochus
1840 4274 2218 4367 prohibere
2271 4275 2522 4365 possit,
2568 4293 2659 4345 ne
2699 4276 2770 4346 in
2808 4275 3075 4367 capella
3110 4273 3276 4343 ruri

603 4416 640 4459 ›
680 4409 808 4483 per
861 4390 1117 4462 laicum
1167 4390 1544 4463 aedificata
1582 4390 1655 4460 in
1692 4390 1841 4459 solo
1879 4386 2166 4477 publico
2200 4384 2546 4459 celebrari
2584 4388 2837 4476 possit,
2880 4395 3279 4474 antequam

599 4527 636 4570 ›
675 4498 889 4572 Missa
942 4502 1345 4574 celebretur
1381 4503 1454 4573 in
1492 4501 1790 4573 ecclesia
1830 4498 2219 4590 parochiali
2259 4494 2600 4568 matrice?
2655 4499 2727 4568 S.
2760 4495 3009 4589 Congr.
3040 4495 3272 4568 Cone.

599 4638 638 4681 ν
678 4613 1090 4704 respondit:
1148 4611 1529 4704 Supposita
1584 4610 1926 4684 facultate
1977 4607 2389 4681 celebrandi
2444 4607 2517 4677 111
2571 4607 2761 4679 111313
2816 4608 3101 4699 capella,
3172 4606 3285 4676 de

599 4751 637 4794 2»
677 4726 908 4815 rigore
960 4726 1131 4796 iuris
1185 4743 1330 4795 non
1382 4742 1590 4813 posse
1644 4722 2032 4814 prohiberi,
2073 4721 2196 4792 sed
2248 4717 2678 4810 Episcopum
2716 4739 2845 4811 pro
2882 4718 3288 4812 prudentia
