3497 5235
564 255 689 319 604
1321 259 1688 317 lauh-notioni·
1729 258 1784 315 8.
1813 255 1997 330 Oongr.
2026 255 2171 314 Oono.
2213 257 2482 329 expositio.

568 411 820 484 parum
894 393 1202 484 amplius
1270 393 1823 465 desiderandum
1879 390 2231 464 videatur.
2298 387 2554 481 Itaque
2604 390 2696 463 de
2743 390 2882 462 hac
2932 408 3007 462 re
3063 389 3240 461 nihil

567 504 869 576 ulterius
922 523 1176 575 moror.
1250 500 1381 586 Qui
1439 512 1674 576 tamen
1729 505 2020 596 penitus
2073 521 2280 574 nosse
2334 504 2567 592 cupit,
2623 520 2811 591 quae
2862 500 3080 573 fuerit
3132 519 3247 572 ec-

568 614 963 687 clesiastica
1019 616 1396 705 disciplina
1453 617 1636 688 circa
1692 616 1996 687 colorem
2049 616 2350 687 vestium
2414 614 2847 685 clericalium
2898 632 2941 684 a
2998 613 3246 703 primis

566 744 796 816 usque
855 722 1215 798 Ecclesiae
1274 726 1738 819 temporibuS,
1799 726 2125 798 consulat
2186 731 2466 816 praeter
2516 725 2693 796 alios
2754 720 3099 796 Ioannem
3153 723 3245 795 de

566 834 840 911 Ioanne
887 840 1149 911 Hae'stor.
1197 839 1458 913 Semin.
1501 859 1658 930 cap.
1694 837 1813 911 15.

712 949 881 1020 454.
929 948 1028 1020 Ad
1068 950 1362 1022 formam
1416 951 1610 1040 quod
1647 952 1944 1039 attinet,
1986 948 2355 1021 sciendum
2391 955 2526 1035 est,
2572 966 2806 1038 neque
2843 965 2969 1038 per
3004 965 3243 1020 sacro-

566 1078 722 1132 rum
776 1078 1129 1131 canonum
1185 1063 1366 1150 iura,
1407 1080 1540 1133 nec
1588 1081 1713 1153 per
1745 1059 1956 1133 Conc.
1999 1058 2188 1133 Trid.
2215 1060 2578 1133 ‚clericalis
2611 1059 2905 1132 babitus
2940 1059 3241 1131 formam

567 1170 784 1244 fuisse
837 1171 1272 1244 adamussim
1326 1174 1921 1260 determinatam3
1977 1173 2102 1244 sed
2158 1172 2651 1244 tantummodo
2699 1173 3094 1263 generatim
3150 1171 3241 1243 ab

566 1283 886 1355 eiusdem
941 1281 1203 1373 Synodi
1259 1281 1592 1358 Patribus
1644 1284 2000 1355 sancitum
2058 1283 2303 1372 ruisse,
2359 1290 2440 1356 ut
2492 1283 3022 1357 ecclesiasticae
3084 1302 3248 1377 per-

562 1412 782 1465 sonae
834 1392 1160 1466 habitum
1229 1403 1479 1486 gerant
1534 1418 1572 1460 ‹
1610 1415 1848 1467 eorum
1914 1396 2154 1468 ordini
2204 1403 2268 1468 ct
2345 1396 2685 1487 dignitati
2745 1402 3245 1488 congruentem

567 1529 606 1573 ν
647 1507 853 1578 inccta
882 1507 1208 1597 Episcopi
1236 1508 1756 1579 ordinationem
1782 1514 1845 1580 et
1883 1508 2393 1595 mandatum»,
2432 1513 2508 1578 ut
2544 1508 2800 1599 legitur
2834 1508 2956 1580 cit.
2984 1508 3237 1599 cap.6.

570 1618 750 1690 SesS.
779 1617 897 1690 14.
929 1619 1012 1691 de
1043 1620 1350 1712 Reform.
1388 1617 1628 1692 Sixtus
1664 1617 1752 1689 V.
1781 1618 2081 1691 Constit.
2119 1620 2289 1692 Cum
2323 1625 2887 1701 sacrosanctum,
2917 1637 3065 1709 qua
3101 1620 3245 1691 cle-

566 1730 806 1801 ricalis
842 1730 1133 1803 habitus
1169 1732 1598 1803 delationem
1639 1731 1913 1803 clericis
1958 1749 2173 1820 quam
2231 1732 2638 1822 gravissime
2690 1732 3035 1818 iniunxit,
3077 1750 3244 1803 con·

566 1843 792 1933 ceptis
846 1842 1083 1914 verbis
1136 1842 1539 1932 designavit
1589 1862 1752 1914 eum
1807 1844 2108 1916 talarem
2147 1860 2302 1915 esse
2340 1842 2626 1915 debere.
2686 1838 2975 1932 Itaque,
3021 1843 3242 1914 veluti

567 1960 808 2024 monet
837 1950 1106 2025 Bened.
1151 1951 1340 2024 XIV.
1386 1955 1562 2026 last.
1605 1955 1773 2026 eccl.
1820 1953 1939 2026 71.
1974 1975 2171 2027 num.
2209 1952 2322 2036 3..
2365 1952 2762 2044 Apostolica
2801 1952 3025 2027 Sedes
3057 1974 3245 2028 nun-

566 2080 784 2152 quam
841 2083 982 2136 non
1038 2066 1373 2137 sustineri
1424 2066 1784 2157 rescripsit
1836 2062 2345 2157 Episcoporum
2394 2067 2654 2155 edicta,
2694 2066 2962 2156 quibus
3015 2066 3242 2139 eccle-

565 2176 872 2247 siasticis
907 2177 1076 2247 viris
1112 2178 1329 2249 vestis
1380 2177 1759 2270 oblongae,
1803 2196 2057 2269 nempe
2106 2179 2376 2265 talaris,
2418 2197 2592 2249 usus
2625 2178 3233 2269 praecipiebatur.

564 2284 836 2359 Bened.
882 2306 1040 2359 vero
1082 2285 1285 2359 Xlll.
1330 2290 1400 2360 in
1446 2291 1649 2363 Conc.
1698 2290 1893 2362 Rom.
1940 2290 2120 2361 anni
2159 2288 2371 2362 1725.
2415 2291 2527 2361 tit.
2563 2288 2681 2361 16.
2723 2310 2879 2382 cap.
2915 2288 2992 2363 3.
3036 2309 3244 2382 prae·

564 2400 752 2488 cepit
806 2395 1201 2491 EpiscopiS,
1261 2407 1339 2471 ut
1391 2421 1679 2472 suarum
1735 2403 2135 2473 dioecesum
2195 2401 2463 2472 clericis
2517 2400 3046 2474 observantiam
3110 2404 3242 2473 im·

565 2516 917 2601 ponerent
969 2512 1180 2581 edicti
1233 2509 1442 2583 Card.
1500 2510 1857 2599 Paolucci‚
1932 2512 2164 2584 almae
2217 2510 2425 2585 Urbis
2478 2511 2762 2601 Vicarii,
2821 2515 2896 2585 in
2950 2533 3096 2604 quo
3151 2514 3240 2587 ad

562 2623 1087 2714 paragraphum
1146 2625 1453 2711 tertiam,
1514 2626 1615 2696 uti
1670 2626 1911 2697 videre
1963 2631 2071 2696 est
2123 2627 2195 2696 in
2251 2626 2644 2717 Appendice
2693 2628 2999 2699 eiusdem
3061 2629 3244 2703 Con-

561 2732 716 2803 cilii
768 2753 842 2803 n.
888 2732 1007 2805 18.
1069 2735 1264 2807 iuxta
1317 2733 1389 2806 S.
1435 2735 1508 2806 (1.
1552 2735 1763 2807 (lonc.
1823 2737 2186 2809 decretum
2241 2738 2381 2808 diei
2425 2739 2539 2808 13.
2574 2735 2767 2829 Sept.
2810 2740 3027 2810 1677.
3073 2758 3239 2830 pro-

561 2841 877 2930 hibetur,
921 2864 1008 2916 ne
1050 2847 1284 2918 clerici
1337 2846 1429 2918 ab
1483 2854 1638 2919 ortu
1694 2847 1862 2918 solis
1900 2846 1992 2918 ad
2032 2849 2335 2920 mediam
2374 2850 2601 2920 noctis
2637 2848 2882 2920 boram
2922 2850 3231 2922 breviori

563 2955 819 3027 babitu
873 2964 1199 3045 utantur,
1258 2959 1381 3030 sed
1437 2959 1734 3030 talarem
1792 2960 2133 3030 continuo
2186 2959 2539 3032 delerant.

710 3068 881 3139 455.
940 3066 1416 3141 Nihilominus
1453 3070 1750 3142 huiusce
1787 3071 2209 3160 disciplinae
2248 3090 2419 3143 usus
2455 3072 2845 3161 aliquando
2882 3073 3233 3166 tantisper

563 3183 921 3255 emollitus
975 3190 1124 3272 est;
1187 3203 1495 3275 namque
1534 3188 1608 3257 in
1647 3185 1894 3256 eodem
1931 3181 2137 3258 Card.
2181 3182 2508 3259 Paolucci
2554 3188 2838 3258 decreto
2891 3187 2985 3259 ad
3035 3185 3111 3282 ξ.
3155 3187 3227 3258 A.

563 3295 1031 3386 permittitur,
1092 3302 1169 3368 ut
1222 3296 1454 3368 clerici
1511 3298 1785 3368 itineris
1838 3298 2231 3384 occasione,
2283 3298 2513 3369 aliave
2567 3298 2881 3388 legitima
2935 3317 3156 3372 causa
3191 3318 3230 3368 a

561 3403 766 3476 Card.
811 3404 1019 3478 Urbis
1056 3404 1333 3478 Vicario
1380 3408 1486 3478 vel
1537 3410 1692 3480 eius
1729 3405 2292 3480 vices—Gerente
2330 3407 2796 3498 approbanda
2834 3408 3225 3482 breviorem

561 3515 888 3590 habitum
944 3538 1289 3611 usurpare
1343 3527 1642 3608 queant,
1700 3521 1824 3610 qui
1878 3527 2117 3593 tamen
2175 3538 2405 3611 genua
2459 3527 2679 3612 tegat,
2729 3528 2799 3592 et
2851 3520 2942 3592 de
2997 3528 3223 3593 cetero

562 3630 926 3701 modestus
977 3633 1095 3714 sit,
1147 3650 1279 3704 nec
1330 3634 1683 3722 exquisita
1738 3640 1891 3705 arte
1943 3631 2377 3705 elaboratus.
2436 3629 2701 3705 Eodem
2741 3634 3093 3723 permissu
3131 3632 3225 3704 uti

565 3759 821 3831 passus
873 3749 981 3814 est
1033 3743 1550 3817 ecclesiasticos
1587 3746 1771 3816 viros
1828 3744 2295 3817 Bononiensis
2346 3746 2690 3818 dioecesis
2725 3745 3003 3820 Bened.
3038 3744 3215 3820 XIV.

561 3853 685 3924 cit.
730 3854 906 3926 Inst.
952 3874 1025 3924 n.
1058 3854 1130 3927 9.
1189 3856 1590 3946 exemplum
1630 3864 1921 3929 secutus
1975 3853 2047 3927 S.
2090 3856 2315 3928 Caroli
2353 3855 2755 3930 Borromaei
2793 3860 2866 3929 in
2906 3858 3122 3932 Conc.
3162 3855 3214 3928 l.

561 3961 1045 4036 mediolanen.
1105 3963 1287 4037 Dum
1339 3985 1504 4038 vero
1558 3968 1948 4057 aliquando
1999 3967 2254 4039 habitu
2318 3969 2764 4042 contractiori
2820 3989 2980 4042 sese
3034 3969 3219 4043 indui

562 4093 767 4166 posse
824 4077 1097 4148 clericis
1150 4079 1607 4169 permittitur,
1650 4098 1793 4150 non
1833 4080 2010 4151 adeo
2047 4079 2190 4151 lale
2225 4079 2631 4152 huiusmodi
2670 4083 3051 4172 permissio
3088 4100 3223 4152 am·

560 4186 853 4277 plianda
893 4194 1027 4275 est,
1071 4195 1149 4261 ut
1183 4190 1339 4261 sine
1376 4188 1628 4261 habitu
1681 4190 1892 4261 talari
1929 4190 2301 4263 ecclesiam
2340 4191 2431 4263 ad
2460 4189 2752 4262 Sacrum
2792 4191 3214 4278 faciendum,

562 4298 886 4388 aliasque
955 4300 1471 4374 ecclesiasticas
1539 4301 1988 4392 peragendas
2058 4301 2461 4375 functiones
2522 4302 2800 4393 ingredi
2855 4303 3091 4376 liceat.
3146 4300 3220 4373 In

562 4417 951 4483 memorato
1008 4429 1316 4502 namque
1369 4414 1602 4484 edicto
1655 4410 2052 4484 Cardinalis
2088 4410 2412 4485 Paolucci
2467 4412 2558 4483 ad
2592 4410 2666 4507 ἓ.
2710 4415 2785 4485 5.
2831 4423 3081 4486 contra
3122 4432 3225 4485 sa-

563 4522 884 4594 cerdotes
935 4523 1009 4594 in
1062 4542 1219 4595 eam
1276 4525 1497 4616 legem
1554 4531 1935 4616 peccantes
1974 4525 2430 4616 gravissimae
2467 4543 2740 4615 poenae
2779 4526 3214 4617 infliguntur,

562 4633 1002 4723 eaedemque
1055 4636 1516 4709 ecclesiarum
1568 4637 1878 4707 aedituis
1929 4636 2410 4730 applicantur,
2451 4637 2512 4708 si
2545 4636 3045 4710 sacerdotibus
3077 4639 3217 4709 sine
