3497 5235
561 265 635 332 to
766 282 769 285 ·
1364 269 1436 327 Do
1472 269 1775 328 visitatione
1815 267 2082 327 Sacrorum
2119 268 2380 327 Initium

562 428 601 473 »
639 403 849 475 simul
899 409 971 475 et
1025 402 1354 474 Anacleto
1410 401 1856 475 tribueretur.
1914 400 2206 475 Factum
2256 404 2387 477 boc
2456 400 2755 475 arbitror
2818 419 2908 474 ex
2964 401 3184 474 adno-

562 539 601 587 ,ν
640 517 907 588 tatione
961 514 1258 585 alicuius
1308 516 1708 606 interpretis
1745 513 1853 586 vel
1908 514 2421 606 glossograpbi3
2477 532 2634 585 cum
2682 513 2868 583 enim
2921 512 3180 584 ibidem

563 653 602 701 ι
641 634 1022 713 statuatur,
1063 623 1445 717 Episcopus
1480 623 1844 697 Romanae
1896 627 2298 715 provinciae
2335 625 2590 698 debere
2629 624 3008 713 quotannis
3043 619 3185 693 Ro-

566 763 605 808 »
648 756 829 807 mam
884 739 1010 821 ire,
1067 754 1354 825 eosque,
1411 738 1558 826 qui,
1601 738 1784 809 iusta
1825 738 2173 809 existente
2210 756 2450 824 causa,
2494 736 2965 825 nequiverint,
3005 735 3075 806 id
3109 751 3185 806 se

565 875 603 918 »
645 847 1106 939 chirographo
1157 866 1282 918 suo
1332 847 1758 936 significare,
1800 847 1989 936 quod
2040 854 2146 919 est
2197 850 2401 920 iuxta
2449 853 2850 920 sanctorum
2885 838 3186 919 Petrum

566 985 605 1030 »
643 966 709 1032 et
758 977 1104 1031 canonum
1156 958 1482 1029 instituta
1549 957 1813 1029 ibidem
1869 966 2294 1046 memorata,
2350 960 2913 1050 designarentur,
2970 956 3186 1028 voluit

569 1095 607 1139 ›
642 1069 1180 1161 glossographus
1216 1069 1286 1140 id
1324 1068 1412 1139 ab
1459 1068 1788 1140 Anacleto
1827 1079 2169 1158 repetere,
2209 1069 2535 1142 alludens
2571 1068 2864 1140 fortasse
2901 1066 2992 1138 ad
3027 1085 3190 1139 con-

569 1206 607 1250 »
644 1182 1109 1273 preputionem
1164 1183 1631 1267 summorum,
1687 1197 1873 1269 quae
1922 1176 2190 1251 Romae
2240 1180 2649 1272 congregari
2698 1183 3182 1265 consueverat,

571 1293 842 1364 »iuxta
896 1291 1099 1378 illud,
1156 1292 1345 1380 quod
1398 1292 1655 1363 dicitur
1709 1293 1781 1361 in
1833 1292 2040 1381 epist.
2103 1292 2170 1361 1.
2228 1291 2563 1363 Anacleto
2615 1291 2995 1383 adscripta,
3043 1290 3187 1360 sive

571 1428 609 1472 ι»
650 1403 719 1473 in
761 1404 933 1476 Can.
976 1400 1049 1475 3.
1110 1401 1314 1474 Caua.
1362 1401 1434 1472 2.
1475 1421 1590 1491 qu.
1635 1400 1740 1487 6.,
1797 1408 1919 1473 aut
1971 1401 2296 1474 alludens
2332 1403 2422 1474 ad
2459 1403 2557 1487 id,
2598 1401 2788 1491 quod
2824 1403 3080 1473 dicitur
3115 1401 3187 1471 in

575 1541 611 1585 ι
652 1516 859 1605 epist.
900 1515 973 1601 2,
1014 1515 1242 1585 eidem
1279 1513 1611 1584 Anacleto
1650 1514 1941 1600 tributa,
1980 1516 2126 1585 sive
2163 1514 2236 1584 in
2269 1515 2442 1589 Can.
2467 1514 2538 1585 2.
2583 1515 2764 1585 Dist.
2807 1511 2964 1594 64..
2998 1512 3192 1583 vide-

574 1651 612 1694 »
652 1626 855 1713 licet,
927 1625 1203 1714 quoties
1256 1622 1575 1694 facienda
1643 1624 1964 1696 imminet
2023 1622 2524 1715 Episcoporum
2585 1624 2934 1695 ordinatio
3000 1621 3192 1713 apud

576 1760 611 1805 ›
651 1734 1014 1807 Summum
1067 1733 1500 1823 Pontificem,
1550 1735 2169 1827 comprovinciales
2206 1732 2586 1826 Episcopos
2620 1730 2919 1805 Romam
2954 1751 3197 1804 accur·

577 1870 614 1910 ι
653 1865 805 1919 rere
856 1845 1140 1935 debere,
1196 1853 1345 1933 aut,
1401 1845 1459 1916 si
1513 1852 1900 1936 nequeant,
1957 1864 2374 1918 consensum
2411 1863 2616 1917 suum
2666 1846 2927 1937 scripto
2978 1844 3196 1935 signi-

577 1982 616 2027 »
656 1958 892 2031 ficare.
930 1981 969 2025 ›

612 2130 631 2145 2
718 2071 838 2140 21.
897 2066 1059 2141 Post
1107 2067 1283 2140 baec
1334 2068 1422 2141 ad
1474 2077 1793 2162 tempora
1846 2069 1919 2143 S.
1976 2067 2285 2162 Gregorii
2320 2064 2480 2140 vll.
2525 2069 2816 2160 gradum
2869 2067 3187 2157 facimuS,

579 2198 799 2273 penes
849 2199 1059 2270 quem
1114 2181 1362 2268 multa,
1420 2201 1601 2271 quae
1653 2184 1794 2254 buc
1845 2185 2227 2275 pertinent,
2285 2190 2680 2272 opportuna
2749 2181 3194 2272 reperiuntur

446 2380 451 2387 .
583 2294 656 2366 iu
708 2293 858 2364 eius
908 2292 1258 2383 epistolis;
1314 2292 1447 2364 bae
1498 2313 1700 2387 porro
1758 2313 1895 2365 non
1933 2314 2179 2385 parurn
2219 2295 2504 2365 luminis
2541 2293 2784 2364 afferre
2836 2293 3186 2364 videntur.

582 2400 779 2476 Idem
836 2405 1046 2494 igitur
1095 2403 1221 2475 lib.
1277 2399 1398 2474 VI.
1456 2422 1570 2494 ep.
1611 2408 1729 2479 30.
1789 2400 2017 2500 (apud
2068 2406 2458 2478 Labbaeum
2493 2412 2656 2477 tom.
2696 2404 2809 2476 42.
2853 2405 2981 2475 col.
3024 2403 3190 2475 448.

575 2515 740 2588 edit.
788 2512 1060 2611 Venet.)
1096 2512 1567 2609 Lantrancum
1616 2516 1940 2608 Archiep.
1988 2515 2563 2589 Cantuariensem
2602 2517 2857 2605 arguit,
2898 2517 3082 2606 quod
3120 2533 3196 2587 se

581 2646 723 2699 non
751 2627 1135 2699 visitaverit
1171 2647 1212 2697 a
1248 2635 1558 2718 tempore
1586 2647 1756 2701 suae
1784 2630 2309 2720 assumptionis:
2344 2647 2643 2718 cumque
2670 2628 2879 2700 huius
2907 2630 3006 2701 rei
3034 2647 3200 2701 cau-

578 2758 727 2810 sam
766 2735 1027 2829 Regem
1071 2739 1357 2829 Angliae
1412 2738 1623 2812 fuisse
1674 2741 2008 2828 novisset,
2064 2739 2410 2826 hortatur,
2468 2748 2545 2812 ut
2597 2739 2920 2811 eumdem
2961 2741 3200 2811 admo-

580 2859 773 2938 neat,
839 2869 925 2921 ne
976 2850 1148 2939 quid
1202 2851 1539 2922 iniustum
1592 2858 1834 2922 contra
1885 2848 2275 2922 Romanam
2327 2848 2711 2922 Ecclesiam
2765 2854 3194 2939 praesumat,

579 2963 729 3054 ipse
765 2979 925 3032 vero
962 2958 1402 3034 Lanfrancus
1437 2964 1859 3051 quantocius
1912 2961 2000 3033 ad
2052 2979 2126 3033 se
2177 2961 2440 3032 veniat.
2483 2957 2658 3032 Item
2698 2963 2905 3032 aliam
2943 2962 3204 3052 episto-

580 3073 719 3143 lam
772 3072 997 3144 eidem
1050 3070 1446 3143 Laulranco
1500 3092 1688 3143 anno
1730 3073 1937 3145 1081.
1981 3072 2349 3164 perscribit
2400 3065 2562 3165 (lib.
2604 3072 2673 3145 9.
2715 3092 2816 3164 ep.
2850 3073 2970 3145 20.
3003 3071 3202 3165 apud

582 3185 972 3257 Labbaeum
1021 3185 1074 3255 l.
1111 3203 1175 3256 c.
1215 3185 1345 3256 col.
1386 3181 1567 3278 520)
1619 3186 2086 3272 eumdemque
2123 3190 2382 3270 monet,
2440 3191 2517 3254 ut
2576 3181 3050 3272 Apostolorum
3087 3182 3204 3256 Li-

584 3298 773 3368 mina
833 3298 1111 3369 visitet:
1165 3298 1455 3388 insuper
1504 3294 1730 3367 eidem
1783 3295 2158 3386 significat,
2235 3317 2271 3357 α
2307 3294 2559 3364 multos
2613 3293 2817 3384 longe
2869 3302 3196 3380 remotOS,

586 3432 625 3477 »
666 3410 825 3479 licet
857 3426 1143 3498 corpore
1179 3408 1523 3479 invalidos
1557 3414 1625 3478 et
1662 3406 1998 3493 infirmos,
2032 3414 2104 3478 et
2139 3426 2178 3476 a
2215 3406 2487 3478 lectulis
2521 3405 2635 3475 vix
2671 3406 3012 3494 valenteS‚
3051 3425 3206 3477 sur-

588 3541 626 3587 »
668 3536 827 3611 gere
873 3524 1112 3591 tamen
1162 3515 1243 3588 Β.
1285 3515 1467 3589 Petri
1506 3537 1737 3590 amore
1775 3519 2156 3609 flagrantes
2208 3516 2299 3588 ad
2335 3518 2485 3588 eius
2538 3514 2812 3588 Limina
2865 3517 3204 3589 vehiculis

589 3656 627 3699 »
669 3648 1067 3722 properare.
1098 3655 1134 3696 ›
1186 3626 1386 3710 Quod
1437 3631 1495 3700 si
1547 3631 1636 3701 ad
1689 3628 1945 3700 festum
1983 3625 2309 3699 Omnium
2348 3615 2758 3701 Sanctorum
2798 3646 2938 3700 non
2974 3646 3209 3701 acces-

588 3765 626 3809 »
666 3743 898 3822 sisset,
938 3741 1164 3813 eidem
1202 3740 1473 3826 indicit,
1516 3747 1591 3812 ut
1629 3764 1665 3804 α
1695 3741 1878 3810 omni
1917 3741 2012 3811 sis
2049 3738 2273 3810 officio
2308 3739 2687 3830 episcopali
2723 3758 3199 3832 suspensus».

730 3852 1043 3924 Subinde
1097 3853 1165 3922 in
1218 3852 1425 3942 epist.
1472 3852 1538 3920 1.
1584 3847 1755 3944 (lib.
1798 3850 1867 3922 9.
1909 3851 2096 3942 apud
2150 3851 2357 3923 Labb.
2402 3851 2530 3924 loc.
2573 3853 2692 3926 cit.
2734 3853 2982 3925 cotum.
3024 3849 3206 3949 505)

591 3962 1203 4059 Arcbiepiscopum
1268 3960 1907 4054 Rotbomagensem
1977 3965 2160 4034 idem
2232 3961 2547 4038 Pontifex
2601 3968 2956 4056 coarguit,
3014 3963 3203 4053 quod

588 4091 718 4147 nec
754 4077 928 4166 ipse,
958 4095 1085 4148 nec
1120 4076 1269 4148 eius
1307 4075 1727 4166 suffraganei
1782 4076 1870 4146 ad
1908 4075 2383 4165 Apostolorum
2405 4074 2680 4148 Limina
2725 4075 3203 4170 perrexerint3

585 4187 856 4278 itaque,
912 4191 971 4261 si
1023 4189 1290 4262 diutius
1342 4188 1695 4274 differant,
1741 4189 2075 4274 minatur,
2114 4187 2303 4277 quod
2359 4208 2395 4251 ‹
2436 4192 2851 4280 potestatem
2896 4183 2978 4257 B.
3022 4181 3206 4256 Petri

482 4361 485 4366 .
590 4322 629 4367 »
669 4318 794 4390 per
847 4319 971 4371 nos
1023 4306 1290 4390 quanto
1356 4300 1794 4385 dilatiorem,
1851 4306 2048 4371 tanto
2124 4300 2735 4389 severiorempro
2801 4300 3210 4385 contemptu

590 4435 626 4481 »
665 4412 1146 4501 experiantur.
1191 4437 1227 4479 »
1286 4409 1494 4482 Libro
1549 4410 1618 4481 6.
1662 4411 1957 4500 epistola
2012 4410 2129 4480 36.
2188 4403 2414 4504 (apud
2466 4409 2855 4481 Labbaeum
2905 4408 2955 4478 l.
2996 4425 3059 4479 c.
3099 4425 3213 4478 co-

584 4521 755 4594 lum.
797 4520 976 4618 453)
1030 4524 1120 4594 ad
1175 4519 1581 4609 Iordanum,
1640 4522 2027 4612 principem
2078 4518 2490 4611 Capuanum
2554 4521 2738 4592 inter
2786 4519 2925 4591 alia
2977 4535 3212 4610 repre·

585 4632 858 4722 bendit,
918 4634 1104 4723 quod
1158 4630 1578 4723 Epi‹copum
1634 4635 1720 4703 ad
1777 4633 1916 4702 ΑΑ.
1968 4629 2100 4700 LL.
2142 4631 2539 4704 venientem
2593 4649 2807 4705 ausus
2855 4632 2947 4706 sit
2991 4632 3214 4722 impe·
