3497 5235
551 264 668 325 21ss
1309 269 1674 326 Instrumenta
1714 270 1766 327 S.
1797 270 1977 343 Gongr.
2008 272 2153 328 Ocno.
2194 273 2463 344 expositio.

554 419 694 491 que
749 402 819 472 in
873 410 1233 493 posterum
1273 425 1313 474 a
1350 424 1408 473 s.
1455 424 1545 475 m.
1589 400 1799 493 Greg.
1844 402 2046 474 xlll.
2090 407 2530 495 dispensatio
2567 425 2689 497 pro
2725 401 3203 476 contrahendo

555 514 1004 585 matrimonio
1061 518 1280 606 petita
1339 516 1610 604 suisset,
1671 516 2006 587 Summus
2058 515 2383 589 Pontifex
2440 538 2591 588 eam
2646 517 3039 590 concedere
3098 533 3207 584 ne-

558 642 922 714 quaquam
979 629 1222 699 voluit.

709 737 872 806 142.
913 736 1045 819 Qui
1099 740 1558 812 confirmatus
1612 742 1761 831 ipse
1818 761 1959 812 non
2014 749 2172 827 est,
2232 744 2557 832 patrinus
2612 742 2810 813 alteri
2866 758 3021 810 esse
3075 755 3207 808 non

559 856 845 939 potest,
905 852 1204 939 ideoque
1261 871 1389 923 nec
1450 854 1715 942 pariter
1770 855 2259 943 cognationem
2322 856 2768 942 spiritualem
2833 851 3206 925 contrahit.

557 956 738 1030 Nam
776 962 845 1032 S.
873 960 944 1034 C.
972 960 1180 1033 Conc.
1222 960 1446 1056 (apud
1505 963 1777 1055 Pignat.
1820 973 1985 1037 tom.
2025 965 2090 1037 1.
2134 967 2433 1037 cons-ult.
2472 966 2627 1057 10.)
2666 969 2735 1037 in
2777 966 3063 1055 Lycien.
3106 964 3207 1031 13.

556 1067 696 1140 Iul.
746 1073 956 1142 1654.
1011 1075 1257 1158 edixit,
1316 1095 1455 1146 non
1511 1078 2005 1164 confirmatum
2058 1097 2195 1147 non
2249 1079 2657 1149 contrahere
2710 1077 3207 1169 coqnntionem.

557 1186 733 1258 Vide
789 1185 1099 1257 Ferraris
1153 1187 1366 1257 verbo
1409 1187 1861 1277 Confirmatio
1916 1194 2048 1258 art.
2099 1185 2229 1258 ΙΙΙ.
2287 1192 2358 1259 111
2415 1187 2631 1279 Resp.
2676 1196 2869 1259 auct.
2910 1186 3229 1276 Quapro-'

559 1307 715 1392 pter
767 1301 1094 1371 infideles
1148 1306 1218 1371 et
1273 1301 1391 1388 qui
1447 1299 1784 1370 haeretici
1844 1301 1973 1370 lioc
2027 1302 2567 1372 Sacramentum
2615 1302 2849 1371 valide
2912 1319 3058 1369 non
3112 1316 3216 1368 ac-

559 1421 929 1504 ceperunt,
972 1414 1169 1484 nullo
1228 1413 1433 1483 modo
1488 1415 1573 1484 ad
1617 1414 1878 1504 patrini
1938 1432 2195 1484 munus
2234 1416 2495 1484 assumi
2556 1419 2876 1506 possunt,
2920 1412 3216 1482 nnllam·

561 1545 700 1615 que
755 1526 1251 1615 cognationem
1303 1528 1703 1615 suscipiunt
1757 1522 2103 1613 (Ferraris
2157 1528 2372 1597 verbo
2426 1528 2826 1617 Baptismus
2884 1533 3019 1595 art.
3064 1520 3210 1593 Vll.

563 1657 760 1709 num.
806 1636 957 1728 34).
1001 1635 1639 1722 Excommnnicati,
1686 1639 2085 1725 facinorosi,
2129 1641 2515 1725 criminosi,
2560 1638 2873 1707 moribus
2927 1636 3215 1706 infames

559 1751 749 1821 licite
807 1750 1069 1840 patrini
1123 1768 1275 1820 esse
1332 1757 1702 1838 nequeunt
1756 1748 2075 1839 (Rituale
2130 1750 2332 1821 Rom.
2388 1738 2545 1822 Tetss
2579 1751 2661 1821 (le
2700 1751 3029 1829 Patria„
3070 1746 3216 1817 Fer-

561 1864 741 1932 raris
796 1862 924 1932 loc.
969 1863 1089 1933 cit.
1133 1882 1206 1932 n.
1248 1861 1435 1955 38.)‚
1489 1882 1620 1934 nec
1673 1864 1887 1932 etiam
1947 1865 2120 1933 muti
2176 1860 2522 1949 (Ferraris
2575 1864 2705 1933 loc.
2748 1864 2868 1932 cit.
2921 1880 2997 1930 n.
3040 1858 3214 1945 30.)‚

562 1994 798 2064 neque
856 1981 1189 2064 parentes
1243 1971 1423 2065 (Rit.
1467 1973 1674 2044 Rom.
1717 1977 1847 2046 loc.
1891 1976 2092 2069 cit.);
2136 1978 2204 2046 111
2260 1984 2502 2047 tamen
2555 1979 2610 2045 si
2669 1983 2869 2046 extra
2920 1972 3218 2043 necessi-

564 2093 783 2158 tatem
841 2086 1021 2155 lilios
1073 2087 1501 2174 suscipiunt,
1563 2090 2060 2176 cognationem
2123 2107 2283 2157 vere
2339 2088 2770 2158 contrahunt
2824 2088 2950 2170 ita,
3012 2094 3086 2154 nt
3137 2082 3215 2152 ab

564 2217 784 2270 uxore
839 2197 1180 2285 obsequia
1238 2205 1480 2287 petere
1537 2209 1902 2289 nequeant
1953 2199 2262 2293 (Ferrar.
2305 2203 2437 2271 loc.
2480 2202 2601 2271 cit.
2646 2220 2719 2269 n.
2762 2200 2915 2291 Ao).

720 2310 883 2378 143.
933 2307 1194 2379 Patrini
1238 2329 1496 2380 munus
1533 2314 1884 2382 sustinere
1927 2315 2217 2384 vetitum
2250 2319 2356 2383 est
2392 2310 2874 2401 Regularibns
2910 2328 2995 2380 ex
3035 2312 3214 2381 textu

566 2423 640 2491 in
684 2422 853 2510 Cup.
897 2422 1055 2491 Non
1095 2423 1304 2494 liccat
1342 2423 1505 2495 103.
1549 2424 1630 2494 de
1676 2424 1877 2515 Cms.
1921 2424 2085 2495 dist.
2130 2424 2200 2495 A.
2244 2431 2315 2494 et
2351 2424 2549 2494 alibi.
2601 2421 2783 2493 Hinc
2836 2423 2908 2491 in
2964 2418 3218 2489 Rituali

568 2529 891 2602 Romano
944 2531 1142 2604 Pauli
1201 2530 1282 2603 V.
1344 2536 1534 2607 iussu
1593 2538 1784 2606 edito
1839 2538 1938 2606 sic
1990 2554 2322 2626 expresse
2357 2542 2704 2607 statutum
2743 2541 2894 2605 est:
2957 2529 3221 2601 ‹Prae-

551 2669 608 2712 .»
653 2651 849 2715 terea
905 2647 995 2716 ad
1053 2647 1182 2717 hoc
1234 2648 1448 2718 etiam
1503 2667 1764 2720 munus
1835 2648 2117 2722 admitti
2182 2669 2321 2719 non
2388 2649 2655 2720 debent
2728 2645 3050 2717 monachi
3120 2641 3216 2710 vel

572 2782 609 2822 »
651 2759 1276 2844 sanctimoniales,
1342 2778 1574 2847 neque
1639 2762 1757 2830 alii
1822 2761 2333 2849 cuiuscumque
2392 2760 2662 2831 ordinis
2724 2757 3137 2849 Regulares.
3181 2780 3212 2820 »

571 2868 857 2939 Accedit
909 2870 1294 2940 declaratio
1348 2869 1419 2941 S.
1462 2870 1534 2942 C.
1579 2872 1865 2944 Concilii
1927 2875 1994 2942 in
2050 2873 2521 2944 Mede'olanen.
2583 2874 2653 2942 3.
2716 2868 2968 2943 Octob.
3017 2867 3209 2938 1671.

568 2981 663 3051 ad
715 2981 991 3053 3.(1111).
1051 2978 1242 3076 (Lib.
1301 2983 1425 3054 27.
1467 2985 1719 3056 decret.
1784 3006 1947 3076 paq.
2009 2979 2217 3080 224).
2277 2981 2461 3064 Quin
2516 2985 2731 3055 etiam
2784 2983 2858 3051 in
2910 2979 3215 3074 pluribus

570 3091 1018 3164 dioecesibus
1093 3096 1402 3183 idipsum
1481 3096 1939 3168 interdictum
1995 3103 2101 3167 est
2172 3096 2670 3168 ecclesiasticis
2742 3095 2908 3164 viris
2961 3111 2997 3163 e
3049 3092 3211 3162 clero

570 3205 918 3274 saeculari
956 3206 1044 3276 ob
1083 3213 1351 3278 statuta
1393 3228 1432 3276 a
1471 3204 1754 3297 Synodo
1794 3209 2205 3299 provinciali
2264 3208 2370 3278 vel
2409 3208 2831 3278 dioecesana
2872 3209 3209 3285 emanata,

572 3331 875 3402 qnorum
928 3317 1169 3406 aliqua
1225 3318 1489 3408 allegat
1542 3317 1854 3390 Ferraris
1909 3322 2038 3390 loc.
2083 3321 2206 3390 cit.
2252 3339 2324 3389 n.
2370 3318 2489 3390 ⁴3.
2534 3325 2597 3389 et
2650 3327 2960 3408 sequent.

723 3427 885 3496 144.
932 3429 999 3499 Si
1057 3431 1218 3517 quis
1271 3450 1354 3500 ex
1409 3431 1748 3503 mandato
1798 3433 2090 3503 alterius
2145 3432 2406 3520 patrini
2448 3432 2666 3501 vicem
2723 3427 3217 3512 36501111,ῃο11

573 3534 709 3606 sibi
780 3538 904 3607 sed
963 3540 1334 3613 mandanti
1388 3545 1881 3632 cognationem
1938 3563 2094 3613 cum
2151 3545 2565 3612 conlirmato
2619 3540 3000 3611 contrahit.
3060 3532 3214 3606 Nam

575 3648 646 3719 S.
683 3646 755 3718 C.
801 3649 1009 3720 Conc.
1054 3653 1124 3721 in
1165 3654 1449 3725 Nullius
1511 3655 1624 3724 15.
1671 3652 1875 3724 Mart.
1925 3655 2136 3724 1631.
2181 3649 2345 3746 (lib.
2382 3652 2497 3724 14.
2533 3654 2787 3724 decret.
2824 3671 2991 3742 paq.
3026 3639 3216 3737 398.)

577 3763 897 3832 censuit:
946 3787 981 3828 (ι
1017 3761 1571 3854 Procuratorem,
1607 3767 1727 3854 qui
1770 3767 2055 3836 nomine
2095 3767 2388 3836 alterius
2425 3766 2764 3854 suscepit,
2801 3763 2905 3832 vel
2941 3761 3027 3831 ad
3065 3757 3220 3826 Coo-

580 3895 617 3938 »
659 3873 1130 3945 firmationem
1174 3879 1428 3963 tenuit,
1473 3897 1612 3947 non
1653 3878 2071 3947 contrahere
2125 3878 2619 3966 cognationem
2676 3873 2807 3943 sibi
2866 3872 2991 3942 sed
3043 3885 3220 3940 man·

581 4008 617 4052 ›
662 3985 888 4058 danti.
921 4012 957 4054 ›
1003 3985 1320 4078 Idipsum
1361 3990 1804 4059 confirmavit
1846 3992 1915 4058 in
1964 3989 2305 4060 Theatina
2348 3989 2460 4058 13.
2508 3985 2703 4076 Sept.
2753 3986 2998 4072 1721„
3041 3981 3219 4052 cuius

577 4099 944 4168 occasione
999 4100 1071 4168 in
1124 4101 1295 4191 solio
1352 4101 1571 4171 relato
1626 4103 1746 4170 23.
1810 4101 1987 4190 Aug.
2048 4100 2366 4169 eiusdem
2422 4101 2587 4169 anni
2663 4098 2931 4167 multae
2988 4098 3054 4164 iu
3105 4088 3216 4158 ad-

577 4226 854 4278 versum
911 4210 1275 4282 doctorum
1333 4213 1703 4303 opiniones
1772 4210 2200 4298 reserentur,
2263 4230 2448 4298 quae
2524 4217 2762 4280 tamen
2837 4197 3219 4277 auctoritati

582 4316 652 4388 S.
696 4318 1275 4412 Congregationis
1331 4322 1556 4394 fasces
1611 4323 1997 4393 subiici-ant
2050 4328 2353 4413 oportet.

729 4431 891 4502 145.
936 4429 1346 4505 Invaluerat
1402 4437 1565 4505 olim
1625 4454 1795 4504 usus
1835 4437 1905 4504 in
1944 4434 2247 4504 dioecesi
2290 4431 2640 4502 Fesnlana
2695 4428 3085 4500 Hetruscae
3131 4420 3227 4492 di-

577 4541 819 4626 tionis,
865 4550 939 4613 111
977 4546 1047 4615 in
1095 4546 1709 4617 administratione
1750 4543 2188 4616 Sacramenti
2228 4541 2782 4614 Corlirmationis
2822 4559 3007 4610 unus
3042 4539 3227 4608 dum-

581 4659 783 4724 taxat
838 4673 962 4744 pro
1015 4656 1345 4726 omnibus
1402 4657 1732 4727 masculis
1787 4676 1829 4725 a
1881 4656 2187 4747 parocho
2242 4655 2355 4724 vel
2408 4654 2497 4724 ab
2537 4650 2890 4744 Episcopo
2944 4651 3227 4740 deputa-
