3497 5235
525 286 650 360 ⁰⁸1*-
675 285 751 343 11.
788 286 862 345 Do
899 284 1164 360 Episcopo,
1200 284 1613 360 Archiopinopo,
1651 284 1882 345 Prin-t·
1921 284 1980 344 ot
2017 285 2348 347 Patrium
2390 286 2444 361 ἓ.
2472 285 2523 343 2.
2754 284 2868 347 165

327 423 450 494 48.
509 418 802 493 Solvere
855 420 1427 511 procurationem
1486 426 1825 493 tenentur
1876 419 2093 493 etiam
2147 419 2481 491 sodalitia
2535 419 2871 493 ecclesia-

196 539 390 623 stica,
444 535 736 624 aliaque
777 534 893 624 pia
931 534 1112 605 loca.
1170 528 1256 603 In
1296 532 1716 604 Mar-sicana
1772 533 1899 603 15.·
1932 533 2132 623 Sept.
2164 533 2386 604 1636.
2428 533 2503 604 S.
2536 530 2611 604 C.
2647 530 2861 604 Conc.
2932 613 2939 620 ⁴

194 647 601 739 respondit:
680 665 719 711 ι
758 642 1191 735 Episcopum
1249 643 1543 714 visitare
1592 660 1801 732 posse
1851 643 2481 717 confraternitates
2532 644 2871 718 ecclesia-

199 786 232 828 »
263 760 508 846 sticaS‚
566 764 640 830 et
692 757 834 828 alia
887 756 1039 829 loca
1094 757 1214 848 pia
1266 773 1808 846 quaecumque,
1868 761 1939 827 et
1992 755 2239 827 deberi
2296 757 2869 847 procurationem

201 897 236 939 ›
267 891 308 942 a
346 870 522 942 locis
559 869 865 940 visitatis
901 866 1633 961 proportionabiliter,
1666 865 1918 939 habita
1959 873 2197 939 tamen
2239 869 2516 940 ratione
2550 868 2872 940 omnium

206 1010 238 1052 ι
271 983 524 1056 eodem
563 982 682 1055 die
720 981 1265 1054 visitandorum.
1296 1007 1333 1050 ›
1374 978 1535 1051 Lib.
1572 981 1690 1051 15.
1722 980 1994 1053 decret.
2032 1000 2198 1072 pag.
2228 980 2430 1070 422,
2463 978 2689 1073 Crisp.
2723 980 2776 1051 l.
2801 999 2869 1053 c.

203 1114 271 1168 n.
313 1095 429 1166 12.
487 1091 677 1167 Item
732 1093 807 1165 in
844 1093 1259 1165 Auximana
1308 1093 1380 1164 8.
1423 1089 1632 1164 Febr.
1675 1096 1744 1163 et
1789 1092 1903 1163 15.
1949 1089 2158 1164 Mart.
2199 1093 2413 1164 1727.
2456 1092 2678 1165 dubia
2715 1111 2879 1184 pro-

202 1210 418 1303 posita
470 1214 698 1279 sunt:
758 1227 797 1273 ι
843 1206 910 1277 1.
949 1203 1059 1277 An
1110 1206 1517 1297 procuratio
1568 1206 1663 1278 sit
1715 1206 2152 1296 praestanda
2202 1223 2331 1297 per
2384 1204 2877 1278 contributum

205 1320 360 1392 »ab
412 1318 759 1390 omnibus
816 1317 1174 1410 parochis,
1230 1316 1702 1405 beneficiatis,
1761 1319 2104 1405 ecclesiis,
2162 1318 2614 1390 monasteriis
2682 1315 2880 1412 (vide

207 1456 242 1498 ›
273 1451 346 1502 n.
386 1430 585 1527 56.)‚
641 1436 715 1502 et
766 1428 1480 1501 confraternitatibus
1533 1430 1798 1502 montis
1841 1425 2319 1503 Philottrani‘ss
2373 1428 2463 1503 Et
2516 1434 2879 1520 quatenus

207 1543 753 1631 ›affirmative3
809 1544 885 1613 2.
940 1541 1042 1613 An
1112 1541 1448 1632 parochi,
1514 1543 1641 1632 qui
1693 1541 2232 1615 substituerunt
2304 1547 2529 1614 totum
2595 1540 2881 1631 pondus

209 1683 239 1722 ›
271 1654 801 1747 procurationis
851 1654 928 1725 in
978 1654 1349 1725 retroactis
1401 1653 1937 1728 visitationibus
1988 1655 2138 1727 sint
2175 1652 2882 1746 proportionabiliter

208 1794 242 1835 ι
275 1767 795 1858 reintegrandi,
826 1772 900 1838 et
933 1785 974 1836 a
1002 1782 1145 1854 quo
1174 1762 1436 1837 debeat
1479 1764 1628 1836 lieri
1668 1766 2002 1856 repetitio
2040 1776 2113 1838 et
2149 1766 2426 1838 exactio
2455 1767 2528 1836 in
2560 1760 2876 1836 causat»

205 1876 268 1952 S.
295 1876 372 1950 C.
412 1876 843 1969 respondit:
904 1900 941 1942 ι
976 1876 1081 1948 Ad
1123 1876 1189 1947 1.
1224 1875 1694 1965 affirmative3
1735 1877 1829 1948 ad
1864 1879 1938 1948 2.
1982 1877 2408 1950 affirmative
2444 1895 2571 1969 pro
2608 1876 2884 1947 ultimis

209 1988 932 2082 ›procurationibus,
990 1993 1063 2060 et
1113 1989 1454 2080 ampliuS‚
1511 1985 1740 2081 (quod
1795 1996 1932 2078 est,
1973 1996 2044 2062 et
2082 1991 2390 2081 amplius
2442 2011 2583 2063 non
2626 2009 2887 2082 propo-
2964 2053 2971 2062 .

208 2100 478 2198 natur).
513 2126 555 2170 ›
612 2097 800 2173 Item
853 2099 927 2170 in
984 2098 1194 2172 civit.
1242 2102 1433 2175 Cast.
1493 2101 1614 2173 28.
1674 2097 1853 2172 Nov.
1904 2102 2153 2190 1733.,
2211 2109 2286 2175 et
2332 2098 2608 2174 9.1an.
2654 2102 2874 2173 1734.

209 2216 291 2288 ad
329 2217 401 2285 1.
442 2221 518 2288 et
572 2212 791 2298 alibi3
847 2212 1263 2302 praesertim
1302 2212 1744 2285 consulenda
1799 2221 1907 2286 est
1959 2215 2173 2285 etiam
2229 2211 2305 2285 S.
2345 2211 2421 2284 C.
2463 2211 2754 2285 Concilii
2807 2214 2888 2283 in

214 2325 681 2419 Senoqallien.
728 2264 1029 2395 13r0cur.
1087 2322 1181 2395 ad
1233 2323 1422 2395 diem
1481 2324 1597 2394 11.
1640 2321 1807 2397 Dec.
1857 2326 2070 2397 1765.
2131 2345 2173 2396 a
2224 2324 2298 2421 ἓ.
2344 2327 2569 2398 Sacra
2625 2325 2881 2416 Conqr.

209 2447 272 2511 et
319 2456 516 2528 seq„
575 2434 702 2508 ubi
754 2435 996 2526 plures
1047 2435 1182 2507 hac
1233 2436 1324 2508 de
1376 2454 1452 2507 re
1507 2434 2030 2509 declarationes
2080 2443 2587 2527 congeruntur.

347 2551 474 2622 49.
521 2547 575 2619 Α
611 2547 1108 2639 procuratione
1162 2547 1505 2621 solvenda
1559 2549 1917 2621 immunes
1970 2567 2116 2621 non
2165 2555 2334 2622 sunt
2370 2545 2820 2640 Regulares
2805 2548 2884 2637 ii,

209 2664 328 2754 qui
377 2660 779 2733 visitationi
833 2660 1221 2752 episcopali
1292 2661 1597 2734 subiecti
1661 2668 1875 2747 sunt,
1944 2661 2081 2743 nisi
2152 2680 2280 2754 pro
2343 2680 2485 2733 non
2537 2660 2888 2734 solvenda

207 2773 711 2866 procuratione
762 2771 1074 2860 speciale
1125 2778 1196 2844 et
1248 2772 1698 2845 individuum
1769 2770 2091 2845 habeant
2156 2773 2634 2864 privilegium.
2694 2769 2766 2843 S.
2809 2768 2886 2843 C.

206 2888 278 2959 in
328 2886 762 2961 Passavien.
828 2885 895 2955 1.
936 2880 1094 2956 Oct.
1152 2885 1400 2973 1661.,
1458 2903 1676 2975 quam
1730 2883 1948 2957 refert
1980 2882 2206 2977 Crisp.
2253 2883 2385 2955 loc.
2428 2884 2548 2955 cit.
2609 2900 2683 2952 n.
2733 2881 2885 2966 13..

207 3001 626 3091 Auqustana
683 2995 800 3066 14.
844 2992 1179 3067 Decemb.
1217 2996 1431 3069 1630.
1474 2991 1636 3089 (lib.
1676 2996 1793 3066 14.
1827 2995 2096 3068 decret.
2143 3013 2305 3087 pag.
2341 2990 2577 3087 356.).
2618 2990 2894 3064 Consu-

208 3110 421 3183 lenda
474 3106 929 3183 collectanea
964 3105 1274 3180 Bizzarri
1326 3126 1491 3199 pag.
1534 3108 1739 3196 291.,
1798 3107 1923 3180 ubi
1976 3108 2412 3193 declaratur,
2469 3122 2610 3177 non
2673 3104 2892 3178 licere

208 3218 566 3313 Episcopo
617 3226 1013 3291 conventus
1049 3237 1305 3310 parvos
1339 3220 1660 3291 visitanti
1696 3218 1973 3309 aliquid
2011 3221 2332 3311 accipere
2369 3217 2896 3309 procurationis

214 3351 534 3407 nornine.

355 3446 484 3518 50.
539 3442 991 3533 Quandoque
1029 3443 1316 3530 accidit,
1373 3450 1455 3515 ut
1507 3444 1941 3534 inquiratur,
1999 3462 2094 3514 an
2147 3443 2538 3535 municipia
2592 3441 2682 3514 ad
2735 3458 2901 3532 pro-

213 3557 664 3629 curationem
715 3555 1128 3627 solvendam
1182 3561 1594 3627 teneantur.
1663 3552 1751 3626 In
1806 3556 2476 3645 Caesarauqustana
2526 3548 2747 3648 (quae
2793 3570 2904 3623 re-
2984 3618 2989 3623 ,

214 3668 443 3739 fertur
478 3669 556 3739 in
593 3665 763 3737 folio
800 3665 1221 3739 Tudertinae
1248 3668 1549 3739 Procur.
1593 3666 1736 3738 diei
1774 3667 1895 3738 30.
1930 3663 2068 3738 Iul.
2109 3666 2389 3761 1735.)‚
2436 3690 2473 3732 ι
2499 3683 2656 3738 cum
2697 3682 2904 3756 prae-

215 3804 254 3848 »
290 3780 494 3853 sides
547 3779 861 3850 locorum
899 3784 971 3850 et
1005 3779 1428 3870 oppidorum
1474 3779 2016 3870 Archiepiscopo
2053 3796 2137 3849 ea
2183 3779 2503 3851 visitanti
2559 3776 2901 3849 victualia

218 3916 252 3958 ›
289 3899 369 3965 et
420 3890 736 3979 hospitia
790 3897 1152 3979 praestare
1203 3892 1769 3978 consuevissent,
1810 3890 2021 3980 eique
2074 3910 2116 3961 a
2169 3896 2441 3962 rectore
2493 3895 2565 3962 et
2618 3886 2904 3959 vicariis

215 4029 251 4072 ›
288 4002 674 4096 perpetuis
727 4000 1240 4091 parochialium
1289 4000 1754 4074 ecclesiarum
1799 4003 2077 4074 ratione
2114 4002 2416 4073 aliorum
2453 4007 2902 4090 sumptuum,

215 4140 250 4183 ν
290 4133 486 4206 quos
533 4114 909 4186 occasione
965 4112 1392 4185 visitationis
1442 4112 1595 4184 fieri
1634 4113 2125 4206 contingebat,
2168 4112 2522 4202 quaedam
2564 4110 2909 4201 pecunia-

216 4251 252 4294 »
289 4245 462 4298 rum
514 4244 798 4297 summa
849 4226 1398 4316 persolveretur,
1469 4226 1656 4298 idem
1713 4225 2307 4318 Arcbiepiscopus
2371 4222 2721 4296 declarari
2788 4239 2915 4312 po-

218 4365 253 4406 »
289 4338 628 4426 stulavit,
687 4356 785 4408 an
838 4355 964 4428 per
1013 4336 1223 4410 Conc.
1266 4333 1458 4409 Trid.
1517 4356 1581 4410 c.
1622 4340 1695 4409 3.
1752 4356 1932 4409 sesS.
1973 4336 2096 4407 24.
2157 4341 2395 4430 posset
2446 4333 2627 4407 haec
2671 4332 2918 4405 obser-

217 4474 253 4519 »
289 4450 553 4522 vantia
588 4449 1091 4539 antiquissima
1127 4450 1342 4541 exigi.
1374 4475 1410 4518 ›
1469 4447 1556 4520 Et
1606 4447 1680 4520 S.
1713 4447 1787 4521 C.
1830 4446 1967 4519 sub
2004 4465 2195 4519 anno
2237 4447 2452 4519 1581.
2495 4446 2910 4539 respondit:

220 4585 255 4629 ‹
292 4560 756 4636 servandam
807 4578 965 4633 esse
1017 4562 1609 4634 consuetudinem
1664 4559 2009 4632 ecclesiae
2067 4557 2346 4645 utilem,
2404 4558 2463 4627 si
2518 4558 2917 4630 communi-

222 4696 259 4740 ι
299 4679 499 4745 tates
550 4690 700 4745 non
752 4680 1329 4763 conquerantur3
1385 4670 1826 4745 laudabilius
1895 4676 2140 4743 tamen
2193 4685 2392 4757 esse,
2447 4675 2532 4742 ut
2599 4687 2735 4742 nec
2789 4669 2916 4740 illo
