3497 5235
1339 308 1604 367 Pras-tio
1644 308 1892 367 auctorit.
2827 324 2950 370 xm

285 438 582 524 faciam.
631 438 791 524 Hic
854 467 1045 525 vero
1108 441 1427 528 silentio
1492 443 1930 554 praeterire
1973 443 2240 546 nolim,
2307 443 2507 530 nulli
2568 472 2716 530 nec
2781 453 2951 531 stu-

284 578 426 681 dio,
470 608 623 666 nec
688 579 971 679 labori,
1016 608 1165 666 nec
1231 582 1700 693 diligentiae
1766 612 1897 669 me
1962 585 2440 694 pepercisse,
2485 593 2578 671 ut
2639 587 2900 672 fontes
2928 651 2949 690 ,

285 745 375 803 ex
440 718 736 827 quibus
800 746 983 802 mea
1044 720 1306 804 omnia
1370 730 1678 807 asserta
1740 721 2000 824 hausi,
2043 724 2290 831 vulgo
2334 731 2738 827 citatzbnes,
2785 724 2950 811 sive

284 856 409 942 SS.
478 858 667 960 OG„
734 857 903 942 sive
947 861 1360 943 doctorum
1402 859 1843 948 aliorumve
1907 864 2010 945 ab
2076 862 2286 946 omni
2339 861 2615 972 procul
2680 890 2949 948 errore

284 996 431 1080 sint
491 996 895 1082 immunes
929 1060 949 1097 ,
1021 1004 1102 1082 et
1164 998 1762 1084 accuratissime
1829 1000 1982 1083 sibi
2063 999 2535 1084 conveniant
2617 1027 2951 1110 respon-

282 1138 722 1245 deantque3
791 1135 1108 1243 quando
1191 1136 1405 1220 enim
1467 1134 1752 1222 lectori
1843 1136 2229 1222 benevolo
2294 1137 2613 1246 placeat
2705 1137 2949 1224 hosce

282 1275 537 1358 sontes
632 1301 779 1382 per
843 1300 930 1357 se
1023 1300 1599 1385 recognoscere
1667 1279 1747 1360 et
1815 1282 2228 1376 excutere,
2294 1274 2617 1359 minime
2652 1338 2671 1376 ‚
2738 1279 2950 1384 quod

284 1441 520 1523 saepe
585 1413 720 1514 fit,
784 1412 1141 1499 fastidire
1218 1442 1311 1497 ac
1397 1440 1869 1498 succensere
1955 1412 2334 1513 debebit,
2403 1411 2471 1495 si
2534 1412 2616 1496 id
2651 1477 2670 1514 ,
2738 1419 2950 1521 quod

286 1551 425 1635 sibi
492 1551 886 1661 proponit,
930 1552 1414 1636 adamussim
1481 1551 1804 1661 assequi
1858 1579 1951 1635 ac
2013 1550 2365 1661 reperire
2431 1557 2806 1659 nequeat.
2856 1555 2951 1637 In

286 1716 435 1797 quo
501 1698 778 1774 tamen
843 1690 1236 1775 monitum
1301 1690 1580 1791 velim,
1636 1690 2065 1799 aliquando
2131 1718 2257 1776 me
2324 1691 2739 1774 doctorum
2804 1720 2948 1774 au-

285 1826 692 1911 ctoritates
756 1826 921 1911 suis
999 1827 1263 1912 verbis
1330 1855 1430 1911 ex
1518 1834 1688 1912 toto
1754 1825 2156 1914 attulisse:
2222 1827 2304 1910 in
2367 1826 2494 1911 his
2570 1828 2820 1937 igitur
2884 1829 2949 1913 si

288 1993 440 2075 qua
504 1966 714 2050 forte
782 1964 1158 2076 allegatio
1222 1966 1452 2050 fallat
1515 1964 1640 2051 vel
1708 1964 2125 2067 claudicet,
2169 1964 2408 2049 huius
2463 1966 2581 2050 rei
2646 1967 2947 2076 pericu-

287 2104 443 2187 lum
507 2104 592 2187 in
656 2131 785 2188 me
827 2132 1344 2213 nequaquam
1408 2132 1724 2215 semper
1787 2102 1993 2188 velle
2038 2104 2430 2214 recipere:
2498 2104 2692 2187 satis
2737 2104 2950 2188 enim

285 2242 454 2345 fuit,
500 2241 570 2325 si
635 2242 1072 2327 auctoritas
1137 2242 1491 2352 allegata
1554 2271 1800 2328 verax
1863 2241 1989 2345 sit,
2029 2248 2111 2328 et
2153 2242 2403 2327 amice
2471 2244 2940 2329 consentiat.

467 2378 879 2489 Superest,
923 2389 1016 2467 ut
1047 2381 1314 2491 aliqua
1380 2384 1479 2467 de
1544 2381 1790 2465 huius
1824 2381 2087 2491 operis
2150 2381 2500 2467 utilitate
2567 2381 2945 2491 eloquar:

279 2548 545 2631 neque
609 2522 822 2608 enim
865 2550 1071 2631 quae
1137 2549 1380 2632 supra
1445 2522 1545 2606 de
1602 2519 1948 2605 auctoris
2011 2522 2408 2607 tenuitate
2472 2527 2947 2632 persecutus

280 2686 480 2761 sum,
561 2659 645 2743 in
708 2660 1024 2771 egregii
1087 2689 1180 2745 ac
1243 2659 1635 2770 praeclari
1699 2659 1952 2744 nostri
2016 2659 2492 2769 typographi
2555 2659 2949 2745 iacturam

278 2824 617 2907 vergere
681 2797 966 2907 patiar.
1011 2799 1124 2884 Ut
1185 2825 1357 2884 rem
1419 2796 1741 2882 brevius
1809 2796 2251 2906 expediam,
2327 2808 2621 2899 tecum,
2695 2796 2948 2882 lector

280 2936 692 3038 benevole,
757 2936 911 3021 hac
972 2945 1159 3020 utar
1223 2935 1766 3020 similitudine.
1842 2934 1926 3021 Si
2004 2964 2246 3044 quam
2311 2962 2409 3020 ex
2492 2935 2947 3045 praecipuis

276 3075 500 3158 urbis
566 3073 922 3176 officinis,
982 3077 1122 3158 ubi
1186 3075 1662 3184 peregrinae
1727 3101 2037 3160 merces
2135 3073 2463 3158 venales
2528 3080 2946 3183 prostant,

275 3210 702 3314 introieriS,
758 3211 1013 3298 multa
1079 3241 1180 3298 ex
1240 3212 1450 3313 lana,
1493 3212 1659 3296 lino
1708 3215 1792 3296 et
1833 3210 2296 3296 holosericis
2336 3216 2674 3320 argento
2718 3239 2951 3297 auro-

277 3377 432 3457 que
504 3356 872 3436 contexta
903 3413 922 3452 ,
989 3349 1244 3436 multa
1323 3349 1608 3435 aulaea
1675 3349 1873 3433 miro
1967 3348 2298 3434 artificio
2376 3348 2786 3435 elaborata
2854 3378 2947 3433 ac

279 3487 615 3597 depicta,
659 3487 981 3598 aliaque
1024 3488 1445 3573 innumera
1508 3486 1832 3571 maximi
1874 3486 2110 3597 pretii
2159 3487 2784 3599 peripetasmata
2825 3487 2949 3571 in-

276 3627 576 3711 venies
654 3627 764 3712 At
827 3626 1195 3712 dominus
1288 3626 1646 3712 officinae
1715 3653 1852 3711 eas
1915 3623 2221 3711 merces
2285 3652 2446 3711 non
2539 3626 2800 3712 texuit
2864 3632 2951 3711 et
3057 3666 3077 3687 ·

284 3765 745 3870 elaboravit,
792 3768 938 3852 sed
968 3773 1282 3853 tantum
1327 3795 1475 3852 sua
1539 3765 1881 3876 pecunia
1915 3767 2227 3868 coemit,
2270 3766 2540 3876 ibique
2607 3792 2947 3875 conges-

280 3901 404 3989 sit.
467 3904 697 3993 Anne
760 3903 1053 3990 idcirco
1126 3904 1451 3989 minoris
1516 3907 1800 3989 eadem
1885 3904 2388 3989 aestimabis‘l
2451 3907 2632 3991 Non
2713 3932 2947 3994 secus

280 4042 481 4128 mihi
540 4043 935 4147 usuvenit,
974 4043 1111 4152 qui
1172 4041 1786 4153 pretiosissimas
1852 4043 2229 4128 nimirum
2292 4072 2483 4154 opes
2552 4073 2652 4129 ex
2717 4072 2948 4130 cano-

278 4181 437 4264 nici
504 4181 719 4286 iuriS,
757 4181 1396 4293 Apostolicarum
1462 4181 2162 4286 Constitutionum,
2218 4183 2639 4292 almaeque
2704 4183 2945 4268 Urbis

280 4318 414 4405 SS.
468 4318 616 4406 OG.
675 4319 1302 4407 declarationum
1358 4319 1763 4405 thesauris
1816 4319 2129 4431 collegi,
2186 4349 2482 4431 easque
2546 4321 2629 4406 in
2693 4351 2947 4406 unum

281 4459 691 4544 cumulum
755 4463 1119 4545 redactas
1184 4458 1533 4545 exhibui.
1581 4462 1704 4546 Ex
1767 4461 1964 4562 hoc,
2028 4488 2265 4547 nemo
2347 4489 2506 4546 non
2572 4467 2741 4564 est,
2808 4461 2948 4570 qui

280 4593 582 4706 aliquid
642 4597 724 4681 in
767 4626 994 4683 suam
1037 4597 1471 4685 utilitatem
1517 4624 1802 4708 capere
1857 4607 2231 4708 nequeat.
2280 4601 2552 4703 Porro,
2598 4599 2944 4709 seposito
