3497 5235
1004 313 1126 388 ⁰⁸1²·
1150 310 1246 373 111.
1284 314 1358 372 Do
1399 313 1533 372 clero
1572 314 1845 374 monui.
1889 317 1942 391 ἓ.
1968 314 2017 372 1.
2728 309 2848 375 277

239 439 483 516 Constit.
524 467 561 510 ι
603 447 999 519 Praeclara
1032 447 1286 520 decora
1323 473 1361 515 »
1415 447 1489 543 g.
1534 448 1603 521 6.
1646 448 1789 520 diei
1831 448 1945 521 19.
1988 444 2282 521 Ianuar.
2313 447 2560 535 1748„
2602 445 2849 536 ibique

241 555 475 645 repetit,
515 556 605 627 ab
658 559 774 646 iis,
816 558 1048 649 quiin
1101 558 1313 631 choro
1350 579 1494 631 non
1546 560 1895 650 psallunt,
1940 560 2212 633 fructus
2247 579 2391 632 non
2440 560 2595 631 fieri
2647 576 2843 647 suOS,

241 685 478 756 unaque
525 665 877 762 Episcopo
910 723 929 760 ,
992 672 1108 742 cui
1166 670 1605 762 Apostolicae
1659 672 1823 744 illae
1885 669 2166 744 Literae
2222 673 2479 743 missae
2533 670 2847 758 fuerant,

242 775 599 851 facultatem
652 781 1072 854 absolvendi
1125 801 1247 854 eos
1280 784 1648 876 elargitur,
1690 785 1816 874 qui
1868 789 2199 857 anteacto
2236 789 2554 875 tempore
2606 783 2854 855 bacin

238 895 401 981 parte
445 899 939 981 peccaverant.

356 1002 414 1072 6.
450 1000 643 1085 Quae
679 1022 842 1075 cum
875 1005 974 1077 ita
1010 1006 1183 1094 sint,
1223 1007 1481 1078 mirum
1517 1025 1673 1080 esse
1710 1025 1854 1078 non
1892 1006 2134 1095 debet,
2174 1008 2234 1079 si
2271 1009 2344 1078 S.
2380 1004 2593 1098 Cong.
2638 1004 2850 1078 Conc.

237 1111 458 1201 pluries
508 1114 936 1204 declaravit,
1001 1134 1209 1208 posse
1259 1115 1690 1211 Episcopum
1757 1120 2119 1190 canonicis
2170 1120 2397 1211 legem
2454 1117 2714 1207 facere,
2777 1124 2859 1192 ut

238 1232 480 1296 cantum
516 1223 1029 1317 Gregorianum
1068 1227 1471 1318 addiscant,
1511 1230 2117 1320 quemadmodum
2157 1231 2397 1303 videre
2433 1236 2541 1302 est
2590 1231 2668 1302 in
2702 1231 2861 1304 Μα-

238 1352 388 1407 rana
431 1337 880 1409 Mansionar.
929 1339 1044 1409 19.
1085 1337 1263 1411 Nov,
1310 1340 1557 1430 1735„
1602 1343 1804 1413 cuius
1843 1342 1916 1413 in
1966 1342 2139 1435 folio
2174 1342 2582 1414 referuntur
2615 1342 2862 1432 singu-

233 1447 325 1521 lae
368 1449 877 1522 declarationes
928 1451 1002 1522 in
1055 1452 1245 1524 hanc
1293 1471 1445 1524 rem
1499 1473 1538 1523 a
1592 1450 1782 1524 S.‘C.
1823 1453 2170 1547 prolatae.
2223 1450 2457 1525 Unam
2507 1453 2705 1524 iuvat
2757 1450 2864 1524 at-

236 1557 384 1633 ierre
431 1580 720 1634 causam
770 1563 1236 1636 Andriensem
1276 1565 1391 1635 14.
1433 1560 1641 1635 Mart.
1689 1565 1903 1636 1620.
1947 1559 2108 1660 (lib.
2156 1565 2274 1637 12.
2316 1565 2569 1637 decret.
2614 1583 2692 1655 p.
2732 1561 2857 1638 30.

232 1678 287 1744 et
324 1669 499 1770 to),
553 1676 625 1746 in
681 1694 824 1765 qua
877 1676 1012 1748 hoc
1064 1676 1426 1749 decretum
1480 1677 1753 1750 editum
1807 1684 1966 1749 est:
2015 1700 2053 1742 (ε
2105 1677 2537 1769 Episcopum
2599 1676 2863 1749 debere

237 1808 267 1849 ν
296 1790 469 1859 omni
523 1789 764 1862 studio
817 1795 888 1860 et
939 1788 1309 1881 diligentia
1345 1790 1548 1878 eniti,
1592 1796 1670 1861 ut
1708 1791 2057 1880 praedicti
2110 1809 2359 1862 omnes
2393 1795 2686 1862 cantum
2737 1790 2868 1862 ad-

234 1918 265 1963 >
297 1897 607 1989 discant;
664 1904 881 1989 atque
936 1902 1009 1971 in
1046 1919 1193 1989 eos,
1236 1903 1358 1991 qui
1411 1903 1485 1972 in
1522 1902 1761 1989 choro,
1800 1908 2013 1993 prout
2067 1907 2432 1990 tenentur,
2473 1919 2618 1974 non
2671 1900 2865 1993 psal-

231 2029 261 2074 »
295 2007 466 2099 lunt,
507 2028 716 2101 posse
768 2011 1152 2101 procedere
1205 2014 1421 2084 etiam
1474 2032 1601 2104 per
1653 2013 2216 2086 subtractionem
2285 2013 2863 2102 quotidianarum

223 2120 895 2196 >distributionum
942 2149 979 2192 »
1016 2122 1214 2198 Haec
1290 2132 1530 2198 autern
1585 2145 1666 2198 eo
1736 2127 1964 2218 magis
2015 2127 2159 2199 vim
2234 2125 2501 2198 habere
2563 2125 2869 2202 dicenda

219 2240 377 2306 sunt
424 2237 496 2306 in
550 2235 751 2326 lociS,
801 2253 984 2325 quae
1036 2238 1443 2330 provinciae
1518 2235 1892 2310 Romanae
1943 2238 2488 2330 obtemperant3
2545 2235 2871 2327 quando·-

226 2347 490 2434 quidem
546 2347 936 2421 Concilium
992 2346 1396 2422 Romanum
1457 2351 1630 2421 anni
1687 2350 1899 2422 1725.
1966 2350 2102 2423 Tit.
2165 2349 2358 2421 XVI.
2416 2368 2574 2439 cap.
2630 2346 2704 2421 3.
2765 2347 2874 2419 di-

221 2459 412 2531 sertis
462 2460 700 2532 verbis
750 2462 1096 2553 praecipit
1150 2463 1422 2535 clericis
1475 2462 1853 2551 universiS,
1895 2468 1976 2534 ut
2028 2467 2319 2534 cantum
2364 2460 2874 2554 Greqorianum

209 2568 619 2654 addiscant,
657 2572 980 2663 adeoque
1033 2575 1340 2667 idipsum
1395 2575 1617 2646 multo
1673 2574 1959 2666 gravius
2007 2594 2049 2646 a
2103 2573 2467 2647 canonicis
2516 2571 2606 2645 ob
2660 2589 2876 2664 supe-

219 2679 354 2752 rius
408 2684 667 2755 allatas
718 2704 972 2757 causas
1024 2687 1303 2777 exigere
1357 2685 1625 2758 debent
1676 2684 2037 2778 Episcopi.

352 2793 424 2864 7.
467 2791 676 2867 Nunc
725 2796 816 2869 de
891 2797 1387 2870 vacationibus
1439 2805 1509 2871 et
1561 2798 2050 2870 substituendi
2125 2797 2464 2871 facultate
2516 2795 2874 2888 agendum

214 2906 661 2996 suscipimus.
704 2905 1246 2999 Sapientissima
1308 2917 1531 2982 mater
1581 2908 1902 2983 Ecclesia
1978 2928 2300 2983 severam
2351 2910 2589 2999 legum
2639 2911 2877 2979 custo-

204 3013 397 3087 diam
451 3037 614 3091 cum
650 3017 1097 3111 benignitate
1136 3029 1569 3112 temperans,
1613 3022 1785 3094 dum
1822 3022 2132 3095 officium
2179 3020 2500 3092 divinum
2555 3019 2629 3088 in
2665 3016 2876 3088 choro

206 3131 514 3215 persolvi
570 3133 979 3223 gravissime
1035 3132 1262 3220 iubet,
1304 3134 1517 3205 trium
1565 3135 1880 3225 spatium
1934 3135 2288 3206 mensium
2326 3130 2695 3221 elargitur,
2735 3144 2878 3216 quo

206 3235 553 3314 honestae
607 3244 827 3314 animi
880 3251 950 3316 et
1001 3245 1312 3336 corporis
1349 3245 1769 3316 recreationi
1822 3246 2195 3336 indulgere
2238 3244 2477 3315 liceat.
2517 3236 2605 3312 Id
2656 3259 2698 3309 a
2733 3233 2883 3309 Tri-

197 3348 525 3426 dentinis
562 3351 896 3428 Patribus
931 3357 1222 3447 speciali
1258 3357 1625 3429 sanctione
1662 3362 2011 3428 statutum
2050 3362 2160 3428 est
2194 3374 2351 3446 cap.
2387 3352 2504 3427 12.
2543 3353 2721 3425 Sess.
2748 3348 2877 3423 24.

193 3461 282 3532 de
335 3467 659 3558 Reform.
704 3485 787 3537 eo
840 3469 1017 3556 loc0,
1060 3486 1272 3558 quem
1326 3487 1542 3559 supra
1597 3468 1771 3559 ipsis
1823 3467 2062 3539 verbis
2114 3465 2513 3538 retulimus

347 3574 796 3649 Monendum
858 3585 1099 3652 tamen
1153 3585 1287 3667 est,
1351 3598 1478 3670 per
1529 3579 1914 3670 allegatum
1969 3578 2333 3656 decretum
2411 3594 2556 3648 non
2606 3575 2884 3647 censeri

197 3684 599 3780 abrogatas
650 3691 1048 3781 peculiares
1102 3692 1673 3778 constitutiones,
1717 3689 1982 3780 quibus
2033 3689 2554 3783 praescriptum
2608 3689 2742 3773 est,
2806 3688 2886 3755 ut

185 3798 406 3869 nulla
464 3800 991 3891 intermissione
1043 3821 1170 3894 per
1219 3809 1448 3874 totum
1501 3821 1770 3873 annum
1829 3820 2012 3875 onus
2072 3801 2358 3874 chorale
2412 3797 2879 3889 compleatur.

183 3904 384 3982 Nam
428 3912 504 3982 S.
537 3908 611 3981 C.
654 3909 729 3984 C.
769 3914 845 3983 in
874 3914 1222 3986 Mutinen.
1257 3911 1472 3986 1513.
1513 3907 1678 4008 (lib.
1715 3913 1784 3985 1.
1827 3914 2082 3986 decret.
2115 3933 2195 4005 p.
2241 3905 2452 4007 168.)
2510 3932 2550 3976 α
2579 3908 2885 3996 censuit,

191 4046 229 4087 ι
271 4024 516 4093 trium
570 4024 925 4095 mensium
987 4024 1391 4096 absentiam
1471 4042 1612 4096 non
1687 4025 1982 4098 concedi
2034 4023 2400 4095 canonicis
2478 4039 2565 4092 ex
2617 4019 2884 4091 decret.

180 4159 223 4202 ι
265 4130 512 4206 Conc.
553 4129 744 4206 Trid.
791 4138 971 4208 Sess.
1008 4135 1135 4207 24.
1178 4156 1334 4227 cap.
1382 4135 1536 4217 12„
1574 4136 1635 4206 si
1681 4133 2313 4207 constitutionibus
2350 4131 2690 4204 ecclesiae
2742 4147 2891 4201 ser-

185 4270 224 4312 ›
266 4247 552 4317 vitium
591 4245 867 4336 absque
902 4247 1048 4318 ulla
1087 4247 1611 4320 intermissione
1646 4247 2112 4337 requiritur.»
2169 4241 2347 4316 Vide
2381 4240 2656 4314 Bened.
2696 4236 2890 4312 XIV.

180 4358 387 4431 Inst.
440 4358 613 4429 eccl.
659 4356 827 4430 107.
869 4377 944 4429 η.
985 4357 1106 4432 31.

348 4470 443 4538 8.
483 4463 688 4541 Idem
741 4468 1126 4542 dicendum
1159 4523 1178 4560 ,
1244 4472 1303 4541 si
1357 4470 1751 4543 vacationis
1800 4476 2087 4561 tempus
2137 4467 2315 4539 citra
2395 4472 2538 4538 tres
2616 4482 2900 4537 menses

171 4580 610 4654 coercitum
664 4579 931 4671 fuerit3
1006 4600 1172 4653 nam
1227 4583 1380 4673 ipsa
1442 4578 1857 4654 Tridentina
1910 4579 2241 4671 Synodus
2294 4578 2532 4651 salvas
2592 4597 2733 4649 esse
2784 4596 2905 4650 vo-

159 4696 333 4769 luit
396 4692 865 4767 ecclesiarum
919 4694 1498 4776 constitutiones,
1550 4712 1726 4785 quae
1793 4692 2127 4785 lonqius,
2189 4709 2407 4781 quam
2470 4708 2597 4781 per
2648 4705 2902 4762 novem
