3497 5235
623 244 702 305 62
1366 247 1734 307 humationi·
1776 246 1828 306 Β.
1859 247 2039 323 Oongr.
2067 248 2213 308 Onne.
2252 248 2519 324 expositio.

621 381 700 453 in
750 381 1172 455 dioecesana
1224 383 1494 474 synodo
1547 382 1793 456 electis
1841 382 2326 456 instituendus
2378 389 2511 455 est.
2570 378 3014 474 Quapropter
3064 381 3137 454 S.
3190 380 3263 456 C.

622 489 833 565 Conc.
891 495 1003 566 ius
1054 494 1416 566 indicendi
1466 512 1891 567 concursum
1940 494 2014 565 in
2066 491 2410 566 Praelatis
2458 492 2912 566 interioribus
2944 508 3091 566 non
3145 493 3271 565 ad-

628 606 868 693 misit,
942 607 1080 677 nisi
1148 606 1333 695 ipsi,
1408 604 1705 696 probato
1775 604 2140 696 privilegio
2209 608 2279 677 et
2361 605 2705 695 privilegii
2773 622 2905 676 usu
2936 657 2955 692 ,
3035 610 3276 677 osten-

621 715 887 805 derint,
942 735 1020 788 se
1072 734 1227 789 esse
1279 717 1353 788 in
1406 716 2108 806 quasi-possessione
2174 717 2525 808 synodum
2560 715 3083 808 congregandi:
3136 716 3277 787 hoc

626 846 794 899 vero
845 829 1100 918 posito,
1156 827 1570 916 declaravit,
1617 845 1822 919 posse
1874 846 1995 900 eos
2045 828 2308 920 eligere
2377 828 2897 900 examinatores
2927 879 2947 915 ‚
3001 827 3274 900 habere

623 956 1070 1027 concursum,
1126 955 1547 1012 oeconomos
1598 945 1669 1011 et
1721 939 2019 1011 vicarios
2053 939 2425 1029 deputare,
2467 946 2537 1010 et
2591 939 2728 1010 alia
2767 937 3024 1027 facere,
3084 956 3272 1028 quae

624 1051 1225 1140 praescribuntur,
1264 1052 1482 1124 citata
1544 1069 1708 1122 sess.
1768 1047 1890 1120 24.
1957 1068 2113 1141 cap.
2159 1050 2275 1122 18.
2334 1050 2416 1122 de
2469 1050 2773 1139 Reform.
2832 1046 2905 1121 S.
2962 1046 3035 1120 C.
3093 1045 3279 1121 Con-

625 1160 765 1233 cilii
802 1161 1066 1252 pluries
1102 1159 1533 1233 declaravit:
1595 1182 1633 1226 ‹
1670 1156 1871 1243 Quod
1908 1162 1966 1232 si
2002 1160 2427 1252 parochialis
2477 1158 2725 1254 (verba
2760 1166 2928 1233 sunt
2981 1157 3055 1232 S.
3096 1158 3278 1234 Con-

628 1295 663 1338 »
707 1268 1164 1365 gregationis)
1213 1288 1361 1342 non
1411 1272 1501 1342 sit
1552 1272 1740 1343 intra
1795 1271 1975 1343 fines
2033 1272 2377 1344 dioecesis
2429 1273 2727 1344 alicuius
2783 1268 3141 1363 Episcopi,
3200 1277 3273 1344 et

628 1406 664 1450 >
705 1380 993 1454 inferior
1041 1378 1434 1473 Episcopus
1479 1384 1880 1455 omnimode
1948 1382 2216 1457 habeat
2283 1384 2839 1457 iurisdictionem
2907 1385 3278 1474 episcopa-

629 1516 665 1560 >
707 1493 873 1582 lem,
954 1511 1088 1564 nec
1154 1492 1363 1565 alicui
1423 1493 1801 1583 subdatur,
1857 1495 1982 1567 sed
2058 1501 2165 1568 est
2217 1496 2625 1568 immediate
2692 1494 3053 1567 subiectus
3105 1492 3271 1566 Sedi

628 1627 664 1671 >
708 1601 1193 1694 Apoctolicae‚
1269 1602 1538 1676 nullius
1603 1605 1994 1694 dioecesiS,
2069 1609 2430 1698 proprium
2496 1607 2929 1680 territorium
2992 1606 3275 1679 habens

628 1739 664 1783 >
703 1716 761 1788 si
813 1714 1079 1788 habeat
1129 1717 1242 1787 ius
1290 1718 1728 1789 convocandi
1784 1718 2161 1809 synodum,
2220 1727 2290 1791 et
2343 1720 2653 1811 legitime
2707 1725 3007 1806 constet,
3074 1718 3274 1790 illam

631 1850 668 1894 ›
709 1844 1175 1920 congregasse
1228 1833 1298 1900 et
1334 1846 1792 1920 congregare,
1833 1837 1904 1902 et
1957 1830 2254 1921 elegisse
2292 1836 2362 1922 et
2408 1833 2662 1922 eligere
2717 1832 3266 1919 examinatoreS‚

631 1962 668 2005 »
709 1938 969 2030 poterit
1021 1956 1440 2012 concursum
1494 1940 1895 2029 instituere,
1953 1943 2361 2014 examinare
2415 1949 2486 2014 et
2539 1941 2934 2033 approbare
2969 1960 3276 2015 oecono-

632 2044 668 2116 ‘'»
710 2068 885 2137 mos,
953 2050 1250 2122 vicarios
1325 2050 1699 2141 deputare,
1758 2058 1830 2124 et
1884 2051 2022 2124 alia
2077 2052 2353 2139 facere,
2436 2073 2620 2143 quae
2686 2052 3274 2143 praescribuntur

638 2185 675 2228 »
715 2180 870 2253 cap.
932 2160 1049 2235 18.
1093 2179 1257 2233 sess.
1296 2161 1419 2233 24.
1461 2158 1852 2254 Episcopus
1887 2182 2052 2236 vero
2103 2164 2319 2236 debet
2375 2166 2845 2251 manuteneri,
2902 2164 3129 2237 donec
3164 2166 3278 2237 di-

636 2301 673 2348 »
713 2281 827 2347 cta
860 2273 1203 2363 requisita
1241 2270 1477 2345 Abbas
1510 2274 1943 2366 probaverit.
1989 2299 2028 2344 ›
2067 2271 2257 2370 (Lib.
2297 2276 2364 2349 6.
2405 2276 2593 2348 decr.
2629 2294 2795 2368 paq.
2834 2272 2999 2370 91.)
3036 2274 3279 2349 ldem-

631 2404 771 2477 que
823 2392 1041 2475 atque
1090 2383 1348 2457 iisdem
1396 2384 1634 2458 verbis
1681 2387 2103 2478 rescriptum
2152 2387 2412 2479 legitur
2461 2387 2579 2459 die
2615 2388 2734 2459 26.
2791 2388 2987 2479 Sept.
3051 2388 3268 2462 1615.

628 2502 820 2598 (Lib.
868 2498 985 2573 11.
1024 2499 1216 2572 decr.
1260 2516 1339 2589 p.
1384 2486 1620 2589 163).

650 2633 653 2638 ·
772 2606 896 2682 29.
953 2602 1024 2678 Si
1077 2607 1238 2698 quis
1289 2613 1531 2681 autem
1581 2608 1733 2683 iure
1769 2610 2193 2683 instituendi
2227 2631 2647 2687 concursum
2699 2611 3067 2705 praeditus
3113 2613 3276 2687 fue-

630 2724 748 2812 rit,
802 2739 949 2794 non
998 2718 1159 2792 ideo
1209 2721 1362 2792 iure
1414 2720 1768 2810 synodum
1819 2722 2250 2795 convocandi
2303 2723 2672 2814 praeditus
2706 2742 2860 2797 esse
2919 2723 3277 2798 dicendus

632 2840 781 2921 est3
837 2848 1148 2921 namque
1202 2836 1281 2902 ut
1332 2848 1756 2904 concursum
1792 2832 2152 2906 celebrare
2202 2834 2463 2923 valeat,
2506 2840 2789 2926 praesto
2826 2836 3062 2908 eidem
3113 2855 3277 2909 esse

633 2949 928 3037 possunt
981 2941 1504 3014 examinatores
1554 2963 1596 3013 a
1649 2943 1949 3017 finitimo
2017 2941 2364 3037 Episcopo
2432 2948 2508 3018 in
2566 2945 2836 3038 synodo
2885 2946 3119 3019 electi.
3180 2943 3277 3020 Et

630 3073 844 3143 sane3
902 3052 1468 3126 Archimandrita
1521 3049 1995 3128 Messanensis
2045 3057 2136 3128 ab
2189 3055 2585 3147 Apostolica
2622 3055 2805 3131 Sede
2841 3065 3277 3148 potestatem

630 3165 950 3240 habendi
1000 3182 1385 3238 concursus
1417 3167 1948 3256 impetraverat,
1989 3166 2294 3257 ideoque
2329 3169 2465 3241 sibi
2517 3172 2627 3242 ius
2661 3170 3049 3242 adhaerere
3101 3187 3278 3241 con-

632 3277 1006 3365 tendebat,
1061 3282 1143 3348 ut
1193 3275 1545 3368 synodum
1576 3277 1845 3350 habere
1898 3279 2032 3352 sibi
2092 3281 2447 3372 integrum
2499 3279 2703 3352 foret.
2746 3279 2859 3368 At,
2902 3299 2975 3353 re
3028 3279 3278 3353 delata

631 3393 726 3466 ad
777 3389 849 3463 S.
891 3386 965 3460 C.
1022 3386 1267 3477 Conc.,
1324 3390 1831 3480 propositoque
1884 3390 1997 3462 die
2036 3392 2105 3462 5.
2147 3386 2285 3463 Iul.
2329 3392 2499 3464 anui
2541 3393 2752 3464 1738.
2788 3390 3031 3463 dubio:
3093 3413 3131 3457 ‹
3169 3391 3279 3465 An

636 3528 673 3571 »
719 3498 1329 3575 Archimandritae
1364 3496 1801 3574 Messanensi
1838 3508 2194 3593 competat
2255 3504 2365 3575 ius
2413 3504 2852 3577 convocandi
2886 3503 3273 3593 synodum,

635 3642 672 3685 »
710 3630 1129 3706 responsum
1164 3617 1299 3684 est:
1344 3630 1382 3676 ‹
1404 3607 1744 3703 Negative
1772 3638 1838 3683 ».
1879 3609 2326 3703 Quamquam
2360 3614 2572 3705 paulo
2600 3623 2758 3706 post
2792 3610 3272 3687 Bened.X1V.

634 3728 783 3800 suis
833 3722 1249 3816 Apostolicis
1284 3719 1543 3795 Literis
1577 3724 1652 3794 in
1704 3721 1926 3794 torma
1971 3720 2212 3796 Brevis
2246 3724 2378 3796 boc
2412 3728 2477 3797 ei
2512 3726 2955 3816 privilegium
2992 3725 3108 3798 die
3150 3725 3271 3798 14.

631 3836 789 3912 Ian.
852 3835 1064 3908 1741.
1123 3853 1212 3907 ex
1261 3834 1540 3925 integro
1574 3833 1949 3926 dilargitus
1985 3842 2118 3907 est.
2166 3834 2475 3909 Adeatur
2526 3837 2716 3909 idem
2761 3834 3032 3909 Bened.
3076 3834 3272 3908 le.

631 3949 720 4022 de
777 3949 949 4037 Syn.
1007 3946 1223 4019 dioec.
1266 3945 1395 4017 loc.
1439 3944 1561 4018 cit.
1619 3964 1693 4017 n.
1738 3945 1848 4027 7...
1886 3948 2009 4036 qui
2061 3952 2432 4037 praeterea
2485 3946 2796 4036 subiicit,
2835 3948 2970 4021 boc
3020 3948 3280 4021 eodem

630 4059 998 4152 privilegio
1050 4058 1199 4130 sive
1250 4063 1741 4148 temporaneo,
1781 4057 1928 4130 sive
1980 4065 2325 4150 perpetuo
2363 4059 2454 4131 ab
2496 4058 2891 4151 Apostolica
2927 4058 3113 4133 Sede
3151 4079 3285 4133 ex-

631 4177 916 4244 ornatos
966 4169 1182 4242 fuisse
1234 4168 1410 4240 alios
1459 4168 1701 4260 plures
1736 4166 2106 4242 inferiores
2158 4168 2521 4243 Praelatos
2570 4173 2823 4243 tertiae
2859 4172 3147 4262 speciei,
3191 4191 3282 4246 ac

633 4281 1048 4374 praesertim
1101 4278 1416 4352 Abbates
1464 4276 1983 4368 Cassinensem,
2039 4277 2625 4353 Nonantulanum
2676 4300 2761 4354 ac
2828 4280 3271 4357 Farfensem.

630 4391 859 4465 Hodie
911 4411 1073 4466 vero
1110 4391 1403 4464 abbatia
1476 4388 1929 4466 Nonantulae
1982 4393 2056 4465 in
2108 4398 2530 4483 perpetuam
2583 4392 3282 4468 administrationem

640 4503 1174 4595 Archiepiscopo
1209 4500 1591 4576 Mutinensi
1627 4504 1909 4577 adnexa
1944 4510 2100 4576 est:
2158 4502 2449 4575 abbatia
2500 4501 2858 4578 Farfensis
2891 4522 3283 4597 suppressa

636 4615 796 4706 tuit,
854 4616 1185 4710 illiusque
1237 4614 1498 4709 oppida
1549 4615 1872 4689 finitimis
1923 4613 2368 4686 dioecesibus
2419 4614 2705 4689 addicta
2755 4622 2951 4689 sunt.
