3497 5235
560 311 681 374 208
1305 307 1677 368 humationi·
1717 307 1772 364 Β.
1803 305 1986 380 ῦοιιςι.
2017 306 2160 366 Onne.
2204 309 2473 382 expo-itio.

559 470 595 513 »
633 444 793 515 liari
829 444 1172 515 ecclesiae
1226 444 1529 515 ministri
1584 443 1875 530 desunt,
1917 460 2050 513 nec
2086 443 2205 514 alii
2243 440 2633 515 Ordinibus
2667 444 2979 537 praediti
3030 444 3231 517 suffi-

560 579 599 621 ›
639 574 796 627 cere
832 556 1191 644 videntur,
1227 564 1304 628 ut
1330 556 1580 627 eadem
1611 573 1905 626 munera
1934 556 2374 628 sustineant:
2416 556 2693 628 utilitas
2721 565 2961 630 autem
2990 565 3229 630 osten-

558 691 596 733 »
636 667 854 756 ditur,
913 685 1072 738 cum
1110 669 1183 739 in
1221 668 1463 756 aliqua
1517 666 1817 738 ecclesia
1869 684 2123 758 parum
2175 666 2413 739 idonei
2467 667 2772 740 ministri
2824 675 3224 757 versantur,

556 802 594 845 »
634 780 748 850 vel
797 779 858 849 si
911 778 999 851 de
1053 778 1294 868 aliquo
1345 780 1493 850 viro
1546 797 1659 851 res
1721 783 1974 869 agatur
2042 781 2279 850 aetate
2333 778 2473 849 iam
2531 785 2852 868 matura,
2926 779 3054 852 sed
3108 779 3232 851 do-

554 914 593 958 »
635 891 903 963 ctrinae
956 890 1171 962 laude
1224 890 1666 982 praestanti,
1741 908 1930 980 quae
1981 890 2157 962 satis
2224 889 2584 981 legitimae
2655 910 2912 964 causae
2964 912 3007 963 a
3061 893 3232 963 scri-

555 1029 593 1072 »
633 1004 955 1095 ptoribus
992 1004 1427 1076 iudicantur.
1469 1000 1756 1075 Utilitas
1789 1004 2058 1094 pariter
2093 1020 2179 1074 ex
2216 1020 2299 1074 eo
2336 1002 2830 1093 proficiscitur,
2866 1004 2924 1075 si
2964 1002 3229 1094 aliquis

555 1143 593 1185 ι»
632 1118 1086 1210 parochiam,
1143 1121 1268 1188 aut
1318 1115 1746 1189 beneficium
1802 1113 2193 1187 obtinuerit
2243 1133 2328 1187 ea
2382 1114 2832 1203 conditione,
2907 1121 2987 1187 ut
3040 1114 3227 1186 intra

548 1253 590 1297 ν
628 1248 897 1301 annum
937 1231 1136 1301 iuxta
1173 1229 1460 1300 decreta
1515 1228 1586 1298 S.
1628 1224 1700 1299 C.
1742 1225 2345 1319 presbyteratum,
2402 1233 2529 1298 aut
2562 1244 2844 1298 sacrum
2881 1222 3231 1298 Ordinem

551 1364 589 1407 »
630 1343 993 1433 suscipere
1048 1347 1408 1413 teneatur.
1443 1362 1481 1405 »

699 1455 862 1525 122.
917 1450 1069 1524 Hoc
1119 1471 1287 1524 vero
1334 1449 1708 1522 arbitrium
1745 1451 1821 1522 in
1855 1450 2043 1522 banc
2095 1450 2443 1523 rationem
2500 1451 2974 1539 moderatum,
3034 1449 3231 1540 quod

543 1558 893 1655 Episcopo
946 1563 1307 1635 ordinanti
1361 1562 1688 1634 relictum
1741 1569 1877 1651 est,
1920 1562 2057 1634 vim
2100 1580 2301 1634 suam
2352 1562 2615 1634 exserit
2650 1563 2892 1651 etiam,
2934 1561 3232 1652 quando

542 1674 903 1747 indultum
953 1681 1163 1748 extra
1216 1682 1531 1766 tempora
1582 1693 1710 1767 per
1760 1671 1982 1746 Breve
2036 1674 2517 1765 Apostolicum
2571 1674 3032 1764 impetratum
3087 1678 3224 1763 est,

542 1791 622 1858 ut
674 1791 917 1877 aperte
954 1787 1394 1859 declaratum
1433 1785 1566 1859 fuit
1602 1788 1679 1857 in
1716 1786 2002 1857 decreto
2054 1804 2114 1857 s.
2161 1805 2254 1856 m.
2295 1781 2545 1857 Inuoc.
2586 1781 2788 1873 XII.‚
2848 1784 3041 1875 quod
3078 1786 3232 1857 suis

543 1897 781 1970 verbis
833 1899 1041 1970 modo
1078 1899 1479 1986 retulimus,
1520 1899 1691 1970 item
1727 1904 1800 1970 et
1848 1895 1922 1992 ξ.
1969 1896 2312 1989 Denique,
2348 1896 2473 1968 ubi
2510 1896 2823 1987 iubetur,
2865 1897 3237 1969 indultum·

541 2017 749 2083 extra
785 2016 1098 2100 tempora
1150 2010 1706 2102 impertiendum
1761 2026 1905 2079 non
1943 2027 2125 2095 esse,
2181 2009 2321 2080 nisi
2373 2007 2630 2080 diebus
2682 2007 2955 2080 festivis
3006 2009 3231 2080 inter-

541 2122 804 2213 polatis
832 2122 924 2193 ab
953 2120 1305 2213 Episcopo
1332 2120 1789 2194 definiendis.
1822 2116 2095 2191 Girald.
2130 2120 2261 2191 loc.
2287 2121 2410 2191 cit.
2437 2116 2509 2213 ἓ.
2537 2120 2724 2192 Nota
2746 2119 2840 2191 II.
2865 2118 3224 2210 paq.965.

542 2229 743 2307 Idem
798 2234 1172 2307 arbitrium
1227 2235 1581 2326 integrum
1639 2234 1904 2323 pariter
1955 2251 2037 2303 ac
2089 2231 2396 2304 liberum
2449 2229 2799 2324 Episcopo
2851 2238 3222 2321 remanet,

541 2348 821 2420 etiamsi
877 2352 1131 2437 agatur
1182 2348 1271 2418 de
1322 2343 1847 2438 Regularibus3
1920 2362 2233 2434 namque
2305 2342 2378 2415 S.
2435 2341 2507 2415 C.
2566 2341 2775 2416 Conc.
2835 2343 2909 2413 in
2961 2342 3229 2414 Aesina

539 2459 660 2531 20.
701 2456 871 2530 Dec.
917 2459 1129 2530 1581.
1173 2459 1447 2531 censuit
1506 2480 1544 2521 (ι
1573 2454 1853 2527 Bullam
1914 2457 2252 2528 Sanctum
2304 2461 2369 2528 et
2413 2456 2730 2528 salutare
2783 2453 2902 2526 fel.
2944 2454 3222 2526 record.

543 2595 582 2638 ιι
623 2567 800 2644 Sixti
837 2567 920 2641 V.
963 2588 1108 2644 non
1161 2571 1473 2644 adimere
1527 2569 1940 2642 facultatem
1994 2589 2034 2640 a
2088 2567 2397 2641 Concilio
2442 2565 2633 2642 Trid.
2674 2565 3049 2661 Episcopis
3103 2568 3227 2640 tri-

542 2708 581 2752 »
620 2682 871 2756 butam
925 2684 1338 2756 remittendi
1399 2691 1799 2773 temporum
1872 2681 2257 2753 interstitia
2327 2681 2400 2750 in
2467 2679 2754 2752 casibus
2821 2678 2913 2750 ab
2968 2679 3225 2751 eodem

541 2818 581 2863 »
620 2792 929 2867 Concilio
983 2795 1336 2886 expressis
1388 2814 1544 2885 cap.
1590 2793 1708 2868 44.
1753 2792 1870 2867 43.
1919 2801 1984 2866 et
2023 2791 2140 2865 44.
2195 2812 2361 2863 sess·
2399 2792 2666 2865 23.‘de
2718 2792 3072 2882 Reform„
3118 2793 3226 2863 iu-

541 2929 579 2972 »
620 2906 1031 2996 diciumque
1085 2907 1602 2997 cognoscendi,
1677 2927 1771 2979 an
1823 2907 2045 2978 simus
2097 2905 2171 2977 in
2227 2905 2613 2997 praedictis
2667 2901 2998 2990 casibuS‚
3074 2921 3219 2974 non

539 3042 577 3085 a>
619 3025 944 3110 spectare
980 3018 1071 3090 ad
1111 3017 1524 3108 Superiores
1575 3019 1967 3110 regulares,
2025 3018 2152 3090 sed
2204 3018 2296 3089 ad
2332 3014 2719 3108 Episcopos
2756 3015 3220 3086 dioecesanos

540 3154 578 3197 »
618 3132 1062 3220 ordinantes,
1123 3131 1195 3201 in
1234 3149 1537 3220 quorum
1589 3129 2038 3202 dioecesibus
2090 3133 2261 3200 sunt
2312 3128 2771 3214 monasteria,
2829 3127 2902 3197 in
2950 3124 3218 3215 quibus

539 3263 577 3306 ι»
617 3242 753 3331 ipsi
807 3243 1187 3314 ordinandi
1242 3243 1612 3334 degunt»;
1671 3260 1886 3332 quam
1941 3242 2145 3312 affert
2198 3238 2468 3313 Girald.
2522 3243 2572 3312 l.
2614 3259 2677 3310 c.
2718 3238 2792 3335 ξ.
2833 3241 2957 3312 His
3007 3258 3225 3330 prae-

533 3352 766 3423 ‘missis
829 3373 998 3447 paq.
1045 3354 1213 3428 964.
1264 3350 1463 3425 Idem
1519 3355 1740 3427 edixit
1793 3353 1908 3425 die
1967 3355 2082 3425 17.
2126 3351 2291 3425 Maii
2351 3356 2561 3426 1593.
2618 3349 2794 3449 (lib.
2837 3351 2907 3423 7.
2951 3352 3212 3424 decret.

523 3483 694 3556 paq.
742 3462 955 3560 108.)
1007 3472 1077 3538 et
1132 3464 1459 3556 pluribus
1512 3465 1670 3536 aliis
1722 3464 2036 3553 casibUS,
2080 3482 2259 3554 quos
2307 3464 2522 3537 refert
2572 3464 2751 3537 Ben.
2795 3459 2985 3534 XIV.
3030 3464 3210 3535 Inst.

533 3576 700 3646 eccl.
727 3576 849 3648 58.
889 3574 1039 3648 Hoc
1076 3586 1314 3649 autem
1343 3575 1854 3668 Episcoporum
1893 3576 2271 3648 arbitrium
2309 3579 2605 3667 tollitur,
2651 3576 2938 3669 quando
2979 3576 3220 3665 agitur

532 3686 623 3759 de
673 3684 1201 3780 Regularibus,
1269 3689 1533 3780 quibus
1586 3687 1806 3762 Sedes
1862 3689 2258 3782 Apostolica
2311 3699 2473 3783 post
2524 3689 2734 3763 Conc.
2795 3687 2987 3760 Trid.
3048 3707 3222 3759 con-

532 3799 746 3870 cessit
783 3801 1227 3892 privilegium
1268 3803 1742 3892 exemptionis
1781 3801 1872 3873 ab
1911 3804 2339 3875 interstitiis.
2387 3799 2691 3898 (Girald.
2732 3804 2806 3874 in
2846 3802 2961 3873 Ius
2993 3800 3212 3871 Pont.

530 3909 618 3981 P.
664 3911 759 3982 ΙΙ.
819 3919 982 3985 sect.
1029 3910 1194 3986 404.
1252 3910 1325 4006 ξ.
1374 3915 1450 3987 δι’
1494 3910 1787 4008 autem).
1848 3910 2284 3987 Monendum
2322 3922 2565 3988 tamen
2602 3920 2734 4002 est,
2777 3910 3216 4003 Episcopum

532 4021 622 4093 de
659 4025 891 4095 causis
942 4025 1378 4096 remissionis
1430 4026 1658 4097 teneri
1709 4026 1929 4097 fidem
1981 4026 2324 4098 adhibere
2364 4046 2450 4099 ac
2486 4025 2761 4097 deferre
2798 4024 3217 4096 testimonio

530 4133 926 4225 Superioris
961 4137 1333 4227 regularis,
1394 4144 1474 4208 ut
1525 4137 1746 4208 edixit
1801 4139 1870 4208 S.
1914 4134 1988 4208 C.
2032 4138 2147 4209 die
2196 4139 2310 4208 12.
2348 4137 2547 4229 Sept.
2588 4137 2800 4210 1609.
2852 4131 3045 4231 (Lib.
3083 4133 3212 4206 44.

529 4245 785 4319 decret.
819 4266 988 4340 paq.
1023 4245 1190 4345 75.)
1242 4256 1311 4322 et
1360 4250 1474 4321 die
1522 4248 1642 4321 31.
1677 4245 1869 4320 Iunii
1910 4247 2123 4319 1587.
2164 4243 2358 4346 (Lib.
2396 4250 2464 4322 6.
2508 4249 2763 4321 decret.
2797 4267 2968 4338 paq.
3014 4237 3212 4339 48).

674 4354 870 4438 Quae
907 4378 1070 4433 vero
1106 4361 1409 4434 facultas
1445 4357 1797 4451 Episcopo
1834 4361 2199 4451 competit,
2242 4379 2398 4434 eam
2438 4356 2715 4432 Vicario
2752 4360 2969 4430 etiam
3006 4354 3227 4444 Capi-

528 4466 746 4541 tulari
797 4477 1194 4562 competere
1233 4474 1510 4545 censuit
1563 4471 1634 4544 S.
1676 4469 1752 4543 C.
1795 4471 2003 4545 Conc.
2047 4473 2123 4544 in
2152 4474 2543 4547 Astorz'cen.
2586 4473 2707 4544 21.
2746 4472 2917 4561 Apr.
2959 4467 3221 4554 1591„

529 4598 748 4670 quam
784 4583 1037 4655 recitat
1074 4581 1340 4655 Girald.
1385 4584 1515 4655 loc.
1557 4585 1678 4656 cit.
1719 4581 1794 4677 ἓ.
1830 4583 1962 4654 ΙΙΙ.
2003 4583 2277 4656 Ortum.
2312 4580 2514 4656 Idem
2551 4582 2769 4656 tradit
2806 4582 2895 4654 de
2932 4577 3225 4651 Vicario

528 4687 888 4782 Generali,
945 4694 1004 4765 si
1055 4693 1320 4767 babeat
1373 4693 1797 4766 mandatum
1855 4696 2211 4787 generale,
2253 4713 2415 4768 vere
2453 4700 2693 4767 tamen
2729 4689 3225 4766 existentibus
