3497 5235
1063 269 1183 347 osp.
1209 272 1307 333 111.
1348 271 1421 331 n·
1461 268 1593 330 01020
1635 269 1905 333 sumni.
1945 271 1998 348 §-
2027 269 2079 337 ο.
2781 270 2900 339 427
2916 259 2921 265 ’

257 430 292 475 ›
329 410 615 497 gantur,
657 405 756 477 ita
809 410 891 477 ut
941 404 1182 493 etiam,
1225 406 1280 478 si
1337 407 1401 479 ei
1453 406 1555 478 sic
1606 408 1940 495 expedire
1992 409 2219 480 visum
2274 407 2517 496 luerit,
2557 426 2643 481 ex
2680 408 2903 483 bene-

258 543 291 588 »
327 518 647 591 liciorum
702 515 1049 589 [ructibus
1084 518 1314 605 alteri,
1356 520 1476 609 qui
1532 519 1599 591 id
1641 526 1977 612 praestet,
2019 520 2315 594 honesta
2354 523 2595 611 aliqua
2633 540 2900 596 merces

258 656 291 701 ›
330 631 796 722 persolvatur,
853 630 1080 702 donec
1150 631 1566 721 principalis
1627 633 1777 723 ipse
1828 634 2251 723 resipiscens
2318 632 2625 705 officium
2689 653 2898 706 suum

256 767 290 814 ›
330 744 651 835 impleat.
698 766 735 811 ›
776 740 1153 814 Consonat.
1199 746 1381 818 Sess,
1418 745 1541 816 22.
1585 745 1668 817 de
1702 765 1889 819 sacr.
1931 766 2088 837 cap.
2130 746 2201 819 8.
2247 750 2425 822 8353.
2465 747 2589 821 23.
2629 769 2785 842 cap.
2824 747 2892 824 1.

252 855 329 930 cle
379 857 728 944 Reform„
767 872 1043 927 necnon
1097 852 1307 927 Cone.
1348 852 1556 927 Rom.
1599 858 1777 929 anni
1832 856 2045 930 1725.
2089 859 2198 931 tit.
2246 857 2311 930 1.
2347 880 2512 951 βαρ.
2553 859 2624 932 4.

392 968 564 1040 308.
627 966 879 1039 Auctor
931 975 1040 1041 est
1091 964 1358 1041 Bened.
1402 966 1591 1041 xlv,
1635 972 1811 1044 Inst.
1852 972 2018 1043 eccl.
2067 973 2155 1046 X.
2213 992 2286 1045 η.
2335 971 2408 1045 3.
2470 997 2508 1039 ‹
2547 993 2692 1046 non
2742 994 2903 1067 per-

253 1103 291 1145 2
327 1079 620 1173 politam
676 1085 745 1152 et
797 1079 1229 1154 elaboratam
1300 1084 1710 1156 concionem
1778 1105 1819 1156 a
1889 1086 2216 1176 parochis
2284 1087 2716 1178 habendam,
2774 1093 2901 1164 sed

254 1217 289 1262 ›
330 1193 689 1280 familiari,
732 1192 1064 1284 facilique
1117 1194 1403 1268 dicendi
1459 1214 1712 1288 genere
1781 1198 1971 1288 ipsos
2034 1200 2137 1270 uti
2189 1199 2448 1272 debere
2509 1203 2599 1275 ad
2655 1205 2899 1295 populi

252 1333 288 1377 ›
327 1307 874 1399 intelligentiam
930 1310 1485 1380 accommodate.
1524 1333 1560 1377 »
1631 1305 1809 1380 Nam
1865 1311 1937 1382 S.
1971 1308 2047 1382 C.
2087 1309 2160 1383 C.
2201 1310 2548 1405 Episcopo
2584 1316 2894 1390 Meliten.

250 1416 418 1520 (lib.
456 1420 525 1495 6.
561 1420 812 1493 decret.
847 1440 1015 1513 paq.
1046 1420 1211 1494 109.
1245 1428 1310 1494 et
1337 1441 1474 1514 seq.
1511 1421 1702 1513 apud
1734 1418 2003 1495 Bened.
2038 1420 2228 1495 XIV.
2265 1426 2314 1496 l.
2350 1422 2454 1522 c.)
2493 1429 2895 1520 respondit:

251 1558 289 1600 ι
327 1533 517 1607 Satis
570 1551 752 1622 esse,
793 1541 871 1605 ut
926 1534 1242 1625 parochi,
1300 1535 1434 1605 etsi
1512 1533 1901 1606 formaliter
1951 1554 2097 1607 non
2151 1537 2590 1627 praedicent,
2646 1538 2899 1611 saltem

251 1672 287 1716 ›
327 1646 714 1720 Dominicis
783 1652 854 1718 et
912 1646 1111 1718 sestis
1162 1644 1416 1718 diebus
1484 1646 1732 1737 plebes
1784 1645 1920 1719 sibi
1991 1649 2402 1721 commissas
2470 1667 2594 1740 pro
2645 1668 2775 1721 sua
2830 1658 2902 1724 et

252 1786 285 1831 ›
325 1779 573 1834 earum
627 1760 1021 1850 capacitate
1090 1764 1389 1851 pascant
1457 1759 1893 1831 salutaribus
1946 1760 2205 1832 verbiS.
2253 1784 2289 1828 »
2331 1756 2513 1832 Hinc
2547 1759 2620 1832 S.
2670 1759 2744 1834 C.
2786 1760 2894 1852 C.,

249 1893 408 1948 cum
461 1870 793 1964 Episcopi
831 1871 1173 1959 referunt,
1217 1890 1255 1941 a
1293 1872 1618 1963 parochis
1654 1890 1872 1943 unam
1924 1873 2033 1944 vel
2074 1873 2369 1945 alteram
2414 1892 2705 1946 causam
2743 1894 2903 1966 pro-

248 1986 413 2060 ferri
450 1985 702 2073 solere,
743 2003 832 2057 ne
867 1984 1277 2057 concionem
1317 1984 1683 2055 formalem
1719 1984 1811 2056 ad
1847 1984 2190 2076 populum
2228 1984 2572 2073 habeant,
2606 1987 2681 2057 in
2716 1987 2902 2061 hanc

248 2099 679 2173 sententiam
718 2097 1104 2170 rescribere
1140 2096 1342 2185 solet,
1383 2097 1736 2184 videlicet,
1768 2103 1848 2167 ut
1885 2096 2169 2188 parochi
2207 2099 2382 2169 satis
2416 2096 2758 2185 habeant,
2800 2099 2901 2170 la·

249 2212 509 2283 miliari
563 2210 897 2299 facilique
949 2227 1271 2282 sermone
1324 2209 1584 2300 populo
1638 2227 1991 2300 exponere
2042 2209 2241 2297 vitia,
2283 2228 2467 2299 quae
2520 2208 2788 2301 fugere,
2830 2217 2900 2283 et

253 2324 597 2410 virtuteS,
654 2340 834 2411 quas
885 2323 1090 2411 sequi
1140 2327 1507 2412 oporteat,
1565 2322 1739 2411 quin
1795 2323 2365 2394 concionatorum
2421 2340 2612 2395 more
2664 2322 2901 2397 studio

254 2434 695 2508 elaboratam
748 2438 820 2505 et
870 2440 1020 2506 arte
1073 2434 1458 2524 pei-sectam
1508 2436 1902 2507 orationem
1945 2435 2412 2507 declamando
2473 2437 2799 2510 recitent.

396 2548 569 2622 309.
625 2543 839 2619 Haud
890 2546 1022 2619 erit
1075 2545 1203 2617 abs
1256 2566 1330 2620 re
1385 2549 1727 2621 monitum
1768 2546 2027 2621 referre
2067 2544 2147 2619 D.
2194 2545 2543 2622 Francisci
2582 2546 2896 2640 xaverii,

246 2661 468 2751 quod,
511 2666 796 2734 auctore
833 2655 1223 2730 Tursellino
1275 2662 1467 2751 apud
1520 2658 1906 2733 Barbosam
1958 2655 2079 2755 (de
2113 2662 2227 2753 off.
2268 2666 2336 2734 et
2376 2668 2523 2753 pot.
2572 2664 2904 2754 parochi,

245 2776 458 2850 Part.
503 2775 562 2845 Ι.
603 2791 760 2863 cap.
805 2770 920 2843 14.
980 2790 1174 2842 num.
1216 2770 1287 2842 4.
1289 2767 1364 2870 ),
1418 2774 1911 2845 sanctissimus
1961 2772 2079 2844 ille
2131 2775 2235 2843 vir
2284 2775 2904 2846 concionatoribus

244 2885 588 2978 praebet:
650 2909 686 2953 «
727 2881 882 2959 Non
938 2905 1013 2960 se
1067 2887 1326 2978 ipsum,
1383 2887 1508 2959 sed
1560 2884 1909 2958 Christum
1964 2883 2389 2957 crucifixum
2453 2887 2904 2957 concionator

248 3023 286 3068 ι
332 2999 719 3090 praedicet.
777 2999 1305 3074 concionatoris
1356 3000 1814 3090 praecipuum
1895 3016 2155 3069 munus
2208 3003 2315 3069 est
2367 2997 2670 3070 auditori
2726 2997 2908 3069 deli-

247 3135 287 3180 »
328 3119 602 3184 ctorum
653 3131 939 3186 suorum
995 3132 1209 3204 quam
1262 3113 1647 3184 maximum
1702 3111 2021 3184 incutere
2080 3110 2419 3197 dolorem,
2476 3116 2546 3182 et
2600 3110 2907 3182 certissi·
3036 3159 3041 3162 -

246 3248 286 3293 ›
329 3225 463 3296 mis
515 3227 1110 3318 sempiternisque
1163 3227 1545 3299 interorum
1597 3223 1966 3315 suppliciis
2013 3229 2181 3296 ante
2234 3222 2474 3294 oculos
2524 3221 2903 3313 propositis

246 3362 285 3406 ν
328 3354 493 3411 eum
547 3357 588 3408 a
643 3339 928 3430 flagitiis
979 3341 1366 3426 deterrere,
1406 3343 1702 3410 satanae
1756 3353 2039 3425 quoque
2094 3341 2281 3407 artes
2334 3341 2552 3425 atque
2604 3333 2904 3406 insidias

243 3471 286 3518 s
326 3451 631 3540 aperire,
674 3470 756 3523 ac
807 3451 1093 3524 demum
1143 3470 1270 3544 pro
1323 3450 1659 3522 concione
1694 3465 1953 3535 serere,
1996 3465 2182 3537 quae
2218 3448 2406 3538 vulgi
2455 3464 2739 3538 quoque
2777 3446 2911 3520 im·

245 3585 285 3630 ›
327 3563 537 3652 periti
591 3563 1061 3656 intelligentia
1113 3566 1375 3656 potius,
1418 3581 1631 3652 quam
1688 3560 2061 3631 admiratio
2114 3560 2450 3652 excipiat.
2495 3583 2532 3628 ›

394 3674 567 3746 310.
624 3670 871 3765 Neque
922 3695 1084 3748 vero
1136 3695 1223 3748 ex
1274 3694 1384 3764 ee,
1425 3673 1615 3764 quod
1665 3670 1996 3764 Episcopi
2050 3672 2125 3743 in
2176 3672 2458 3744 decreto
2493 3667 2906 3742 Tridentino

245 3784 640 3860 formaliter
691 3786 1100 3879 praedicare
1152 3794 1560 3874 teneantur,
1602 3785 1860 3859 idcirco
1912 3783 2366 3856 inserendum
2418 3789 2552 3868 est,
2593 3784 2810 3856 etiam
2862 3802 2903 3854 a

237 3898 578 3991 parochis
628 3898 993 3971 formalem
1047 3899 1455 3972 concionem
1509 3897 1758 3971 haberi
1805 3905 2152 3989 oportere,
2193 3897 2457 3988 quippe
2493 3896 2615 3986 qui
2653 3896 2901 3967 eadem

227 4010 513 4083 decreti
570 4028 869 4083 censura
924 4011 1647 4103 comprehendantur.
1704 4006 2054 4099 Namque,
2095 4017 2174 4081 ut
2228 4009 2728 4090 animadvertit
2782 4007 2907 4080 do-

223 4124 606 4197 ctissimus
655 4120 1037 4215 Fagnanus
1092 4123 1184 4196 ad
1240 4125 1407 4216 Cap.
1459 4119 1658 4195 Inter
1708 4130 1944 4195 cetera
1982 4124 2064 4195 cie
2100 4123 2213 4214 off.
2254 4122 2407 4194 ord.
2450 4142 2526 4194 η.
2560 4120 2724 4205 33.,
2758 4118 2908 4194 Tri-

218 4235 526 4308 dentini
577 4232 848 4322 PatreS,
890 4255 1050 4309 cum
1103 4236 1192 4309 de
1238 4234 1607 4327 Episcopis
1658 4235 2074 4324 loquuntur,
2116 4233 2665 4325 praedicationis
2701 4253 2905 4307 voca-

213 4348 496 4421 bulum
553 4353 927 4439 usurpant:
985 4348 1189 4420 aliter
1242 4366 1406 4420 vero
1458 4364 1612 4419 sese
1649 4346 2083 4437 exprimunt,
2124 4345 2416 4435 quando
2452 4345 2541 4418 de
2579 4346 2904 4438 parochis

212 4460 467 4532 verba
521 4458 817 4532 iaciunt.
877 4457 1144 4532 Deinde
1190 4456 1516 4552 Episcopi
1558 4459 1748 4548 apud
1790 4457 2109 4530 homines
2145 4458 2461 4530 excultos
2497 4460 2572 4531 in
2607 4458 2904 4532 ecclesia

203 4573 469 4650 totius
520 4571 860 4645 dioecesis
913 4572 1259 4663 principe,
1305 4586 1556 4668 nempe
1610 4569 1999 4642 cathedrali
2054 4570 2589 4659 concionantur,
2630 4589 2713 4643 ac
2744 4591 2909 4668 pro-

191 4694 499 4787 pterea
551 4684 958 4757 eorumdem
1009 4686 1189 4760 ratio
1241 4683 1520 4758 diversa
1564 4686 1670 4755 est
1707 4680 1799 4755 ab
1832 4701 1945 4774 ea,
1985 4700 2201 4774 quam
2236 4684 2442 4775 sequi
2478 4683 2746 4758 debent
2778 4703 2907 4778 pa-
