3497 5235
598 267 711 341 021³.
735 268 806 326 11.
845 269 917 326 Do
954 252 1218 343 Episcopo,
1257 268 1667 343 Archiopiseopo,
1705 268 1936 327 Ptimtto
1976 267 2035 326 ot
2071 268 2398 327 Patrium.
2442 269 2497 343 ἓ.
2523 268 2573 327 7.
2802 265 2923 331 249

307 421 533 486 carum,
569 402 971 476 dubitatum
1026 410 1161 489 est,
1209 422 1304 474 an
1354 403 1606 475 eadem
1662 404 1801 473 vim
1854 422 2056 475 suam
2111 411 2471 476 exsereret
2522 410 2721 476 extra
2774 400 2923 476 Ita-

304 513 464 586 liam.
523 513 714 587 lianc
765 516 1322 607 disputationem
1393 517 1578 587 inter
1648 516 1826 587 alios
1904 518 2215 588 instituit
2266 515 2472 590 Cara.
2533 515 2736 589 Petra
2811 516 2923 590 Ad

304 625 501 699 Const.
538 630 665 719 Ap.
707 635 874 700 tom.
920 628 988 701 4.
1035 628 1354 700 Prooem.
1394 626 1469 723 §-
1511 628 1583 701 3.
1626 647 1702 699 n.
1745 628 1869 701 32.
1912 630 2280 701 adducens
2318 648 2606 701 causam
2655 630 2921 701 Turra-

297 756 500 811 conen.
546 741 779 811 Tuxae
833 740 1075 812 Innoc.
1121 741 1263 812 diei
1314 742 1387 810 2.
1432 737 1594 811 Maii
1639 741 1852 812 1699.
1898 741 2082 813 iuter
2116 739 2558 812 Catbedralis
2609 739 2919 831 Capituli

295 846 662 937 canonicos,
706 853 830 941 qui
883 851 1341 923 vehementer
1392 852 1480 922 de
1519 858 1726 923 taxae
1781 853 2288 924 immodicitate
2331 858 2578 924 contra
2629 850 2923 924 Archio-

295 960 615 1050 piscopum
669 962 1322 1052 conquerebantur.
1372 966 1452 1035 At
1506 964 1866 1053 proposito
1920 963 2178 1035 dubio:
2237 985 2275 1027 (ι
2323 963 2422 1034 An
2479 970 2643 1035 taxa
2698 958 2922 1033 Inno-

294 1093 326 1137 ›
355 1074 662 1144 centiana
714 1075 1065 1146 servanda
1103 1077 1195 1146 sit
1234 1076 1303 1146 in
1341 1075 1676 1146 omnibus
1712 1077 1952 1164 curiis,
2009 1077 2224 1148 etiam
2280 1078 2479 1146 extra
2516 1069 2913 1145 ltaliam't»

290 1178 348 1253 S.
382 1181 446 1255 C.
479 1204 619 1257 rem
658 1185 959 1257 delinire
997 1188 1249 1271 noluit,
1282 1186 1409 1258 sed
1447 1188 1537 1258 ad
1582 1184 1660 1256 l).
1703 1185 2178 1258 Secretarium
2219 1186 2513 1272 remisit,
2547 1205 2679 1259 nec
2716 1185 2918 1257 aliud

288 1312 352 1365 ea
396 1296 475 1368 de
510 1316 580 1369 re
620 1299 918 1370 ulterius
954 1305 1193 1369 actum
1247 1306 1570 1391 apparet,
1631 1305 1707 1370 ut
1762 1299 1836 1369 in
1894 1299 2019 1369 lib.
2063 1298 2182 1368 49.
2225 1298 2493 1370 decret.
2537 1314 2704 1388 pag.
2743 1296 2911 1367 165.

285 1401 604 1480 Giraldius
658 1412 771 1481 Ius
827 1413 1041 1483 Pont.
1087 1414 1174 1484 P.
1219 1411 1314 1483 11.
1357 1418 1520 1483 sect.
1564 1408 1682 1482 53.
1719 1428 1888 1502 paq.
1931 1409 2104 1482 870.
2156 1410 2334 1479 alias
2387 1411 2602 1481 etiam
2657 1409 2917 1480 Sacrae

285 1514 828 1612 Congregationis
879 1524 1349 1593 resolutiones
1401 1524 1725 1594 eamdem
1781 1541 1927 1593 rem
1975 1522 2523 1612 comprobantes
2590 1520 2910 1592 adducit.

397 1631 556 1703 219.
600 1631 860 1706 Contra
898 1652 1060 1704 vero
1099 1634 1171 1703 in
1238 1633 1608 1705 Vasionen.
1660 1635 2023 1704 Tantorum
2058 1634 2344 1725 synod„
2380 1651 2539 1706 cum
2589 1632 2918 1704 consules

282 1741 552 1816 civitatis
607 1751 1126 1834 quaererentur
1160 1746 1249 1816 de
1301 1749 1466 1816 taxa
1508 1746 1579 1816 in
1635 1741 2112 1833 MatrimoniO,
2155 1747 2225 1816 in
2265 1742 2657 1836 Baptismo,
2697 1743 2768 1813 in
2810 1741 2920 1812 fu-

280 1856 536 1929 neribus
589 1857 1088 1948 persolvenda,
1130 1875 1344 1946 quarn
1384 1858 1568 1928 ultra
1608 1857 1707 1944 id,
1750 1858 1942 1945 quod
1982 1853 2499 1929 Innocentiaua
2538 1853 2913 1944 permittit,

276 1964 335 2035 in
379 1964 660 2057 Synodo
736 1968 1162 2060 praefixerat
1233 1964 1680 2058 Episcopus,
1745 1969 2044 2040 dubium
2101 1969 2542 2058 propositum
2619 1971 2726 2037 est
2794 1964 2915 2036 die

277 2077 333 2147 6.
366 2076 706 2152 Februar.
752 2081 1002 2152 1734.:
1047 2103 1085 2144 ι
1128 2082 1232 2152 An
1272 2090 1479 2154 taxae
1524 2082 2003 2173 praescriptae
2045 2082 2115 2151 in
2154 2078 2439 2170 synodo
2492 2078 2916 2149 dioecesana

274 2213 304 2254 ν
338 2184 656 2264 Vasionis
707 2194 850 2264 sint
902 2192 1395 2265 observandae
1448 2202 1519 2265 et
1571 2193 2008 2266 exsecutioni
2066 2192 2517 2263 mundandae
2569 2191 2640 2260 in
2695 2181 2915 2260 casui.k

273 2323 304 2366 >
336 2299 401 2372 S.
436 2301 510 2375 C.
551 2304 962 2395 respondit:
1007 2327 1045 2369 (ι
1076 2302 1419 2397 Negative
1456 2312 1526 2378 et
1563 2307 1896 2396 amplius,
1928 2331 1966 2371 »
2007 2302 2175 2375 Cum
2218 2310 2453 2376 tamen
2495 2303 2567 2373 in
2603 2302 2740 2372 bac
2788 2300 2922 2372 Va-

267 2413 506 2486 sionen.
552 2416 646 2487 de
699 2416 933 2489 tribus
985 2424 1262 2489 tantum
1303 2417 1857 2509 particularibus
1893 2416 2252 2507 capitibus
2304 2422 2660 2507 ageretur,
2703 2419 2774 2483 et
2809 2412 2921 2481 in-

265 2539 455 2614 super
505 2523 975 2601 vasionensis
1025 2529 1303 2615 civitaS,
1361 2535 1608 2620 utpote
1661 2548 1744 2600 eo
1802 2536 2116 2619 tempore
2170 2528 2357 2599 civili
2413 2524 2683 2597 Summi
2736 2521 2923 2595 Pon-

260 2635 447 2708 tificis
498 2639 762 2711 ditioni
815 2640 1348 2731 obtemperanS,
1409 2643 1595 2713 iuter
1646 2636 1938 2712 Italicas
1984 2640 2511 2730 quodammodo
2564 2636 2918 2709 recenseri

261 2757 504 2839 posset,
551 2752 962 2843 exemplum
1016 2753 1182 2824 inde
1236 2755 1534 2844 petitum
1574 2754 2124 2824 controversiam
2178 2772 2318 2824 non
2361 2752 2538 2823 adeo
2592 2750 2918 2841 punctim

260 2858 576 2934 dirimere
604 2862 912 2948 videtur,
953 2870 1034 2936 ut
1062 2866 1292 2936 omnis
1319 2864 1673 2937 dubitatio
1703 2867 2072 2936 eliminata
2102 2863 2405 2935 dicenda
2443 2863 2563 2934 sit.
2600 2860 2780 2931 Addi
2811 2865 2919 2932 et-

257 2966 383 3042 iam
412 2981 655 3065 potest
683 2975 822 3045 alia
853 2993 1096 3061 causa,
1140 2978 1251 3047 cui
1291 2976 1569 3064 tituluS,
1607 2977 1839 3064 Dubia
1876 2994 2082 3066 snper
2103 2979 2406 3046 exsecat.
2441 2971 2624 3061 disp.
2658 2975 2914 3050 matr„

257 3081 337 3151 ad
384 3084 578 3157 diem
641 3087 756 3157 16.
805 3085 1173 3160 Decembr.
1220 3089 1468 3174 1786„
1509 3090 1714 3160 cuius
1762 3092 1834 3158 in
1884 3089 2057 3177 folio
2101 3104 2246 3157 non
2283 3084 2732 3189 exprimitur,
2772 3099 2915 3172 quo

252 3192 318 3264 in
362 3215 587 3289 regno
638 3200 776 3270 sita
828 3206 1016 3271 esset
1067 3201 1407 3272 dioecesis
1461 3196 1651 3272 illiu's
1709 3197 1990 3287 vicarii,
2034 3200 2156 3289 qui
2205 3195 2751 3270 controversiam
2807 3194 2919 3266 in-

249 3311 626 3382 struxerat.
670 3307 1017 3392 Quoniam
1073 3330 1236 3384 vero
1290 3330 1499 3383 omae
1537 3312 1835 3383 dubium
1890 3311 2281 3381 remisisset
2322 3306 2767 3398 apertissima
2807 3314 2917 3377 ta-

245 3436 368 3492 xae
419 3419 996 3495 Innocentianae
1049 3424 1419 3514 dispositio
1469 3421 1543 3518 ἓ.
1590 3424 1670 3494 ln
1726 3424 1959 3494 causis
1995 3428 2060 3493 et
2110 3419 2427 3493 materiis
2482 3415 2917 3508 respicienti-

241 3527 356 3603 bus
405 3534 987 3616 matrimonium,
1021 3533 1191 3605 hinc
1241 3536 1441 3624 argui
1497 3552 1704 3624 posse
1759 3534 2079 3621 videtur,
2138 3531 2329 3623 quod
2384 3546 2682 3620 regnum
2737 3526 2915 3598 illud

242 3639 310 3710 in
359 3638 583 3715 Italia
641 3646 932 3717 minime
986 3646 1364 3732 existeret3
1425 3652 1942 3735 proptereaque
1998 3644 2496 3732 dubitabatur,
2538 3662 2630 3713 an
2686 3641 2919 3732 appli-

239 3756 503 3826 cationi
562 3763 770 3827 taxae
823 3752 1385 3828 Innocentianae
1432 3759 1627 3828 locus
1680 3762 1894 3844 esset,
1931 3755 2305 3826 etidcirco
2342 3754 2434 3825 ad
2487 3753 2769 3844 regulas
2806 3752 2916 3822 iu-

236 3865 330 3935 ris
380 3869 791 3938 communis
827 3869 1337 3941 recurrendum
1373 3875 1552 3956 erat,
1597 3875 1843 3958 utpote
1879 3885 2130 3957 reapse
2169 3867 2435 3939 lactum
2476 3872 2585 3936 est
2630 3865 2704 3936 in
2738 3863 2915 3955 folio

235 3978 790 4051 conscribenda.

373 4087 624 4160 Dubia
677 4108 884 4180 porro
935 4090 1035 4161 ita
1088 4097 1430 4184 concepta
1467 4097 1731 4163 erant.:
1780 4114 1817 4155 «
1856 4092 1922 4160 1.
1972 4091 2073 4162 An
2126 4091 2339 4164 liceat
2375 4086 2650 4160 vicario
2686 4085 2916 4159 Gene-

229 4222 267 4264 ι
304 4201 449 4271 rali
525 4201 802 4291 aliquid
874 4203 1187 4273 muneris
1255 4205 1403 4274 sire
1474 4203 1815 4292 stipendii
1882 4203 2097 4274 etiam
2170 4202 2522 4272 modicum
2594 4200 2915 4288 accipere

225 4332 262 4378 ι
303 4329 444 4402 pro
501 4312 1029 4403 subscriptione
1082 4320 1154 4385 et
1188 4314 1448 4401 sigillo,
1488 4314 1636 4385 sire
1672 4313 1811 4384 alia
1851 4313 2173 4403 qualibet
2210 4313 2297 4384 de
2338 4331 2553 4383 causa
2603 4319 2675 4383 et
2715 4310 2917 4382 titulo

225 4446 263 4488 ι
305 4426 384 4495 in
423 4425 889 4497 exsecutione
931 4421 1326 4496 Literurum
1358 4425 1918 4515 Apostolicarum
1956 4424 2516 4515 dispensationis
2554 4425 2918 4495 matrimo-

216 4559 254 4601 ι
297 4535 536 4607 nialis
572 4537 642 4607 iu
675 4533 889 4606 casu!
929 4536 1001 4604 2.
1032 4535 1165 4621 An,
1201 4535 1492 4625 quibus,
1526 4543 1598 4607 et
1627 4533 1983 4624 quomodo
2015 4538 2109 4607 sit
2149 4537 2342 4607 locus
2371 4529 2913 4608 restitutioni‘i»

219 4647 454 4722 Sacra
502 4646 971 4741 congregatio
1009 4650 1376 4738 respondit
1428 4649 1544 4720 die
1597 4647 1717 4720 20.
1762 4641 2080 4719 Ianuarii
2122 4649 2372 4720 1787.:
2434 4671 2472 4715 ‹
2509 4648 2611 4722 Ad
2668 4648 2737 4718 1.
2780 4642 2922 4720 Ne-
