3497 5235
1020 272 1140 346 0⁸1.
1167 274 1264 331 111.
1304 273 1374 330 Do
1415 272 1549 329 olore
1590 273 1863 332 enodari.
1905 278 1959 349 ἓ.
1985 274 2034 331 7.
2738 271 2856 334 399

220 432 251 472 2
281 402 667 495 Episcopus
718 405 1128 494 permittere
1183 405 1372 478 valet
1424 407 1722 479 aliorum
1770 407 2071 480 fontium
2124 409 2619 495 retentionem,
2660 415 2740 479 ut
2780 409 2853 480 in

219 542 250 582 ι
287 516 662 588 Guardt‘en.
706 513 911 587 Font.
961 515 1163 609 bapt.
1224 519 1294 588 8.
1355 517 1532 609 Aug.
1599 520 1811 589 1694.
1860 544 1896 588 »
1939 519 2241 607 aliisque
2293 518 2535 591 multis
2589 518 2854 591 ibidem

215 626 518 718 allegatis
571 626 1204 715 declarationibus,
1247 628 1513 718 quibus
1566 631 1840 701 accedit
1875 637 1944 701 et
1997 630 2153 718 ipsa
2191 629 2572 701 Ferentino
2623 630 2718 702 ad
2769 630 2851 702 2.

216 747 272 811 et
321 739 705 809 novissima
762 738 1067 810 Reatina
1124 740 1237 810 14.
1282 736 1441 811 Ian.
1489 741 1735 829 1860„
1778 742 1853 812 in
1907 758 2048 829 qua
2102 737 2171 811 S.
2215 738 2466 830 Congr.
2525 741 2858 831 parochis

212 848 642 940 baptismalis
695 849 911 922 fontis
965 853 1561 924 constructionem
1618 850 2123 942 expetentibus
2193 851 2657 923 annuendum
2712 871 2857 925 non

210 980 346 1033 esse
395 963 677 1034 censuit
729 979 810 1032 ea
865 961 952 1032 de
993 981 1234 1049 causa,
1278 964 1470 1052 quod
1523 982 1711 1035 unus
1761 962 1917 1034 lons
1951 962 2399 1052 baptismalis
2453 965 2856 1052 antiquitus

207 1073 273 1143 in
319 1073 712 1145 cathedrali
752 1081 1033 1145 erectus
1072 1073 1399 1146 exstabat
1452 1076 1526 1146 in
1579 1093 1786 1146 usum
1823 1075 2042 1146 totius
2079 1074 2382 1145 civitatis
2435 1073 2846 1145 infantium.

336 1185 508 1256 250.
551 1181 849 1265 Quando
903 1204 1069 1256 vero
1124 1185 1377 1257 unicus
1429 1185 1588 1259 fons
1641 1185 2091 1278 baptismalis
2143 1187 2215 1257 in
2267 1184 2685 1271 cathedrali,
2729 1191 2855 1255 aut

207 1295 568 1385 collegiata
621 1297 886 1383 existit,
928 1296 1244 1386 parochi,
1305 1296 1566 1386 quibus
1620 1297 1998 1369 subiacent
2051 1297 2362 1368 infantes
2429 1294 2691 1367 ibidem
2746 1294 2855 1366 lu-

203 1405 537 1477 stralibus
586 1407 793 1494 aquis
848 1410 1270 1497 regenerati,
1314 1408 1782 1498 praetendere
1818 1414 2188 1497 nequeunt
2243 1407 2332 1478 ab
2380 1407 2673 1478 ecclesia
2724 1405 2854 1476 ba-

203 1518 537 1607 ptismali,
577 1525 658 1588 ut
709 1517 1120 1589 schedulam
1159 1519 1294 1590 sibi
1347 1521 1742 1606 remittant,
1787 1538 1929 1608 qua
1966 1519 2054 1590 de
2107 1520 2363 1590 collato
2406 1519 2709 1609 singulis
2745 1518 2857 1587 in-

200 1627 515 1699 fantibus
582 1627 1015 1720 baptismate
1085 1631 1409 1702 notitiam
1463 1630 1900 1721 praebeant:
1959 1632 2133 1701 satis
2195 1638 2303 1701 est
2355 1632 2588 1718 enim,
2647 1636 2729 1700 ut
2779 1629 2854 1698 in

201 1740 370 1812 libro
425 1740 623 1831 apud
660 1741 1030 1811 ecclesiam
1067 1740 1566 1833 baptismalem
1605 1750 1965 1814 asservato
2019 1744 2215 1814 iuxta
2262 1739 2548 1812 Rituale
2594 1738 2856 1811 Roma-

198 1869 361 1922 num
417 1851 765 1941 baptismi
820 1853 1100 1923 collatio
1152 1852 1621 1924 describatur.
1674 1850 1932 1943 Itaque
1984 1854 2059 1923 in
2114 1859 2498 1924 memorata
2552 1853 2855 1924 Reatina

197 1982 346 2035 curn
388 1971 861 2053 quaereretur
897 1965 968 2034 in
1008 1965 1320 2037 secundo
1358 1964 1621 2037 dubio:
1671 1989 1708 2030 αι
1756 1964 1857 2035 An
1893 1966 1984 2037 sit
2023 1965 2214 2035 locus
2250 1964 2615 2035 traditioni
2652 1963 2855 2035 sche-

190 2064 521 2146 dularum
554 2075 792 2147 collati
823 2076 1275 2164 baptismatis
1303 2077 1375 2146 in
1414 2070 1623 2148 casu?
1649 2100 1685 2144 »
1719 2074 1795 2146 S.
1827 2075 1900 2146 C.
1938 2076 2326 2166 respondit:
2367 2097 2403 2140 α
2427 2071 2848 2166 Negative.»

333 2188 510 2259 251.
559 2186 627 2258 Si
683 2189 845 2277 quis
899 2187 1294 2259 infantulus
1348 2188 1655 2279 parocho
1725 2188 2205 2279 baptizandus
2257 2187 2592 2258 offeratur
2652 2190 2854 2257 extra

187 2300 728 2370 matrimonium
798 2301 1251 2389 progenituS,
1311 2301 1478 2371 licet
1529 2320 1615 2372 ex
1670 2299 1859 2389 vulgi
1932 2299 2120 2370 fama
2175 2300 2631 2385 traducatur,
2692 2297 2852 2386 quis

133 2410 390 2502 'pater
449 2411 674 2500 ipsius
727 2409 965 2496 luerit,
1010 2417 1079 2481 et
1131 2412 1484 2501 parochus
1537 2412 1898 2483 moraliter
1932 2429 2007 2482 se
2060 2410 2375 2481 eiusdem
2428 2411 2529 2481 rei
2584 2415 2854 2480 certum

182 2523 612 2607 arbitretur,
658 2540 802 2592 non
842 2520 1057 2592 debet
1110 2541 1369 2594 nomen
1408 2524 1586 2609 eius,
1631 2540 1843 2611 quem
1900 2527 2168 2612 patrem
2209 2528 2440 2613 putat,
2481 2521 2584 2592 uti
2632 2519 2855 2610 patris

174 2637 251 2705 in
310 2635 507 2706 libro
561 2633 1083 2723 baptizatorum
1138 2635 1547 2706 inscribere.
1590 2632 1802 2704 Porro
1848 2653 2008 2707 cum
2062 2634 2469 2705 huiusmodi
2519 2651 2727 2705 casus
2782 2632 2857 2701 in

176 2747 502 2819 dioecesi
546 2742 923 2836 Eugubina
968 2745 1367 2833 accidisset,
1413 2746 1764 2836 parochus
1801 2765 2059 2816 nomen
2101 2747 2320 2837 patris
2358 2745 2849 2830 adnotaverat,

172 2866 242 2930 et
300 2860 558 2929 delere
595 2863 838 2928 contra
891 2853 1223 2947 Episcopi
1261 2860 1531 2929 iussum
1584 2857 2047 2929 detrectabat.
2088 2856 2434 2937 Quoniam
2477 2872 2636 2925 vero
2690 2871 2858 2924 con-

165 2975 274 3060 tra
338 2977 633 3062 patrem
703 2968 1099 3057 putativum
1171 2969 1522 3040 iudicialis
1592 2970 1958 3058 inquisitio
2010 2968 2342 3040 inchoata
2396 2966 2669 3053 luerat,
2728 2964 2857 3035 sed

163 3082 516 3151 nondum
575 3078 663 3148 ad
705 3078 916 3149 finem
974 3080 1315 3167 perducta
1370 3088 1545 3168 erat,
1590 3098 1822 3169 neque
1860 3080 2212 3151 sententia
2272 3077 2639 3148 definitiva
2694 3091 2857 3164 pro-

155 3190 309 3262 lata
362 3190 637 3275 fuerat,
681 3188 753 3259 S.
790 3188 862 3259 C.
907 3188 1145 3282 Episc.
1189 3199 1258 3263 et
1301 3189 1552 3282 Regul.
1597 3191 1712 3262 die
1748 3193 1819 3261 2.
1856 3187 2059 3261 Mart.
2109 3191 2319 3261 1860.
2365 3187 2849 3278 praescripsit,

151 3303 428 3373 haberi
484 3320 614 3390 pro
666 3301 882 3373 deleto
938 3304 1218 3374 nomine
1269 3304 1361 3375 Ν.
1404 3303 1496 3374 Ν.
1541 3298 1919 3393 (suppositi
1972 3297 2256 3395 patris),
2296 3302 2497 3393 facta
2549 3299 2623 3369 in
2679 3298 2857 3370 libro

144 3415 714 3505 baptizatorum
785 3413 1240 3486 adnotatione
1307 3414 1747 3486 resolutionis
1819 3414 2098 3485 huiusce
2156 3413 2225 3484 S.
2291 3413 2365 3485 C.
2426 3410 2593 3482 Cum
2665 3411 2855 3481 enim

139 3524 366 3597 bisce
439 3525 520 3593 in
574 3521 859 3593 casibus
897 3521 1182 3597 Rituale
1235 3522 1638 3596 Romanum
1681 3543 1940 3595 nomen
1976 3525 2221 3594 saltem
2259 3524 2551 3595 alterius
2594 3540 2859 3613 paren-

142 3638 284 3718 tis,
330 3636 435 3707 de
497 3653 630 3723 quo
681 3641 987 3716 constat,
1041 3635 1345 3707 describi
1400 3637 1658 3722 edicat,
1718 3642 1789 3706 et
1842 3636 2133 3725 insuper
2185 3652 2467 3705 omnem
2520 3633 2858 3705 infamiae

135 3749 649 3819 occasionem
699 3746 907 3816 vitari
962 3745 1229 3833 iubeat,
1291 3749 1769 3818 necessarium
1839 3765 1981 3817 non
2052 3765 2207 3817 esse
2259 3747 2489 3817 visum
2543 3745 2718 3833 fuit,
2777 3749 2856 3816 ut

131 3855 520 3949 parentis
573 3856 873 3943 putativi
944 3875 1202 3928 nomen
1255 3876 1414 3928 cum
1486 3860 1797 3948 periculo
1849 3859 2167 3931 eiusdem
2237 3856 2469 3928 famae
2538 3859 2613 3928 in
2678 3855 2856 3927 libro

125 3966 655 4064 baptismatis
707 3975 1218 4057 recenseretur,
1279 3975 1666 4059 antequam
1723 3989 1810 4041 ex
1861 3972 1963 4042 rei
2033 3971 2390 4042 iudicatae
2450 3968 2856 4041 testimonio

123 4084 207 4156 id
273 4084 544 4176 plane
598 4083 979 4150 constaret.

291 4189 516 4264 252.
560 4184 664 4256 Ex
717 4191 1066 4278 particula
1120 4190 1207 4262 de
1259 4190 1458 4261 libris
1494 4190 2045 4281 baptismalibus
2099 4192 2231 4263 rite
2268 4192 2645 4282 desumpta
2697 4208 2859 4281 pro-

109 4306 410 4384 batur,
476 4298 671 4387 quod
726 4301 884 4388 quis
938 4300 1372 4394 baptismate
1424 4301 1714 4374 ablutus
1768 4301 2004 4389 luerit,
2047 4304 2360 4392 itemque
2424 4303 2851 4392 ostenditur,

109 4440 278 4511 qua
355 4410 557 4503 quis
611 4416 846 4483 aetate
899 4413 1329 4485 constitutus
1381 4414 1514 4500 sit,
1572 4419 1689 4501 ut,
1741 4414 1982 4483 multis
2036 4414 2359 4504 allegatis
2410 4413 2849 4504 doctoribus,

101 4534 362 4607 docet
439 4518 770 4593 Barbosa
825 4522 875 4594 l.
920 4544 980 4595 c.
1030 4543 1104 4595 n.
1146 4524 1218 4596 4.
1262 4530 1332 4597 et
1383 4521 1566 4596 Rota
1620 4526 1783 4597 Dec.
1845 4523 2013 4596 592.
2077 4545 2272 4596 num.
2322 4525 2395 4596 2.
2441 4527 2528 4598 P.
2590 4527 2649 4599 I.
2695 4528 2853 4599 Rec.

97 4653 173 4722 et
239 4644 470 4716 Dec.
526 4634 642 4706 15.
685 4654 760 4707 η.
799 4635 873 4707 2.
920 4637 1007 4710 P.
1052 4637 1149 4709 ΙΙ.
1193 4638 1351 4710 Rec.
1409 4643 1474 4712 et
1527 4639 1602 4710 in
1659 4639 1984 4710 Romana
2035 4638 2235 4711 Null.
2297 4638 2506 4733 obliq.
2572 4640 2688 4712 16.
2746 4634 2861 4712 Ia-
