3497 5235
601 283 721 350 348
1349 284 1721 344 Iusti-notioni·
1762 283 1815 341 Β.
1844 282 2028 355 Gongr.
2054 281 2203 342 0010.
2244 284 2515 358 expositio.

600 428 684 493 ut
733 438 913 512 opus
964 418 1307 507 informe,
1366 438 1742 507 mancum,
1800 424 1872 490 et
1922 417 2048 488 tini
2105 417 2464 509 proposito
2518 416 2806 487 minime
2857 416 3233 489 conducens

598 531 1150 626 praeseferrent.
1206 527 1461 621 ltaque
1513 547 1658 602 rem
1710 549 1859 602 non
1913 531 2238 600 inutilem
2310 547 2441 601 nos
2501 528 2812 601 tacturos
2862 548 3020 602 esse
3075 529 3238 601 duci-

602 661 787 731 mus,
844 643 904 714 si
957 642 1196 733 paullo
1246 643 1694 714 enucleatius
1745 641 1935 712 hanc
1988 642 2360 713 materiam
2396 640 2839 712 evolvamus.
2890 637 2979 712 Id
3033 647 3237 713 autem

601 755 701 825 ita
739 755 1021 844 assequi
1059 772 1267 846 passe
1303 773 1704 842 censemus,
1762 753 1823 824 si
1875 754 1950 824 in
2004 753 2412 843 exemplum
2447 771 2933 846 proponamus
2980 752 3237 843 aliquod

601 866 1010 939 huiusmodi
1046 875 1473 940 statutorum
1514 884 1798 956 corpuS,
1832 865 2023 954 quod
2062 865 2465 936 accuratius
2502 870 2573 935 et
2607 864 2996 955 perfectius
3032 864 3242 936 videa-

600 986 747 1064 tur,
805 996 949 1050 nou
1003 977 1291 1067 quidem
1347 984 1522 1065 toto,
1579 981 1791 1067 prout
1844 977 2072 1066 iacet,
2129 993 2340 1066 opere
2392 974 2784 1061 offerend0‚
2833 974 2959 1047 sed
2997 993 3242 1047 eorum·

602 1088 764 1161 dem
801 1089 1155 1180 capitibus
1192 1089 1527 1161 distincte
1564 1087 2051 1162 recensendis.
2096 1084 2473 1179 Seligimus
2519 1088 2890 1177 speciatim
2929 1087 3244 1159 constitu-

599 1202 832 1272 tiones
883 1200 1314 1273 cathedralis
1364 1198 2012 1273 Centumcellarum
2065 1194 2176 1294 (1)
2229 1197 2557 1271 conditas
2611 1200 2901 1291 auspice
2964 1206 3037 1271 et
3098 1199 3247 1270 duce

601 1312 692 1384 cl.
735 1331 948 1384 mem.
991 1312 1352 1385 Cardinali
1404 1311 1878 1403 Falzacappa‚
1919 1313 2069 1384 viro
2114 1312 2216 1383 rei
2255 1311 2481 1383 civilis
2519 1320 2592 1386 et
2628 1313 2956 1383 canonici
2999 1311 3251 1402 peritis-

596 1425 801 1512 sim0,
861 1425 983 1514 qui
1038 1424 1411 1497 Secretarii
1481 1421 2196 1515 S.·Congregationis
2260 1421 2551 1495 Concilii
2616 1441 2909 1496 munere
2980 1422 3247 1496 functus

595 1533 856 1624 fuerat,
912 1543 984 1608 et
1036 1534 1448 1608 Praefectus
1484 1542 1637 1607 erat
1690 1538 2063 1626 utriusque
2102 1536 2580 1628 Signaturae3
2637 1536 2856 1626 idque
2893 1554 2978 1608 eo
3014 1535 3242 1625 magiS,

598 1648 789 1737 quod
843 1648 963 1720 illo
1017 1667 1232 1739 opera
1283 1668 1457 1720 usus
1509 1654 1617 1722 est
1670 1650 1979 1720 virorum
2031 1649 2131 1721 rei
2185 1648 2715 1722 ecclesiasticae
2768 1648 3077 1720 scientia
3122 1664 3252 1737 per-

596 1759 1016 1850 insignium,
1075 1761 1196 1849 qui
1250 1769 1496 1850 postea
1533 1760 1800 1850 primos
1837 1756 2206 1832 Romanae
2241 1759 2482 1831 curiae
2517 1759 2827 1832 honores
2863 1766 2938 1831 et
2974 1774 3246 1830 munera

599 1871 842 1964 adepti
895 1877 1095 1943 sunt.

749 1982 915 2056 150.
975 1979 1202 2074 Igitur
1235 1982 1878 2056 Centumcellarum
1917 1983 2037 2054 illa
2073 1989 2346 2055 statuta
2391 1984 2466 2054 in
2501 1982 2734 2073 prima
2770 1982 3036 2073 pagina
3075 1996 3255 2072 prae-

596 2091 938 2165 fationem
991 2093 1509 2184 praescierunt,
1568 2095 1642 2165 in
1694 2113 1838 2183 qua
1893 2095 2091 2166 iuxta
2146 2112 2466 2166 normam
2504 2115 2544 2165 a
2581 2092 2892 2166 Concilio
2947 2089 3247 2164 Romano

598 2205 1034 2296 propositam
1089 2206 1430 2277 ecclesiae
1482 2207 1720 2297 origo,
1782 2205 2045 2296 gradus
2097 2205 2446 2277 honorum
2516 2205 2893 2295 subsequo
2958 2211 3253 2294 tempore

597 2318 958 2406 acquisiti,
985 2317 1354 2408 privilegia
1392 2338 1430 2388 a
1470 2318 1759 2391 Summo
1794 2314 2136 2390 Pontissce
2165 2318 2547 2408 impetrata
2586 2315 3121 2390 describuntur.
3152 2315 3251 2386 Se-

598 2434 921 2517 quuntur
954 2427 1250 2500 totidem
1281 2429 1614 2501 distincta
1646 2431 1910 2520 capita,
1947 2430 2318 2501 videlicet:
2355 2432 2454 2502 De
2485 2429 2882 2510 canonicis,
2914 2444 3256 2517 eorumque

599 2539 1029 2611 admissione
1078 2547 1144 2612 et
1190 2541 1708 2632 praecedentia.
1771 2542 1871 2613 De
1922 2542 2210 2614 servitio
2260 2542 2588 2613 ecclesiae
2645 2545 2710 2611 et
2761 2537 3249 2612 vacationibus.

600 2651 702 2722 De
735 2650 1003 2723 divinis
1054 2653 1294 2745 officiis
1330 2659 1396 2724 et
1445 2671 1683 2726 eorum
1735 2654 2219 2726 celebratione.
2280 2653 2381 2725 De
2415 2654 2639 2727 Missa
2676 2648 3150 2729 conventuali,
3180 2646 3250 2719 de

590 2762 930 2834 reditibus
982 2764 1341 2847 ecclesiae,
1394 2765 1477 2836 de
1526 2766 1893 2857 capituliS,
1948 2785 2067 2837 seu
2100 2765 2614 2855 capitularibus
2652 2762 3124 2836 conventibus.
3164 2759 3250 2831 De

593 2874 998 2966 officialibus
1049 2895 1417 2967 eorumque
1465 2873 1820 2949 electione.
1864 2875 1964 2947 De
1997 2878 2213 2970 officio
2247 2875 2659 2948 camerarii.
2703 2875 2804 2946 De
2837 2874 3051 2966 officio
3098 2887 3249 2959 syn-

591 2984 957 3058 dacorum.
1018 2988 1119 3059 De
1166 2988 1384 3080 officio
1426 2988 1782 3079 praesidis
1833 3006 2240 3060 causarum.
2305 2988 2404 3059 De
2453 2987 2669 3080 officio
2720 2985 3101 3058 secretarii.
3153 2981 3247 3053 De

592 3099 808 3191 officio
843 3101 1295 3173 archivistae.
1342 3101 1442 3172 De
1476 3101 1694 3194 officio
1734 3101 2210 3193 punctatoris.
2256 3101 2355 3172 De
2398 3100 2832 3192 praeposito,
2869 3099 2993 3191 qui
3026 3096 3245 3190 prima

592 3210 907 3301 diqnitas
958 3217 1062 3282 est
1124 3230 1284 3284 cum
1335 3230 1511 3283 cura
1562 3213 2003 3284 animarum.
2063 3214 2165 3284 De
2216 3212 2558 3284 canonico
2610 3211 2943 3303 theoloqo.
3003 3210 3096 3282 De
3140 3225 3255 3279 ca-

591 3323 846 3394 nonico
889 3322 1465 3413 poenitentiariO.
1526 3324 1626 3395 De
1676 3341 2052 3395 sacrarum
2102 3324 2708 3396 caeremoniarum
2760 3323 3116 3415 maqistro.
3160 3317 3251 3389 De

590 3434 1049 3525 beneficiatis,
1100 3434 1279 3506 idest
1329 3435 1870 3511 mansionariis.
1913 3436 2013 3507 De
2056 3435 2636 3507 constitutionum
2687 3434 2761 3507 vi
2808 3440 2878 3506 et
2927 3434 3253 3521 interpre-

592 3546 883 3617 tatione.
1063 3531 1068 3535 ’
2784 3536 2794 3550 ’

744 3657 909 3727 151.
965 3655 1130 3728 Post
1181 3657 1360 3730 haec
1411 3660 1485 3729 in
1540 3661 1938 3750 appendice
1991 3661 2285 3733 affertur
2329 3661 2611 3734 Tabella
2655 3661 3249 3736 distributionum,

589 3768 708 3839 ubi
759 3768 1304 3852 determinatur,
1356 3777 1702 3862 quantum
1771 3773 2016 3864 cuique
2073 3791 2209 3864 pro
2277 3773 2575 3864 sinqulis
2628 3773 2862 3860 horis,
2914 3778 2983 3843 et
3038 3766 3252 3843 sacris

584 3879 1067 3972 functionibus
1105 3881 1311 3953 iuxta
1330 3882 1619 3963 ‚dierum
1655 3884 2138 3956 diversitatem
2172 3884 2538 3973 obtinqat,·
2589 3883 2754 3956 dein
2802 3884 3079 3956 Tabeita
3107 3878 3253 3950 die·-

587 4010 749 4063 rum
785 3993 1326 4078 solemniorum,·
1370 3994 1655 4066 Tabella
1689 3996 2105 4075 Missurum,
2141 3994 2217 4065 in
2253 3995 2499 4086 quibus
2537 3996 2794 4069 Missae
2829 4002 2893 4068 et
2941 3995 3258 4086 vesperae

590 4121 637 4172 a
691 4104 777 4174 R.
820 4105 908 4175 P.
953 4105 1043 4175 11.
1090 4105 1547 4197 Suffraqaneo
1597 4106 2086 4178 celebrantur.-
2158 4124 2241 4177 eo
2293 4107 2647 4195 siquidem
2718 4112 3033 4197 tempore
3078 4100 3258 4172 Cen·-

585 4215 1086 4286 tumcellarum
1123 4217 1423 4288 ecclesia
1461 4236 1501 4287 a
1538 4214 1899 4288 Cardinali
1949 4216 2446 4289 suburbicario
2494 4216 2918 4308 regebatur3
2983 4210 3257 4288 Tabella

587 4326 895 4409 dierum,
947 4329 1194 4419 quibus
1248 4330 1468 4403 Missa
1519 4330 1845 4402 canenda
1878 4336 1979 4402 est
2023 4350 2070 4401 a
2103 4332 2445 4402 canonico
2487 4329 3076 4422 poenitentiario;
3111 4324 3261 4394 Ta-

586 4436 769 4509 beila
803 4439 1461 4513 anniversariorum
1476 4464 1510 4527 ,·
1555 4441 1840 4514 Tabella
1872 4441 2168 4514 horaria
2185 4465 2219 4527 ,·
2256 4440 2593 4514 Formula
2628 4441 3010 4513 iuramenti
3046 4451 3265 4529 prae-

730 4679 811 4755 (1)
850 4686 1053 4737 Romae
1092 4705 1157 4739 ox
1201 4688 1574 4752 typographia
1611 4689 1942 4756 Contudini,
1988 4691 2146 4743 1840.
