3497 5235
604 294 724 361 294
1360 299 1729 358 humationi·
1772 299 1825 358 S.
1854 300 2037 376 Gongr.
2066 301 2213 359 Οοιιο.
2253 302 2526 377 expositio.

757 429 877 501 45.
932 428 1531 503 Paenitentiarius
1599 451 1745 504 non
1803 439 2038 523 potest
2111 433 2277 525 eligi
2345 436 2421 506 in
2491 439 2984 526 punctatorem
3019 483 3038 519 ,
3107 447 3251 500 nam

609 541 979 632 disputato
1032 542 1252 614 dubio
1301 561 1523 634 penes
1576 542 1649 616 S.
1706 541 1782 615 C.
1839 542 2053 616 Conc.
2113 546 2189 616 in
2269 565 2513 635 causa,
2571 547 2685 617 cui
2736 544 2990 617 titulus
3045 541 3257 614 Dubia

609 654 976 726 Paeniten.
1017 654 1089 724 3.
1131 651 1287 727 Oct.
1350 655 1563 725 1671.
1624 649 1853 750 (apud
1922 653 2266 728 Zamboni
2335 657 2555 729 verbo
2615 656 3018 748 Capitulum
3068 652 3144 748 g.
3196 652 3254 724 6.

608 784 805 838 num.
865 765 934 838 1.
990 767 1128 840 vol.
1187 768 1261 838 2.
1310 786 1480 858 paq.
1515 766 1684 867 370.
1717 773 1791 838 et
1844 767 2103 859 legitur
2155 769 2346 860 apud
2399 766 2474 840 S.
2507 765 2581 839 C.
2624 766 2835 839 Conc.
2877 764 3115 837 13101.
3157 764 3262 835 Pi-

601 887 895 949 sauren.
957 879 1229 952 Camer.
1288 879 1408 949 21.
1464 874 1641 949 Nov.
1704 878 1921 951 1761.
1960 878 2034 975 ἓ.
2077 879 2523 977 Propterea):
2587 902 2624 945 ‹
2669 880 2772 949 An
2824 879 2976 968 ipse
3026 875 3265 948 Poeni·

615 1012 653 1058 >
690 990 1068 1062 tentiarius
1119 1009 1300 1062 onus
1352 989 1621 1062 habeat
1671 991 2084 1063 assumendi
2138 991 2858 1078 administrationem,
2897 1008 3022 1061 seu
3078 1006 3263 1060 oeco-

616 1123 653 1167 »
696 1101 1007 1171 nomiam
1060 1099 1409 1172 bonorum
1472 1109 1542 1173 et
1594 1120 1834 1174 rerum
1882 1103 2432 1194 capitularium,
2488 1108 2569 1174 ut
2621 1102 2833 1174 ceteri
2903 1101 3261 1188 canonici,

617 1231 654 1277 α
695 1217 766 1283 et
816 1230 911 1282 an
962 1212 1178 1284 etiam
1255 1211 1567 1285 officium
1621 1216 2064 1306 punctatoris
2117 1217 2191 1286 in
2246 1211 2580 1287 choro‘b
2666 1215 3083 1305 negativum
3139 1232 3268 1284 res-

610 1339 953 1413 sponsum
1006 1323 1254 1395 datum
1309 1324 1468 1396 luit.
1528 1322 1740 1397 Ratio
1776 1333 1910 1414 est,
1953 1328 2150 1417 quia,
2210 1345 2370 1399 cum
2424 1326 2907 1398 confessiones
2951 1326 3024 1396 in
3064 1343 3269 1419 appo-

608 1434 745 1506 sita
796 1434 967 1506 sede
1019 1440 1353 1508 teneatur
1403 1437 1729 1528 excipere
1783 1438 1978 1509 horis
2053 1439 2473 1529 opportunis
2505 1492 2524 1527 ,
2584 1445 2658 1510 et
2707 1439 2987 1528 quoties
3039 1436 3272 1528 poeni-

610 1549 845 1617 tentes
916 1545 1380 1619 confessionis
1449 1546 1791 1620 tribunali
1845 1567 2001 1621 sese
2079 1550 2388 1638 sistunt,
2447 1567 2737 1640 operam
2790 1549 2963 1621 dare
3032 1548 3270 1637 nequit

607 1655 696 1727 iis
748 1657 1232 1748 explorandis,
1274 1659 1397 1748 qui
1451 1659 1544 1730 ad
1580 1658 1876 1730 chorum
1913 1661 2285 1749 accedant,
2326 1662 2453 1750 qui
2488 1678 2671 1732 non:
2714 1666 2784 1732 et
2838 1661 3007 1731 item
3064 1680 3109 1729 a
3147 1676 3272 1749 quo

609 1773 958 1858 tempore,
1015 1769 1127 1841 vel
1180 1768 1469 1859 quando
1521 1789 1597 1841 se
1648 1780 2063 1861 praesentes
2100 1773 2174 1844 in
2223 1771 2435 1843 choro
2470 1772 2887 1844 exhibeant.

761 1881 880 1953 46.
936 1879 1402 1952 Punctatores
1455 1881 1776 1971 quolibet
1827 1902 2018 1955 anno
2070 1890 2241 1956 sunt
2292 1905 2333 1955 a
2385 1881 2710 1975 Capitulo
2763 1881 3269 1955 cathedralium

612 2000 685 2066 et
735 1993 1268 2084 collegiatarum
1323 1993 1661 2085 eligendi,
1703 1994 1998 2065 minime
2050 2013 2213 2067 vero
2249 1994 2429 2066 baec
2483 1995 2733 2067 electio
2784 1994 2877 2065 ab
2931 1994 3276 2066 archidia-

614 2126 819 2196 cono,
853 2113 979 2180 aut
1029 2105 1120 2178 ab
1174 2107 1332 2178 aliis
1386 2107 1734 2197 privative
1786 2113 1895 2178 est
1920 2109 2345 2180 exercenda.
2379 2110 2828 2181 Conversana
2857 2107 3267 2179 Punctator.

616 2218 687 2289 4.
746 2216 913 2292 Dec.
977 2218 1191 2290 1706.
1249 2218 1410 2290 dub.
1472 2217 1541 2290 1.
1599 2218 1794 2309 apud
1848 2215 2189 2290 Zamboni
2246 2221 2376 2291 loc.
2435 2221 2557 2292 cit.
2616 2239 2691 2291 n.
2751 2219 2820 2291 6.

763 2331 882 2401 47.
941 2330 1013 2400 Si
1065 2327 1460 2421 Episcopus
1513 2336 2310 2421 contra-punctatorem
2364 2331 2621 2422 eligere
2673 2330 2871 2418 velit,
2930 2326 3001 2398 S.
3060 2327 3265 2419 Cong.

616 2438 828 2512 Conc.
863 2440 1130 2512 factum
1181 2438 1513 2534 Episcopi
1552 2460 1697 2513 non
1734 2443 2139 2534 improbat3
2197 2460 2363 2515 nam
2418 2443 2495 2514 in
2547 2442 2791 2515 Athen.
2825 2440 2973 2513 Bit.
3013 2446 3082 2512 et
3116 2441 3270 2529 Req.

620 2552 812 2626 Eccl.
851 2554 969 2626 19.
1027 2551 1223 2644 Sept.
1270 2553 1484 2627 1710.
1528 2555 1889 2648 proposito
1941 2554 2062 2627 24.
2105 2554 2353 2627 dubio:
2415 2575 2452 2622 α
2490 2552 2594 2627 An
2630 2550 3027 2645 Episcopus
3063 2551 3278 2643 possit

601 2672 660 2733 ¹»
701 2666 1047 2756 deputare
1085 2662 1919 2757 contra-punctatorem3
1943 2692 1981 2735 ›
2024 2666 2097 2738 S.
2129 2665 2203 2738 C.
2236 2667 2640 2758 rescripsit:
2687 2689 2724 2730 ε
2754 2664 3182 2737 Affirmative
3206 2687 3268 2730 ».

766 2778 885 2850 48.
928 2774 1013 2848 In
1055 2778 1519 2851 Salernitana
1557 2780 1792 2851 Edict.
1832 2779 1954 2849 27.
1982 2775 2177 2870 Sept.
2219 2780 2431 2850 1732.
2465 2778 2830 2869 proposito
2871 2778 2989 2848 16.
3030 2775 3270 2849 dubio:

607 2900 658 2955 ¹«
703 2887 805 2960 An
858 2889 1110 2961 electio
1162 2891 1607 2980 punctatoris
1659 2890 1847 2962 tacta
1882 2908 2010 2981 per
2050 2890 2697 2982 Arcbiepiscopum,
2730 2894 3015 2979 praeter
3064 2887 3274 2957 alium

621 3025 659 3068 ›
700 3019 742 3070 a
795 2998 1119 3092 Capitulo
1157 3002 1490 3090 electum,
1532 2996 2020 3073 sustineatur?
2073 3002 2441 3092 respondit
2494 3002 2743 3073 eadem
2798 2998 2870 3069 S.
2911 2998 2986 3072 C.
3024 2997 3274 3071 Conc.:

620 3137 658 3180 »
704 3110 1163 3201 Affirmative,
1221 3121 1292 3185 et
1342 3113 1695 3185 scribatur
1753 3112 2320 3203 Arcbiepiscopo,
2379 3118 2459 3183 ut
2509 3130 2758 3184 omnes
2818 3110 3274 3201 punctaturas

620 3248 658 3291 ›
697 3223 951 3296 reddat
988 3223 1383 3295 conformes
1420 3224 1867 3315 dispositioni
1896 3224 1968 3296 S.
2009 3222 2272 3297 Concil.
2307 3219 2625 3297 Trident.
2664 3248 2703 3290 ν
2757 3219 2944 3305 Quin
2981 3225 3112 3294 imo
3150 3222 3283 3294 du-

615 3335 822 3426 plicis
875 3336 1322 3425 punctatoris
1374 3336 1625 3408 electio
1678 3354 1991 3409 consona
2048 3343 2157 3409 est
2208 3336 2656 3427 dispositioni
2705 3333 2975 3426 Synodi
3025 3332 3281 3406 Medio-

614 3445 935 3517 lanensis
985 3466 1025 3516 a
1081 3444 1154 3516 S.
1190 3446 1434 3518 Carolo
1485 3447 1890 3520 celebratae
1943 3443 2120 3542 (Tit.
2163 3448 2246 3521 dc
2276 3449 2602 3539 punctat.
2644 3448 2757 3539 off.
2802 3448 2983 3518 Par.
3042 3447 3096 3517 Ι.
3128 3447 3275 3517 Act.

619 3556 783 3629 Ecc.
825 3558 1108 3630 Medici.
1156 3577 1328 3649 paq.
1370 3555 1566 3653 29.)‚
1603 3559 1728 3631 ubi
1782 3560 2148 3647 statuitur,
2190 3564 2272 3629 ut
2323 3576 2565 3629 eorum
2617 3577 2806 3628 unus
2860 3575 2899 3629 e
2936 3556 3276 3648 Capitulo,

618 3669 799 3740 alter
848 3668 940 3739 ab
992 3665 1343 3760 Episcopo
1397 3677 1697 3744 creetur.
1757 3668 1934 3744 Vide
1988 3668 2259 3742 Bened.
2301 3666 2491 3740 XIV.
2525 3669 2608 3741 de
2663 3671 2830 3758 Syn.
2890 3670 3103 3741 dioec.
3155 3667 3271 3738 lib.

604 3778 690 3851 A.
747 3799 906 3871 cap.
958 3779 1031 3850 A.
1088 3798 1280 3851 num.
1340 3780 1412 3854 3.

766 3891 884 3963 49.
942 3888 1212 3964 Bened.
1271 3889 1460 3963 XIV.
1516 3894 1568 3965 l.
1612 3912 1673 3965 c.
1716 3889 1853 3989 (ex
1904 3892 2114 3967 Conc.
2172 3912 2373 3985 prov.
2432 3888 2717 3964 Mediol.
2759 3888 2884 3961 IV.
2928 3891 3271 3966 Act.‘Ecc.

618 4004 902 4081 Medici.
931 4006 1140 4077 Part.
1178 4006 1234 4076 Ι.
1289 4025 1363 4096 p.
1400 4002 1605 4101 160.)
1660 4006 1907 4093 tradit,
1949 4003 2368 4077 S.Carolum
2406 4003 2741 4091 voluisse,
2775 4010 2856 4076 ut
2883 3999 3281 4075 huiusmodi

508 4114 514 4119 ’
617 4121 1079 4207 punctatores
1115 4116 1592 4189 iuramentum
1635 4134 1922 4207 quoque
1954 4123 2433 4209 praestarent,
2475 4116 2677 4186 cuius
2713 4115 3086 4186 formulam
3119 4130 3284 4185 con-

616 4228 842 4320 ceptis
892 4227 1127 4299 verbis
1179 4228 1542 4301 exscribit.
1577 4226 1661 4299 Id
1715 4230 1907 4301 enim
1957 4229 2230 4322 pluries
2267 4247 2305 4298 3
2360 4225 2431 4297 S.
2473 4225 2546 4300 C.
2588 4224 2798 4298 Conc.
2842 4227 3273 4299 declaratum

618 4345 752 4410 est.
807 4335 1133 4429 Namque
1188 4334 1521 4411 Summus
1572 4339 1691 4412 ille
1742 4338 2070 4412 Pontifex
2125 4339 2254 4410 loc.
2299 4338 2421 4409 cit.
2480 4338 2583 4408 sic
2633 4338 2913 4428 pergit:
2990 4362 3027 4402 ι
3059 4339 3285 4423 Atque

607 4460 659 4515 ‘›
700 4449 1084 4521 universim
1138 4451 1498 4540 loquendo
1534 4452 1796 4523 electos
1849 4453 1924 4522 in
1977 4455 2466 4542 punctatoreS‚
2516 4448 2938 4539 priusquam
2975 4448 3271 4521 officium

622 4581 660 4624 »
702 4567 1097 4649 assumant,
1140 4579 1296 4633 esse
1349 4561 1810 4634 iureiurando
1863 4559 2413 4652 obstringendos
2449 4558 2542 4629 ad
2578 4558 2760 4630 illud
2804 4561 3105 4634 fideliter
3144 4554 3283 4626 ob-

623 4693 662 4737 »
703 4670 1068 4758 eundum,
1125 4672 1354 4744 edixit
1405 4669 1477 4743 S.
1534 4670 1607 4744 C.
1667 4671 1879 4745 Conc.
1941 4674 2014 4744 in
2065 4674 2496 4749 Maceraten.
2564 4671 2707 4743 VV.
2770 4674 2898 4746 SS.
2966 4674 3099 4745 LL.
3145 4667 3273 4739 26.
