3497 5235
898 170 934 205 0

1011 320 1084 380 Do
1122 320 1428 381 visitatione
1468 320 1737 381 Sacrorum
1776 320 2038 380 himinum.
2769 317 2849 383 39

248 482 274 519 ι
308 450 528 528 Utrum
581 472 748 529 vero
797 460 1051 527 tantae
1102 452 1569 529 Lambertinii
1623 457 2137 550 exspectationi
2192 456 2549 530 cumulate
2585 456 2702 528 ille
2737 475 2852 529 sa-

245 594 274 635 »
306 568 643 655 tisfecerit,
700 568 923 641 nolite
978 586 1344 659 quaerere.
1387 569 1848 661 Accipiebant
1900 568 2228 662 Episcopi
2281 570 2846 661 elegantissimas

248 704 273 743 ›
304 679 540 765 literaS,
597 680 834 770 iisque
887 680 1343 754 vehementer
1375 681 1948 771 delectabantur,
2003 702 2238 773 neque
2275 682 2682 768 defuerunt,
2725 682 2848 770 qui

244 816 271 856 ι
300 789 742 866 Lucchesinio
772 799 1053 866 tantam
1088 813 1250 867 cum
1284 796 1633 890 sapientia
1680 797 2135 869 coniunctam
2170 794 2653 886 eloquentiam
2692 811 2850 884 gra-

246 930 274 971 »
302 906 715 978 tularentur.
761 931 799 974 ιι

351 1018 464 1090 88.
520 1016 699 1090 Cum
750 1015 1280 1091 Lanzbertinius
1312 1017 1595 1094 divinae
1633 1018 2118 1113 providentiae
2157 1035 2445 1089 munere
2482 1015 2571 1088 ad
2608 1016 2680 1088 S.
2722 1011 2852 1087 Pe-

236 1130 305 1200 tri
348 1126 762 1202 cathedram
812 1136 1219 1221 assumptus
1278 1129 1439 1220 fuit,
1511 1131 1604 1204 ob
1673 1130 1996 1204 eamdem
2064 1131 2506 1222 negotiorum
2571 1128 2848 1220 copiam

194 1240 448 1330 ·ingens
501 1241 930 1312 relationum
981 1242 1310 1314 cumulus
1357 1244 1710 1335 sepositus
1761 1247 2192 1330 exereverat,
2276 1241 2366 1314 ad
2421 1259 2601 1330 quas
2654 1239 2854 1312 Anti-

232 1353 397 1425 stites
449 1370 874 1443 responsum
926 1352 1459 1427 desiderabant.
1518 1352 1774 1445 Itaque
1833 1356 1908 1427 in
1959 1355 2030 1426 id
2086 1353 2356 1425 consilii
2416 1352 2728 1438 devenit,
2771 1356 2850 1423 ut

231 1462 409 1533 aliam
464 1460 1099 1554 congregationem
1162 1467 1237 1537 in
1289 1467 1566 1556 prioris,
1625 1484 1810 1557 quae
1866 1466 2212 1558 generalis
2266 1472 2398 1553 est,
2454 1461 2856 1555 Congrega-

230 1571 409 1646 tionis
434 1574 841 1647 subsidium
869 1583 1210 1667 perpetuo
1235 1576 1641 1668 deputaret,
1685 1596 1869 1669 quae
1902 1576 2355 1670 Conpreqate'o
2381 1575 2852 1668 particularis

230 1693 765 1776 nuncuparetur,
805 1693 877 1759 et
937 1689 1010 1760 in
1046 1688 1450 1762 huiusmodi
1486 1689 1954 1763 relationibus
1988 1687 2509 1775 examinandis,
2547 1687 2855 1759 redden-

228 1792 453 1886 disque
478 1800 903 1889 opportunis
929 1803 1287 1892 responsis
1320 1820 1529 1874 suum
1557 1801 1875 1874 studium
1911 1803 2117 1873 unice
2152 1800 2620 1891 impenderet.
2651 1795 2851 1871 Hanc

231 1915 440 1981 autem
497 1928 587 1982 ex
641 1914 1057 2002 congruenti
1093 1910 1508 1986 Praesulum
1562 1911 1927 1986 Romanae
1964 1911 2211 1984 Curiae
2255 1930 2550 1984 numero
2586 1910 2853 1983 contla-

228 2027 351 2093 tam
401 2041 561 2094 esse
615 2023 861 2111 voluit,
918 2024 1163 2096 eodem
1217 2026 1562 2119 deputato
1611 2023 1968 2098 Cardinali
2029 2022 2414 2104 Praefecto,
2457 2020 2848 2110 eodemque

231 2128 629 2221 Secretario,
687 2135 809 2223 qui
864 2137 1173 2226 generali
1225 2134 2085 2228 Congregationiaddicti
2138 2140 2330 2205 sunt.
2374 2129 2625 2223 ltaque
2663 2151 2847 2204 nova

234 2240 389 2316 baec
437 2243 902 2336 Congregatio
955 2245 1045 2318 ad
1098 2267 1419 2321 normam
1471 2250 1765 2322 huiusce
1816 2246 2084 2320 Bened.
2131 2242 2316 2316 XIV.
2372 2243 2855 2336 dispositionis

230 2370 444 2426 coram
498 2356 688 2429 dicto
738 2354 1092 2431 Cardinali
1127 2357 1484 2433 Praefecto
1519 2362 1704 2434 coire
1738 2361 1944 2446 solet,
1985 2365 2054 2431 et
2091 2357 2352 2429 ibidem
2385 2352 2857 2427 referentibus

228 2459 664 2538 Praesulibus
701 2469 1050 2558 quidquid
1086 2472 1159 2542 in
1196 2471 1660 2545 relationibus
1711 2471 1848 2543 sibi
1900 2472 2161 2542 viritim
2197 2467 2596 2541 distributis
2630 2465 2856 2540 conti·

228 2582 443 2663 netur,
504 2577 593 2649 ad
648 2582 1045 2671 propositas
1096 2584 1549 2674 quaestiones
1590 2583 1845 2656 idonea
1886 2588 2229 2674 parantur
2262 2598 2627 2671 responsa,
2671 2593 2853 2670 quae

227 2684 466 2760 deinde
519 2691 836 2764 eiusdem
870 2691 1264 2768 Cardinalis
1298 2693 1639 2769 Praefecti
1692 2693 1952 2768 iudicio
2005 2712 2342 2785 expensa,
2383 2711 2466 2763 ac
2503 2709 2628 2782 per
2661 2707 2849 2775 eum,

232 2807 572 2886 quatenus
622 2819 799 2893 opus
849 2805 966 2892 sit,
1009 2806 1100 2877 ad
1151 2804 1521 2880 Summum
1571 2804 1985 2879 Pontificem
2036 2806 2287 2891 relata,
2327 2803 2418 2875 ab
2472 2818 2695 2894 eoque
2731 2817 2858 2890 ap-

232 2909 536 3001 probata,
593 2913 855 2988 debitis
905 2918 1346 3010 temporibus
1379 2920 1886 3012 expediuntur,
1942 2918 2045 2989 uti
2098 2918 2313 2988 latius
2362 2918 2711 2986 statutum
2753 2910 2855 2980 le-

231 3022 397 3108 gitur
462 3024 537 3095 in
595 3025 819 3098 altera
870 3028 1190 3100 eiusdem
1240 3027 1509 3102 Bened.
1568 3026 1758 3100 xlv,
1818 3029 2329 3102 Constitutione
2381 3040 2594 3114 super
2643 3020 2854 3093 huius

236 3148 790 3240 Qongregationis
824 3147 1269 3224 institutione
1305 3160 1376 3224 et
1411 3152 1638 3226 officio
1687 3152 1804 3225 die
1849 3153 1940 3223 23
1979 3148 2396 3225 Novembris
2431 3150 2603 3222 anni
2643 3150 2859 3222 1740.

237 3258 436 3347 edita,
474 3260 679 3333 cuius
715 3261 996 3334 initium
1033 3264 1238 3337 Decet
1268 3265 1694 3347 Romanum,
1729 3270 1800 3335 et
1834 3263 2187 3356 reperitur
2220 3262 2296 3334 in
2331 3260 2685 3335 volumine
2720 3255 2856 3332 111.

239 3370 361 3443 sub
412 3393 608 3447 num.
653 3375 724 3446 4.
1434 3421 1441 3430 ·

366 3486 484 3557 89.
539 3482 969 3559 Benedictus
1018 3485 1211 3559 XIV.
1269 3488 1532 3561 nedum
1585 3489 1814 3581 prima
1866 3489 2061 3578 vice,
2114 3489 2243 3562 sed
2294 3489 2473 3562 alias
2524 3504 2865 3581 persaepe

242 3613 455 3668 coram
502 3616 579 3671 se
631 3598 952 3672 eamdem
1003 3599 1270 3672 babere
1321 3599 1570 3687 voluit,
1610 3618 1951 3692 responsa
1989 3618 2275 3691 quoque
2309 3601 2637 3693 perlegit,
2678 3615 2865 3690 quae

245 3724 326 3777 ex
369 3709 545 3780 illius
578 3711 937 3783 sententia
973 3717 1043 3783 et
1078 3711 1370 3784 consilio
1406 3711 1498 3784 ad
1533 3712 1976 3803 episcopales
2012 3711 2395 3784 relationes
2444 3711 2866 3784 transmissa

245 3814 538 3907 fueraut,
596 3822 772 3893 nulli
826 3840 1124 3912 parcens
1172 3823 1401 3896 labori
1453 3828 1577 3895 aut
1628 3823 2089 3916 diligentiae,
2144 3829 2296 3896 tum
2349 3824 2427 3895 in
2479 3821 2862 3916 propositis
2951 3901 2958 3908 ,

250 3932 757 4014 quaestionibus
810 3934 1302 4006 examinandis
1353 3942 1571 4025 atque
1622 3936 2022 4022 solvendiS,
2097 3942 2248 4016 tum
2319 3935 2395 4007 in
2456 3932 2863 4006 indicandis

255 4057 327 4110 ac
363 4047 812 4136 suggerendis
863 4046 1486 4136 opportunioribus
1549 4065 1676 4137 pro
1745 4047 1931 4128 felici
1985 4048 2324 4138 regimine
2377 4063 2620 4146 earum
2672 4044 2868 4117 dioe-

256 4168 513 4245 ceseon,
568 4175 872 4249 quarum
925 4159 1305 4230 relationes
1356 4158 1975 4250 expendebantur,
2032 4164 2243 4249 prout
2302 4157 2490 4229 idem
2542 4154 2866 4229 Pontifex

258 4275 461 4339 narrat
516 4270 589 4340 in
639 4289 771 4343 suo
825 4287 1036 4360 opere
1087 4269 1170 4344 de
1208 4273 1378 4361 Syn.
1419 4270 1635 4343 dioec.
1677 4270 1799 4343 lib.
1836 4268 1952 4343 13.
1996 4289 2153 4361 cap.
2189 4261 2259 4341 6.
2302 4288 2378 4340 n.
2413 4267 2499 4341 Η

374 4380 482 4453 90.
537 4379 818 4456 Literas
870 4380 943 4453 S.
981 4379 1556 4474 congregationis
1608 4382 1894 4453 nomine
1949 4398 2030 4452 eo
2081 4386 2426 4472 tempore,
2483 4396 2624 4470 quo
2662 4397 2870 4471 prae-

260 4482 411 4562 dicta
456 4492 878 4568 Constitutio
929 4492 1195 4566 Bened.
1230 4491 1415 4566 XIV.
1462 4493 1747 4584 prodiit,
1804 4492 2228 4566 conficiebat
2278 4492 2554 4565 Aeneas
2605 4491 2866 4564 Silvius

262 4591 793 4696 Piccolomineus‚
839 4625 1050 4697 quem
1090 4607 1305 4680 fuisse
1341 4606 1570 4678 eidem
1624 4604 1697 4678 S.
1739 4602 2276 4697 congregationi
2315 4605 2694 4677 latinarum
2733 4603 2868 4675 hu-

258 4708 506 4797 iusmodi
556 4721 1030 4818 epistolarum
1067 4740 1108 4791 a
1143 4720 1459 4810 secretis,
1516 4717 1727 4792 refert
1764 4718 1834 4789 in
1873 4718 2122 4790 eadem
2158 4714 2671 4790 Constitutione
2709 4714 2865 4787 lau-
