3497 5235
989 302 1108 375 0⁸1».
1135 303 1235 360 111.
1275 302 1347 358 De
1387 301 1521 359 clero
1563 302 1834 360 utconlu-i.
1880 306 1933 378 3.
1960 304 2008 360 4.
2722 301 2833 361 351

193 468 222 508 ι»
255 439 466 532 pitulo
521 438 1021 530 expediendis,
1083 438 1152 507 id
1207 437 1398 526 quod
1456 455 1542 507 ex
1597 445 1852 508 natura
1906 435 2586 527 collegiorum-fluit.
2629 435 2834 508 Card.

195 579 225 620 ›
258 554 335 625 de
372 548 565 622 Luca
603 551 685 622 cle
713 553 885 620 Ben.
928 549 1104 620 disc.
1139 547 1262 620 30.
1305 568 1381 617 n.
1414 547 1526 628 3.,
1565 545 1880 619 Louvrez
1921 550 2217 621 Dissert.
2253 570 2414 620 can.
2451 548 2568 621 47.
2616 570 2686 620 η.
2715 541 2836 619 44.

322 664 483 733 159.
547 688 585 728 »
627 659 920 747 Restat,
981 665 1057 731 ut
1110 661 1547 732 disseramus
1597 660 1687 732 de
1743 660 1991 732 ultimo
2046 663 2433 749 requisitO,
2492 668 2569 734 ut
2625 663 2847 732 maior

203 801 233 842 ›
265 794 420 866 pars
454 772 767 863 Capituli
803 791 1231 844 consensum
1269 791 1475 843 suum
1513 773 1952 860 interponat.
2016 768 2099 844 Id
2136 792 2422 862 quoque
2468 792 2551 844 ex
2589 781 2849 844 natura

205 887 571 957 »omnium
626 885 1081 974 collegiorum
1151 890 1222 956 et
1293 885 1840 956 universitatum
1893 885 2100 971 fluit,
2176 903 2399 973 quum
2463 904 2604 956 uon
2661 891 2850 956 esset

204 1024 234 1065 ν
268 999 434 1068 ratio
487 996 1091 1086 expediendorum
1147 996 1619 1087 negotiorum,
1681 998 1813 1067 nisi
1871 997 2093 1066 maior
2145 1015 2308 1088 pars
2362 997 2842 1068 concluderet.

205 1135 235 1176 ν
271 1107 478 1180 Maior
514 1116 759 1180 tamen
811 1125 976 1198 pars
1030 1109 1388 1179 aestimari
1427 1106 1644 1180 debet
1696 1126 1840 1179 non
1893 1117 2219 1197 respectu
2273 1110 2582 1199 partium
2622 1109 2854 1177 mino·

208 1245 238 1289 ›
270 1239 458 1304 rum,
515 1221 644 1291 sed
699 1221 916 1290 totius
967 1217 1318 1308 Capituli,
1380 1220 1562 1291 idest
1615 1220 1936 1289 omnium
1989 1220 2489 1292 canonicorum
2544 1221 2854 1290 interve-

209 1357 240 1397 »
273 1334 613 1403 aientium
653 1338 722 1402 et
758 1331 1172 1421 suffragium
1229 1330 1636 1418 ferentium,
1683 1333 1816 1401 nisi
1857 1333 1998 1400 alia
2035 1333 2127 1402 sit
2154 1331 2623 1403 consuetudo.
2666 1327 2855 1400 Lou-

209 1468 239 1509 ›
274 1462 419 1515 vrez
477 1445 666 1514 Diss.
728 1463 985 1515 canon.
1029 1443 1148 1514 47.
1209 1464 1281 1514 η.
1326 1444 1397 1516 9.
1447 1452 1511 1517 et
1568 1464 1708 1535 seq.
1784 1440 2131 1534 Idemque
2200 1443 2522 1515 obtinere
2592 1443 2856 1514 debere

210 1563 459 1629 »tenet
513 1557 702 1628 idem
758 1564 1056 1644 auctor,
1131 1556 1191 1626 si
1242 1554 1647 1648 Capitulum
1702 1557 2193 1642 consenserit,
2267 1562 2346 1626 ut
2416 1556 2639 1625 maior
2691 1571 2857 1644 pars

213 1693 242 1736 ›
277 1678 594 1760 respectu
648 1669 956 1759 partium
1015 1669 1367 1739 minorum
1421 1669 1829 1739 concludat.

341 1781 503 1852 160.
567 1807 603 1848 »
644 1778 969 1852 Ceterum
1023 1781 1082 1851 si
1136 1787 1390 1869 agatur
1460 1783 1548 1852 de
1603 1782 1886 1872 negotio
1940 1783 2316 1852 canonicos
2388 1782 2487 1852 uti
2542 1779 2860 1870 singulos

214 1898 771 1978 moncel-neate,
829 1911 975 1963 non
1028 1892 1289 1963 sufficit
1345 1911 1733 1964 consensus
1790 1895 2071 1963 maioris
2123 1892 2373 1986 partiS,
2439 1891 2563 1963 sed
2618 1893 2862 1982 singu-

216 2003 498 2074 »lorum
550 2005 1052 2075 canonicorum
1105 2023 1499 2076 cousensus
1551 2006 1884 2094 exigitur.
1948 2003 2267 2094 Fagnan.
2330 2005 2401 2074 in
2465 2006 2632 2093 Cup.
2689 2000 2860 2072 Cum

217 2141 245 2180 ν
279 2116 346 2186 in
397 2118 675 2188 cunctis
721 2136 848 2205 per
885 2123 1007 2187 tot.
1073 2117 1172 2187 De
1223 2118 1362 2197 his,
1413 2137 1590 2207 quae
1642 2138 1686 2187 α
1739 2118 1994 2187 vitaior.
2050 2123 2241 2205 part.
2289 2115 2650 2205 Capituli;
2701 2112 2867 2184 Fer-

218 2250 245 2291 »
280 2230 528 2298 mosin.
572 2228 655 2299 dc
699 2235 846 2317 pot.
892 2247 1048 2317 cup.
1083 2227 1228 2298 secl.
1262 2247 1418 2300 vac.
1463 2235 1677 2298 tract.
1705 2227 1779 2299 3.
1813 2228 2126 2318 quaestio
2167 2228 2236 2299 4.
2266 2229 2433 2297 η.5.
2474 2228 2590 2299 45.
2626 2234 2688 2298 et
2726 2245 2864 2316 seq.

341 2365 375 2404 ›
416 2340 506 2410 At
559 2339 850 2429 quando
906 2341 1269 2429 negotium
1327 2340 1463 2410 dici
1519 2339 1783 2411 debeat
1834 2341 2049 2410 huius
2106 2341 2411 2430 generiS,
2467 2348 2547 2411 ut
2587 2357 2874 2410 concer-

216 2457 398 2521 ›nat
450 2453 834 2522 canonicos
889 2452 990 2523 uti
1045 2451 1365 2541 singulos
1398 2504 1417 2538 ,
1491 2452 1808 2522 omnium
1863 2453 2127 2541 optimc
2189 2453 2499 2542 explicat
2551 2448 2869 2522 Louvrez

216 2585 250 2626 »
284 2562 405 2634 loc.
445 2565 567 2635 cit.
613 2584 688 2635 n.
735 2563 853 2637 46.
893 2570 957 2636 et
998 2583 1178 2654 seq„
1215 2564 1504 2634 omniuo
1543 2563 2051 2652 consulendus,
2094 2564 2217 2635 ubi
2258 2582 2367 2636 res
2404 2564 2749 2654 postulat.

345 2675 508 2745 161.
571 2700 608 2742 ›
647 2672 830 2746 Num
873 2677 965 2747 ad
1004 2678 1581 2748 convocationem
1636 2677 1933 2766 capituli
1971 2677 2515 2748 extraordinarii
2556 2676 2874 2747 debeant

217 2804 252 2848 ›
290 2790 602 2859 canonici
641 2790 733 2874 ei,
793 2789 916 2877 qui
958 2789 1066 2860 ius
1101 2787 1367 2859 habeat
1406 2788 1844 2860 convocandi
1884 2790 2313 2879 capitulum,
2358 2789 2566 2876 eique
2606 2788 2874 2876 praesi-

215 2927 252 2967 »
291 2901 524 2988 dendi,
583 2902 867 2991 negotia
921 2899 1264 2991 paudere,
1323 2908 1611 2991 propter
1664 2920 1850 2989 quae
1904 2901 2313 2971 convocatio
2351 2898 2471 2969 illa
2510 2898 2872 2968 desidera-

217 3038 253 3081 »
292 3009 435 3086 tur?
475 3012 575 3085 De
630 3015 1050 3103 quaestione
1103 3013 1238 3085 hac
1288 3032 1549 3104 magna
1587 3014 1926 3101 utrinque
1964 3013 2359 3082 animorum
2415 3010 2872 3080 contentione

216 3152 252 3195 ›
291 3127 726 3221 disputatum
783 3127 1164 3197 novissime
1217 3135 1323 3198 est
1381 3128 1453 3196 in
1507 3122 1717 3197 Rota.
1783 3127 1866 3195 At
1920 3125 2237 3197 tribunal
2303 3123 2437 3194 hoc
2489 3122 2813 3193 definivit
2846 3172 2865 3209 ,

210 3262 248 3304 »
290 3256 570 3311 necesse
615 3237 813 3308 haud
848 3238 1114 3309 habere
1169 3239 1548 3310 canonicos
1601 3240 1885 3329 negotia
1940 3237 2403 3328 proponenda
2450 3237 2521 3305 in
2561 3234 2872 3323 capitulo

206 3373 243 3414 ›
282 3350 842 3422 extraordinario
899 3357 1066 3421 nota
1121 3350 1354 3423 facere
1407 3350 1704 3423 habenti
1762 3353 1870 3422 ius
1925 3349 2359 3421 convocandi
2421 3348 2815 3438 capitulum
2850 3398 2869 3431 ,

202 3462 562 3551 ›ipsique
648 3462 1135 3552 praesidendi.
1212 3460 1390 3535 Vide
1476 3464 1695 3535 decis,
1771 3463 2110 3535 Avenion.
2195 3460 2495 3532 Convoc.
2569 3458 2873 3550 Capituli

203 3595 240 3637 ›
288 3572 408 3641 17.
448 3570 656 3644 Mart.
706 3574 922 3643 1752.
976 3593 1217 3645 coram
1268 3575 1520 3646 Bussio
1552 3599 1588 3644 ›
1649 3572 1787 3669 (1).

355 3684 516 3754 162.
577 3686 1015 3774 Sequentem
1068 3686 1510 3774 doctrinam,
1578 3686 1773 3777 quod
1829 3705 1970 3757 non
2026 3686 2301 3778 possint
2350 3683 2701 3776 Episcopo
2755 3683 2881 3755 de-

187 3795 452 3884 negari
503 3803 663 3867 acta
719 3797 1174 3887 capitularia,
1231 3817 1440 3869 nosse
1494 3817 1584 3869 ne
1639 3801 1903 3890 pigeat.
1977 3824 2013 3865 «ι
2050 3800 2221 3871 Acta
2274 3819 2355 3870 ac
2408 3798 2877 3869 resolutiones

188 3929 227 3966 ι
270 3906 719 3996 capitulares
754 3906 1103 3998 Episcopo
1155 3910 1574 3999 requirenti,
1636 3917 1881 4002 utpote
1933 3913 2047 3983 cui
2100 3910 2468 3985 incumbat
2508 3911 2879 4001 invigilare

187 4043 228 4084 ›
271 4023 354 4089 et
397 4034 928 4108 recognoscere,
987 4037 1075 4090 ue
1113 4020 1506 4110 quidquam
1543 4041 1672 4115 per
1710 4024 2139 4114 capitulares
2175 4025 2599 4095 decernatur
2634 4027 2881 4093 contra

186 4153 224 4195 »
265 4130 471 4200 iuris
517 4128 1055 4220 dispositionem
1109 4132 1220 4203 vel
1273 4134 1789 4223 praeiudicium
1846 4135 2212 4223 ecclesiae,
2258 4154 2299 4203 a
2354 4133 2713 4205 canonicis
2760 4131 2881 4203 de-

179 4267 219 4312 ›
264 4243 540 4332 negari
575 4261 721 4314 non
759 4250 1088 4334 possunt,
1128 4244 1433 4334 illasque
1470 4256 1510 4316 a·
1549 4247 1914 4318 canonicis
1950 4244 2343 4337 Episcopus
2378 4246 2657 4336 exigere
2693 4244 2883 4318 valet

182 4377 220 4422 ›
261 4353 422 4427 sub
475 4357 722 4444 poenis
756 4360 830 4426 et
865 4356 1210 4428 censuris.
1270 4354 1588 4429 Barbosa
1624 4357 1707 4429 de
1742 4377 1999 4430 canon.
2044 4377 2202 4449 cap.
2242 4355 2363 4430 35.
2406 4377 2480 4429 n.
2526 4356 2636 4440 6.,
2690 4357 2761 4429 S.
2803 4353 2877 4428 C.

318 4715 422 4789 (1)
471 4712 591 4769 cst.
633 4718 788 4769 Aeta
833 4717 892 4774 Β.
929 4719 1100 4771 Sedis
1143 4719 1254 4773 v'ol.
1287 4720 1341 4774 2.
1380 4736 1508 4787 pag.
1540 4718 1668 4776 460.
