3497 5235
588 271 706 336 166
1344 273 1717 333 humationi:
1756 272 1809 331 s.
1838 272 2023 347 congr.
2047 272 2197 332 ono.
2236 273 2509 349 apo-iae

587 432 628 476 ιι
670 412 1079 500 graventur,
1136 412 1207 480 et
1257 408 1317 481 si
1369 408 1707 481 victualia
1760 427 1804 479 a
1856 405 2495 480 communitatibus
2529 406 2941 498 exiguntur,
2980 403 3254 477 clericis

585 541 628 586 ›
665 519 1106 610 parcendum
1142 538 1322 592 esse.
1352 545 1392 587 ν
1445 516 1642 615 (Lib.
1682 520 1757 590 3.
1798 519 2068 592 decret.
2126 538 2295 611 pag.
2336 515 2525 614 25.).
2568 514 2656 589 In
2692 523 3079 589 memorata
3125 517 3255 589 Tu·-

580 629 871 704 dertina
921 631 1316 724 complures
1368 631 1553 703 aliae
1603 632 2076 704 resolutiones
2126 630 2558 718 referuntur,
2614 630 2690 701 in
2742 628 3007 719 quibus
3049 628 3257 700 aliter

580 742 1018 816 decernitur.
1057 738 1243 824 Quin
1278 743 1493 815 etiam
1532 743 1713 815 alias
1747 740 1825 814 S.
1855 739 1934 814 C.
1977 759 2171 813 nunc
2204 742 2673 826 affirmative,
2698 759 2891 813 nunc
2927 740 3256 831 negative

574 871 706 946 pro
758 872 995 926 rerum
1050 872 1133 926 ac
1186 853 1887 926 circumstantiarum
1936 856 2284 926 varietate
2339 853 2753 945 respondit,
2810 870 2942 925 ceu
3011 851 3254 923 videre

578 971 688 1038 est
739 965 816 1036 in
864 965 996 1058 fol.
1068 964 1442 1037 Vasionen.
1493 968 1798 1039 Procur.
1853 967 1928 1038 9.
1987 966 2165 1057 Aug.
2223 965 2439 1038 1766.
2493 966 2850 1038 resolutae
2903 965 3026 1037 30.
3083 964 3257 1038 dicti

577 1077 846 1148 mensis
880 1083 954 1149 et
987 1076 1190 1148 anni.
1245 1073 1475 1167 Super
1527 1077 1664 1149 bac
1698 1078 2174 1150 controversia
2213 1077 2486 1149 consuli
2539 1084 2775 1168 potest
2822 1073 3053 1167 Crisp.
3092 1077 3145 1147 l.
3186 1094 3250 1147 c.

579 1205 658 1259 n.
705 1188 822 1258 16.
863 1196 1156 1279 etseq„
1211 1188 1338 1260 ubi
1393 1189 1605 1279 paulo
1660 1188 1890 1261 fusius
1943 1190 2078 1261 hoc
2127 1197 2630 1282 argumentum
2683 1189 3055 1280 expendit.

728 1300 850 1371 51.
908 1297 1038 1371 Pro
1091 1301 1400 1372 vecturis
1449 1307 1689 1373 tamen
1743 1308 1817 1375 et
1870 1301 2240 1375 serraturis
2291 1320 2637 1392 equorum
2691 1301 2956 1374 visitati
3003 1318 3260 1393 procu-

576 1410 932 1484 rationem
965 1417 1330 1502 praestare
1371 1430 1512 1484 non
1549 1414 1968 1505 adiguntur,
2010 1414 2597 1504 quandoquidem
2648 1414 2748 1485 ita
2791 1410 2864 1485 S.
2898 1409 2975 1484 C.
3008 1409 3250 1503 Episc.

579 1530 653 1596 et
704 1520 964 1615 Regul.
1022 1524 1251 1617 (apud
1301 1519 1530 1595 Nicol.
1586 1526 1660 1597 in
1698 1525 1902 1600 Man.
1944 1525 2180 1617 Episc.
2238 1524 2456 1598 verbo
2518 1524 2660 1597 Vis,
2721 1543 2795 1594 n.
2838 1524 2993 1610 46.,
3038 1542 3257 1613 quem

577 1634 795 1709 refert
828 1632 1058 1728 Crisp.
1101 1637 1150 1707 Ι.
1184 1655 1249 1708 c.
1291 1654 1367 1707 n.
1403 1633 1561 1730 31.)
1617 1638 1970 1729 expressis
2006 1637 2244 1709 verbis
2279 1636 2671 1710 declaravit
2711 1635 2926 1707 1581.
2967 1635 3256 1708 Aiaccio

583 1747 702 1818 14.
749 1743 929 1819 Nov.
976 1749 1225 1836 1610„
1268 1747 1722 1842 Ventimiqlia
1757 1751 1879 1822 21.
1919 1748 2234 1841 Augusto
2277 1749 2527 1837 1665.,
2574 1748 2877 1823 Caiazzo
2917 1748 3041 1820 26.
3070 1744 3260 1818 Μαι·-

573 1859 676 1931 tio
716 1859 934 1932 1656.
993 1855 1192 1932 Idem
1246 1860 1514 1952 pluries
1549 1862 1841 1935 resolvit
1890 1864 1963 1934 S.
2007 1859 2082 1932 C.
2122 1858 2334 1934 Conc.
2391 1865 2464 1932 et
2515 1859 2963 1950 potissimum
3004 1860 3080 1930 in
3114 1860 3257 1931 La-

573 1970 812 2043 rinen.
874 1972 990 2043 12.
1039 1970 1257 2063 April.
1304 1972 1517 2045 1698.
1577 1981 1646 2046 et
1681 1973 2196 2063 Amalphitana
2252 1973 2369 2043 18.
2412 1967 2706 2043 Ianuar.
2763 1971 3014 2057 1699„
3071 1988 3256 2060 quas

575 2082 749 2154 citat
781 2082 1037 2172 folium
1085 2102 1345 2156 causae
1387 2085 1858 2176 senogallien.
1900 2087 2204 2158 Procur.
2257 2081 2334 2177 ἓ.
2374 2084 2534 2157 Non
2570 2084 2897 2164 veniunt,
2933 2082 3028 2154 ad
3061 2083 3256 2155 diem

579 2192 697 2263 14.
745 2191 913 2267 Dec.
962 2195 1179 2266 1765.

722 2306 842 2377 52.
883 2304 1036 2387 Quo
1070 2325 1263 2379 anno
1297 2304 1694 2400 Episcopus
1744 2309 2228 2382 visitationem
2265 2327 2409 2381 non
2447 2307 2626 2396 obit,
2666 2307 3070 2401 procuratio
3105 2325 3254 2381 non

574 2413 905 2488 debetur.
948 2416 1022 2491 S.
1052 2418 1127 2492 C.
1168 2419 1244 2489 in
1272 2420 1605 2511 Aprutin.
1638 2419 1801 2512 (lib.
1837 2422 1907 2492 4.
1944 2422 2212 2495 decret.
2246 2440 2412 2514 pag.
2436 2417 2592 2516 16.)
2629 2420 2903 2492 censuit
2942 2443 2980 2485 ‹
3005 2419 3258 2491 admo-

574 2550 617 2596 »
657 2528 977 2601 nendum
1029 2528 1506 2624 Episcopum,
1563 2551 1653 2604 ne
1705 2541 2085 2624 praetextu
2154 2533 2625 2620 visitationm,
2682 2550 2766 2604 eo
2818 2549 3039 2620 anno,
3106 2549 3256 2623 quo

574 2663 617 2709 »
654 2658 732 2713 re
783 2642 940 2733 ipsa
992 2661 1139 2716 non
1189 2645 1459 2734 visitat,
1517 2645 1835 2736 aliquam
1888 2646 2239 2738 pecuniae
2288 2664 2642 2718 summam
2696 2644 3020 2736 recipiat.
3057 2670 3097 2713 ι

719 2753 792 2825 Si
844 2751 1240 2847 Episcopus
1289 2757 1511 2829 semel
1562 2758 1967 2848 iterumque
2019 2758 2096 2829 in
2150 2776 2293 2830 uno
2345 2776 2536 2830 anno
2585 2756 3069 2830 visitationem
3129 2775 3253 2829 su-

569 2865 826 2957 scipit,
883 2886 1107 2938 unam
1178 2873 1458 2940 tantum
1511 2870 2085 2959 procurationem
2138 2872 2419 2960 exigere
2471 2874 2734 2959 potest.
2791 2870 2863 2940 S.
2906 2866 2981 2939 C.
3023 2866 3243 2942 Cone.

566 2973 808 3068 Episc.
851 2985 924 3051 et
958 2976 1218 3072 Regul.
1261 2999 1452 3052 anno
1493 2981 1741 3069 1586„
1790 2987 1861 3054 et
1914 2982 1986 3053 S.
2027 2979 2280 3072 Congr.
2324 2977 2613 3052 Concilii
2652 2981 2727 3052 in
2769 2979 3243 3053 policastren.

568 3089 780 3160 Proc.
826 3090 894 3160 1.
936 3086 1100 3162 Iun.
1148 3092 1364 3163 1737.
1419 3109 1641 3183 penes
1691 3090 2063 3166 Benedici.
2105 3089 2297 3163 XIV.
2338 3092 2424 3165 de
2463 3093 2634 3182 syn.
2675 3091 2893 3164 dioec.
2951 3088 3119 3164 Lib.
3148 3088 3243 3164 X.

566 3217 634 3271 c.
679 3201 796 3273 16.
855 3219 1056 3272 num.
1100 3202 1172 3273 6.

714 3313 834 3383 53.
894 3309 1181 3387 Praeter
1232 3317 1802 3404 procurationem
1858 3316 2139 3388 nullum
2173 3322 2409 3408 potest
2443 3316 2536 3388 ab
2572 3312 2943 3408 Episcopis
2977 3332 3251 3386 munus

564 3422 789 3512 accipi
818 3442 839 3509 ;
895 3441 1062 3495 nam
1099 3425 1174 3495 in
1201 3427 1622 3500 Marsicam
1655 3425 1824 3521 (lib.
1855 3429 1929 3500 2.
1962 3429 2231 3501 decret.
2274 3446 2350 3519 p.
2381 3425 2546 3521 96.)
2582 3426 2942 3519 proposito
2976 3425 3242 3498 dubio:

566 3556 606 3600 ιι
651 3534 755 3605 An
789 3532 1186 3628 Episcopus
1237 3538 1314 3608 in
1365 3540 1773 3613 visitatione
1826 3541 2050 3631 possit
2100 3540 2291 3613 ultra
2346 3538 2680 3613 victualia
2718 3558 2760 3610 a
2796 3538 3253 3610 dioecesanis

565 3668 606 3712 ι
645 3647 960 3738 recipere
995 3648 1238 3738 aliqua
1274 3651 1668 3739 esculenta,
1717 3652 2051 3725 videlicet
2087 3669 2366 3740 carnes,
2407 3669 2654 3723 caseos
2687 3668 2729 3720 a
2764 3654 3021 3740 sponte
3060 3648 3255 3720 dan-

564 3779 607 3827 »
644 3753 895 3830 tibus?
937 3784 975 3827 »
1032 3761 1105 3831 S.
1145 3758 1219 3833 C.
1260 3757 1337 3832 C.
1392 3763 1762 3853 respondit
1796 3782 1815 3833 ε
1876 3784 1914 3829 c
1956 3760 2252 3836 Munera
2308 3762 2504 3834 nulla
2558 3778 2768 3852 posse
2802 3757 3249 3852 Episcopum

559 3890 602 3936 »
641 3871 991 3962 accipere,
1045 3872 1174 3944 sed
1224 3872 1559 3946 victualia
1599 3881 1909 3963 tantum,
1948 3874 2060 3947 vel
2096 3892 2341 3947 eorum
2377 3874 2531 3946 loco
2568 3873 3247 3963 procurationem.»

555 3976 763 4055 Hanc
813 3984 1368 4057 declarationem
1420 3987 1578 4058 sine
1629 3985 1747 4058 die
1800 3994 1874 4059 et
1923 4006 2114 4058 anno
2166 3986 2382 4059 refert
2432 3983 2740 4077 Crispin.
2798 3984 2848 4055 Ι.
2889 4001 2955 4055 c.
2999 4002 3075 4055 n.
3108 3983 3246 4055 34.

702 4093 825 4164 54.
880 4090 1182 4176 Quando
1233 4092 1631 4188 Episcopus
1686 4097 2165 4171 visitationem
2204 4116 2334 4189 per
2367 4116 2445 4170 se
2483 4115 2628 4170 non
2663 4097 2930 4187 explet,
2969 4095 3028 4167 si
3068 4112 3252 4167 con-

554 4205 862 4277 suetudo
913 4207 1147 4295 adest,
1202 4213 1284 4279 ut
1338 4207 1514 4280 nihil
1577 4210 2004 4299 pensitetur,
2067 4207 2512 4282 consuetudo
2562 4206 3013 4281 observanda
3068 4213 3245 4294 est;

552 4333 720 4387 nam
774 4318 848 4391 S.
884 4317 958 4391 C.
989 4316 1066 4391 C.
1108 4320 1179 4390 iu
1215 4319 1451 4392 Iacen.
1487 4321 1560 4391 6.
1595 4316 1760 4392 Iun.
1790 4322 2005 4393 1659.
2046 4316 2211 4417 (lib.
2252 4322 2324 4393 6.
2367 4322 2633 4394 decret.
2682 4339 2849 4413 pag.
2887 4316 3002 4415 9.)
3037 4318 3249 4409 apud

554 4422 859 4518 Crispin.
916 4430 1051 4502 loc.
1094 4430 1216 4505 cit.
1275 4448 1352 4502 n.
1393 4433 1517 4504 35.
1575 4433 1882 4523 censuit,
1941 4456 1980 4501 ι
2019 4434 2637 4515 consuetudinem,
2695 4439 2802 4520 ut,
2857 4432 2916 4503 si
2971 4429 3246 4521 aliquis

556 4562 599 4608 »
637 4540 822 4613 alius
874 4561 1090 4632 quam
1140 4538 1542 4636 Episcopus
1591 4546 1857 4634 visitet,
1914 4544 2418 4618 nihilomnino
2455 4543 2875 4636 accipiatur,
2911 4560 3074 4616 csse
3104 4540 3247 4615 ob·

563 4673 605 4721 s
641 4654 1101 4727 servandam.
1135 4676 1177 4721 »
