3497 5235
623 279 744 355 340
1379 289 1752 349 luti-notionis
1795 289 1849 348 Β.
1879 288 2062 362 Oongr.
2091 288 2236 347 Ocno.
2278 290 2550 364 expositio.

723 437 726 440 ·
787 425 953 496 135.
1010 421 1272 515 Itaque
1326 421 1482 497 Sac.
1545 422 1802 515 Congr.
1862 421 2073 495 Conc.
2108 423 2493 497 'difficilem
2549 444 2704 498 sese
2755 446 2984 518 usque
3041 427 3128 499 ad
3170 446 3270 499 su-

620 539 899 632 periora
952 538 1271 628 proxima
1334 545 1655 628 tempora
1707 534 2066 626 praebuit,
2111 537 2393 625 quoties
2445 540 2963 629 exemptionem
3015 538 3106 611 ab
3155 539 3269 612 hoc

625 669 841 724 onere
892 648 1220 741 Capitula
1275 649 1667 740 adprecata
1721 655 1918 720 sunt.
1977 643 2064 720 In
2119 650 2407 740 Lycien.
2455 651 2570 721 16.
2613 648 2822 723 Mart.
2868 653 3083 724 1826.
3135 671 3271 746 pro-

624 764 857 855 posito
922 761 1192 834 dubio:
1250 783 1288 827 ι
1345 760 1449 832 An
1513 761 1588 831 in
1641 756 1919 851 Vigiliis
1980 766 2053 832 et
2101 756 2662 852 Quadragesima
2734 764 2945 835 unica
3017 770 3270 836 tantum

628 871 921 945 »Missa
973 875 1063 946 sit
1116 872 1544 944 celebranda
1601 873 1674 942 in
1729 866 1948 943 casu?
1989 896 2025 937 »
2068 869 2140 943 S.
2182 869 2257 942 C.
2314 874 2720 965 respondit:
2767 897 2804 940 ‹
2842 870 3199 965 Negative.
3238 900 3265 942 ›

624 982 1049 1077 Negativum
1100 1002 1522 1074 responsum
1576 1000 1806 1073 aeque
1862 981 2159 1056 dederat
2212 984 2287 1054 in
2346 986 2623 1057 Comen.
2665 986 2789 1056 28.
2831 982 3031 1076 Sept.
3077 986 3264 1057 1771.

626 1094 830 1179 Quod
879 1098 937 1168 si
992 1095 1382 1185 aliquando
1418 1094 1667 1166 eadem
1724 1091 1798 1164 S.
1841 1092 1917 1164 C.
1963 1095 2489 1186 indulgentiam
2524 1097 2841 1187 aliquam
2893 1097 3032 1168 hac
3081 1115 3270 1187 super

624 1227 703 1280 re
755 1207 1112 1295 adhibuit,
1176 1206 1364 1278 banc
1415 1224 1499 1278 eo
1549 1207 1870 1297 redegit,
1937 1212 2016 1277 ut
2066 1207 2331 1280 sineret
2408 1207 2796 1279 secundam
2864 1228 2946 1280 ac
3012 1210 3267 1281 tertiam

626 1316 914 1391 Missam
968 1318 1241 1408 absque
1294 1323 1511 1389 cantu
1564 1316 1936 1405 celebrari,
1979 1335 2107 1389 ceu
2160 1319 2398 1392 videre
2451 1325 2558 1391 est
2611 1320 2683 1390 in
2731 1320 2921 1392 dicta
2980 1321 3270 1402 Comen„

623 1431 702 1503 in
754 1431 1101 1501 Firmano
1151 1428 1222 1500 7.
1265 1429 1425 1501 Iun.
1472 1427 1727 1510 1848„
1765 1429 1842 1500 in
1897 1430 2323 1503 Derthonen.
2372 1432 2487 1501 12.
2531 1428 2728 1521 Sept.
2777 1433 2995 1504 1829.
3049 1432 3276 1504 confir-

626 1548 821 1614 mata
875 1540 989 1613 die
1041 1541 1162 1610 27.
1206 1535 1347 1611 Iul.
1397 1540 1610 1611 1844.
2334 1527 2349 1542 ’

654 1717 660 1724 .
779 1651 944 1723 136.
984 1648 1198 1722 Missa
1253 1651 1748 1723 conventualis
1800 1651 2172 1743 subrogari
2226 1671 2372 1724 uon
2424 1660 2661 1749 potest
2724 1652 2983 1727 Missae
3037 1656 3123 1727 de
3155 1652 3275 1727 Re-

628 1765 896 1854 quiem‚
936 1765 1036 1835 ita
1089 1769 1169 1834 ut
1218 1762 1398 1834 haec
1448 1781 1573 1855 pro
1652 1763 1776 1833 illa
1848 1763 2283 1852 celebretur;
2340 1764 2582 1837 obstat
2633 1767 2822 1838 enim
2900 1766 3071 1857 Cap.
3126 1764 3272 1838 Cum

627 1885 947 1949 creatura
984 1877 1069 1948 de
1105 1876 1349 1948 celebr.
1392 1878 1629 1957 Miss.,
1674 1875 1800 1947 ubi
1854 1878 2214 1949 sancitur:
2277 1901 2314 1942 (ι
2358 1883 2433 1949 ut
2470 1896 2597 1969 pro
2634 1880 3140 1950 anniversariis
3171 1880 3276 1951 de-

629 2013 670 2058 »
710 1989 1118 2061 functorum
1153 1994 1224 2060 et
1277 2007 1402 2079 pro
1439 1988 1617 2060 festo
1656 1988 1765 2060 vel
1821 1987 1997 2060 feria
2033 1989 2430 2061 secundum
2465 1997 2863 2079 temporum
2902 2008 3273 2080 congruen-

630 2125 669 2172 »
709 2102 881 2172 tiam
936 2096 1311 2171 Missarum
1363 2100 1705 2171 solemnia
1763 2100 2333 2172 conventualiter
2379 2100 2857 2174 celebrentur.
2899 2140 2948 2153 —
2982 2100 3088 2172 Ex
3122 2119 3269 2190 quo,

630 2236 671 2281 ιν
712 2206 852 2306 (ita
907 2210 980 2282 S.
1022 2209 1272 2301 Congr.
1316 2207 1526 2282 Conc.
1574 2211 1649 2281 in
1708 2211 2019 2283 Clodien.
2074 2211 2211 2284 W.
2260 2213 2386 2285 SS.
2448 2214 2591 2284 LL.
2657 2213 2772 2283 14.
2815 2210 3030 2284 Febr.
3081 2213 3267 2284 1846.

626 2346 667 2392 2>
705 2322 779 2417 ἓ.
822 2321 929 2395 Ad
963 2317 1298 2415 alteram)
1336 2321 1657 2394 inferunt
1697 2322 2047 2410 doctoreS,
2088 2319 2373 2395 Missam
2412 2325 2958 2396 conventualem
2998 2325 3086 2396 de
3121 2323 3268 2394 leria

630 2458 669 2505 ›
712 2442 999 2525 propter
1049 2435 1539 2505 anniversaria
1593 2433 2094 2506 defunctorum
2149 2455 2291 2507 non
2345 2455 2498 2508 esse
2552 2438 3050 2524 omittendam,
3107 2433 3273 2531 (Fa-

629 2568 670 2613 »
713 2564 929 2636 gnan.
973 2545 1062 2616 ad
1100 2546 1370 2617 dictum
1409 2565 1568 2637 cap.
1605 2565 1803 2616 num.
1839 2546 1881 2617 7
1894 2542 1978 2640 .),
2013 2547 2328 2637 itemque
2365 2550 2850 2621 anniversario
2888 2552 3271 2621 occurrente

627 2682 668 2727 ιν
709 2659 782 2729 in
835 2660 1226 2751 collegiatis
1278 2657 1624 2746 ecclesiiS,
1668 2659 1943 2730 cantari
1997 2659 2259 2731 debere
2318 2660 2496 2732 duas
2549 2659 2842 2747 Missas,
2902 2680 3118 2731 unam
3165 2675 3272 2748 pro

628 2793 669 2838 ν
707 2770 1092 2860 defunctiS,
1128 2771 1344 2841 aliam
1378 2770 1680 2844 detesto
1722 2771 1829 2841 vel
1869 2770 2044 2841 feria
2086 2768 2444 2861 (Fagnan.
2480 2772 2609 2843 loc.
2645 2774 2766 2845 cit.
2801 2792 2877 2843 n.
2910 2772 2984 2844 3.
3018 2780 3080 2844 et
3104 2766 3264 2862 23.).

629 2905 670 2951 2>
710 2880 1033 2975 Idipsum
1108 2901 1396 2973 quoque
1468 2882 1810 2954 statuitur
1874 2882 1948 2952 in
1988 2956 1989 2959 Ν
2027 2877 2336 2955 Missalis
2412 2883 2712 2955 rubricis
2773 2886 2908 2955 Tit.
2966 2884 3049 2955 cle
3097 2883 3267 2956 Miss.

631 3017 670 3064 ›
709 2994 855 3084 def,
909 2994 982 3089 ἓ.
1038 2994 1115 3065 2.

666 3158 670 3163 .
779 3108 942 3178 137.
1003 3130 1040 3171 «
1079 3103 1264 3178 Huic
1301 3112 1541 3177 autem
1582 3105 2231 3177 anniversariorum
2271 3105 2688 3196 obligationi
2745 3123 2982 3196 neque
3037 3103 3271 3177 substi-

629 3218 978 3290 »tuendo
1047 3215 1304 3289 Missae
1379 3217 1699 3307 privatae
1779 3216 2327 3288 celebrationem
2399 3218 2771 3305 satisfieri,
2838 3216 3045 3289 docet
3109 3216 3267 3286 idem

629 3353 670 3399 2>
710 3328 931 3421 Fagn.
969 3329 1100 3400 loc.
1135 3330 1257 3401 cit.
1300 3349 1494 3399 num.
1525 3326 1689 3408 29„
1721 3348 1889 3398 nam
1918 3330 2081 3417 plus
2117 3329 2440 3420 suffragii
2477 3330 2668 3419 capit
2701 3330 2953 3400 anima
2988 3324 3273 3420 defuncti

629 3466 668 3513 ›
707 3461 794 3513 ex
847 3442 1066 3513 Missa
1119 3441 1412 3512 solemni
1466 3441 1542 3510 in
1597 3440 1803 3511 choro
1854 3459 2013 3511 cum
2047 3441 2448 3512 interventu
2474 3440 2797 3530 plurium
2829 3440 3277 3513 sacerdotum,

627 3577 666 3624 ›
707 3572 919 3644 quam
955 3571 1040 3623 esc
1076 3552 1296 3623 Missa
1344 3553 1679 3643 privata,·
1715 3552 1900 3623 unde
1938 3551 2255 3622 Ecclesia
2292 3552 2648 3633 solvendo,
2684 3552 2867 3643 qnod
2904 3553 3133 3623 m-inus
3165 3553 3275 3624 est,

630 3691 668 3732 »
711 3665 1192 3736 liberationem
1245 3683 1384 3734 non
1424 3663 1895 3753 consequitur.
1938 3658 2029 3733 Et
2067 3662 2268 3733 addit
2319 3682 2514 3733 num.
2562 3663 2679 3735 10.
2721 3670 2786 3736 et
2839 3663 2927 3737 41
2942 3717 2959 3733 .
3003 3664 3163 3735 huic
3193 3656 3273 3729 rei

631 3799 670 3846 ›
710 3775 994 3847 obstare
1032 3774 1399 3846 decretum
1436 3772 1644 3845 Cone.
1682 3770 1875 3845 Trid.
1908 3793 2064 3864 cap.
2113 3773 2227 3845 15.
2271 3777 2448 3848 Sass.
2481 3775 2605 3846 25.
2639 3777 2721 3848 de
2751 3775 3063 3866 Reform.
3104 3776 3276 3844 iuxta

628 3913 667 3955 ›
708 3887 1208 3959 resolutionem
1266 3887 1446 3957 sacri
1507 3883 1822 3973 Ordinis,
1862 3888 1989 3979 ‚qui
2045 3887 2353 3972 censuit,
2396 3908 2435 3957 a
2477 3886 2927 3960 beneficiatis
2963 3884 3277 3959 ecclesiae

627 4023 666 4066 ν
707 3999 1120 4090 collegiatae
1176 3996 1248 4069 S.
1291 3995 1485 4069 Petri
1541 3994 1938 4086 Caslensis,
2014 3995 2334 4088 Iprensis
2387 3999 2767 4088 dioecesis,
2826 3997 3083 4071 Missas
3134 4012 3283 4066 can·-

631 4133 670 4180 ›
708 4113 970 4183 tandas
1005 4129 1156 4183 esse
1212 4112 1408 4181 iuxta
1464 4107 1995 4198 fundationem,
2054 4111 2270 4182 etiarn
2309 4111 2382 4181 in
2421 4111 2562 4182 illis
2598 4110 2879 4199 diebus,
2925 4113 2997 4182 in
3038 4107 3282 4199 quibus

630 4246 668 4290 ›
709 4240 794 4293 ex
849 4223 1284 4313 praescripto
1337 4219 1646 4292 lllissalis
1719 4228 2052 4294 cantatur
2120 4223 2259 4292 alia
2316 4219 2552 4294 Missa.
2629 4219 2718 4294 Et
2771 4225 3088 4312 pressius
3137 4233 3283 4289 cum

627 4358 666 4405 ›
709 4331 1113 4424 Capitulum
1165 4330 1681 4423 Melpbictense
1737 4332 2198 4424 efflagitasset
2236 4334 2514 4404 veniam
2564 4333 2976 4424 applicandi
3011 4330 3283 4403 Missam

627 4467 666 4514 ›
707 4443 1049 4534 ferialem,
1093 4445 1184 4516 ab
1241 4447 1447 4517 cuius
1486 4444 1992 4534 applicationis
2041 4464 2253 4517 onere
2307 4455 2713 4536 exemptum
2751 4455 2886 4536 est,
2929 4467 3055 4538 pro
3088 4441 3288 4515 satis-

624 4554 1010 4629 »factione
1063 4558 1726 4631 anniversariorum
1784 4557 2013 4630 feriali
2074 4565 2381 4650 tempore
2435 4563 2995 4649 occurrentium,
3050 4558 3288 4630 buius·

624 4691 666 4738 >
708 4671 899 4741 modi
947 4672 1460 4743 resolutionem
1512 4672 1811 4744 relatam
1868 4672 2054 4743 inter
2093 4673 2501 4744 summaria
2525 4692 2850 4763 precum,
2887 4676 2959 4745 in
2996 4665 3291 4745 comitiis
