3497 5235
634 326 754 389 328
1384 335 1757 393 mtrnotionin
1798 336 1850 394 8.
1881 336 2063 411 Gongr.
2093 335 2240 395 Ocno.
2283 332 2555 408 expo-itio.

639 489 678 531 »
720 464 969 557 giatiS,
1040 469 1252 540 etiam
1304 488 1451 541 non
1504 470 1958 562 insignibus:
2032 473 2170 544 nisi
2222 479 2468 544 tamen
2518 472 2700 542 istae
2768 486 2911 540 non
2984 466 3264 558 insignes

638 601 677 643 »
718 577 1136 670 collegiatae
1174 587 1412 656 essent
1448 583 1722 654 rurales
1757 601 2046 674 prorsus
2079 583 2497 670 destitutae,
2539 586 2664 653 aut
2711 582 2784 651 in
2818 578 3085 670 quibus
3116 596 3268 649 nun-

640 713 677 754 »
718 706 932 778 quam
988 698 1200 763 antea
1252 711 1467 784 supra
1519 694 1891 766 hominum
1944 697 2355 768 memoriam
2406 695 2694 766 solitum
2749 699 2935 764 esset
2980 690 3265 778 resIderi,

639 823 678 865 »
718 807 845 872 aut
880 819 1066 891 quae
1102 804 1282 876 adeo
1320 805 1556 876 tenuis
1592 805 1868 879 reditus
1902 814 2169 895 essent,
2206 815 2280 880 ut
2319 806 2700 879 canonicos
2743 821 2884 875 non
2920 802 3266 888 habentes

641 935 680 977 »
719 911 913 984 unde
967 914 1237 1001 vivant,
1296 914 1488 987 alere
1543 935 1688 988 non
1743 920 2122 1009 possint.»

789 1023 950 1093 114.
1013 1046 1051 1090 ‹
1083 1026 1223 1097 Sed
1274 1033 1522 1116 postea
1575 1046 1736 1099 cum
1790 1030 2343 1104 subdubitatum
2397 1036 2613 1113 esset,
2663 1047 2756 1100 an
2793 1027 3054 1100 decisio
3107 1023 3177 1096 S.
3210 1020 3269 1096 C.

638 1157 678 1201 2>
713 1139 795 1205 ut
847 1137 1288 1209 consuetudo
1342 1140 1919 1212 immemorabilis
1972 1149 2263 1215 excuset
2317 1164 2358 1212 a
2410 1140 2825 1226 residentia,
2889 1137 3273 1231 procederet

639 1268 677 1311 »
718 1244 792 1316 in
844 1246 1213 1339 collegiata
1271 1268 1411 1321 non
1465 1251 1729 1343 insigni
1783 1260 2068 1325 tanturn
2123 1252 2367 1340 rurali,
2427 1271 2522 1323 an
2574 1269 2738 1324 vero
2790 1250 3004 1323 etiam
3060 1248 3134 1320 in
3184 1265 3277 1318 ur-

639 1380 678 1423 »
717 1355 909 1428 bana
942 1410 962 1446 ‚
1036 1360 1135 1432 ita
1191 1368 1268 1433 ut
1323 1359 1440 1433 illa
1496 1363 1711 1434 verba
1767 1369 1893 1436 aut
1945 1365 2020 1436 in
2072 1364 2317 1456 quibus
2389 1380 2532 1434 non
2603 1365 3008 1452 repeterent
3057 1359 3278 1429 dictio-

639 1493 676 1534 »
718 1486 918 1551 nem,
970 1472 1245 1543 rurales
1266 1495 1298 1559 ,·
1351 1492 1511 1545 cum
1568 1482 1807 1547 autem
1862 1475 2158 1566 quidam
2208 1475 2572 1563 dicerent,
2630 1469 3041 1563 Gregorium
3095 1463 3272 1540 XIII.

641 1605 681 1649 ι»
719 1581 795 1652 in
835 1601 976 1653 una
1014 1583 1382 1657 Patavina
1417 1586 1507 1658 de
1543 1587 2084 1659 immemorabili
2141 1590 2214 1660 in
2266 1606 2412 1658 non
2468 1583 2871 1676 insignibus
2906 1583 3113 1656 aliter
3147 1597 3280 1652 sen-

640 1717 679 1759 »
717 1694 923 1783 sisse,
981 1695 1284 1768 relatum
1338 1705 1445 1770 est
1500 1698 1591 1769 ad
1646 1716 1807 1770 eum
1861 1700 2228 1772 decretum
2282 1700 2354 1771 S.
2397 1695 2505 1785 C.;
2564 1693 2921 1768 Sanctitas
2965 1712 3099 1765 sua
3150 1709 3281 1782 pro-

641 1832 679 1875 »
717 1805 962 1895 bavit,
1022 1809 1214 1897 quod
1268 1810 1493 1880 visum
1547 1810 1682 1883 fuit
1735 1813 1807 1884 S.
1852 1808 2393 1902 Congregationi
2426 1863 2445 1899 ,
2504 1816 2586 1881 ut
2637 1809 2960 1894 scilicet,
3018 1802 3279 1895 quando

640 1943 679 1988 »
721 1918 1059 1991 ecclesiae
1096 1937 1237 1990 non
1274 1921 1418 1993 sint
1455 1922 1802 2013 insigneS,
1859 1923 2009 1994 sola
2064 1920 2648 1994 immemorabilis
2690 1917 3130 1992 consuetudo
3162 1932 3280 1986 non

643 2055 682 2101 >
722 2030 1082 2103 residendi
1136 2039 1472 2105 excuset:
1530 2034 1656 2106 sed
1694 2036 1769 2106 in
1807 2033 2343 2106 cathedralibus
2377 2039 2449 2107 et
2485 2030 2874 2124 collegiatis
2909 2025 3281 2120 insignibus

642 2166 681 2209 ›
723 2160 868 2213 non
919 2149 1237 2215 excuset.

791 2278 829 2321 »
870 2251 1120 2327 Postea
1157 2256 1229 2326 S.
1264 2255 1336 2327 C.
1382 2258 1633 2330 eadem
1670 2257 1760 2330 de
1797 2276 1873 2330 re
1910 2277 2159 2330 rursus
2191 2257 2442 2329 habita
2480 2255 2897 2340 declaravit,
2937 2251 3058 2324 illa
3091 2247 3279 2321 verba

645 2389 683 2432 »
724 2364 992 2438 decreti
1044 2386 1085 2437 a
1136 2386 1212 2439 se
1265 2370 1492 2458 editi,
1565 2369 1897 2442 videlicet
1951 2372 2024 2441 in
2078 2369 2343 2459 quibus
2396 2386 2767 2459 nunquam
2830 2371 3044 2438 antea
3092 2378 3281 2453 supra

642 2501 682 2543 ν
722 2474 1089 2548 hominurn
1120 2482 1556 2553 memoriam
1607 2483 1894 2554 solitum
1948 2481 2157 2552 fuerit
2209 2480 2539 2569 resideri,
2596 2475 3064 2570 intelligenda
3112 2490 3277 2557 esse,

646 2611 684 2655 »
723 2587 782 2659 si
819 2608 860 2660 a
897 2590 1093 2662 nullo
1143 2610 1434 2685 prorsus
1484 2593 1775 2667 solitum
1826 2593 2042 2666 fuerit
2093 2592 2433 2666 resideri:
2489 2610 2696 2665 secus
2748 2591 2806 2663 si
2861 2589 2984 2662 alii
3034 2583 3282 2660 resede-

645 2724 684 2770 ι»
725 2701 922 2789 rint,
979 2704 1098 2775 alii
1151 2723 1351 2775 non:
1429 2712 1599 2778 tnnc
1651 2707 1842 2778 enim
1897 2707 2020 2795 qui
2075 2725 2217 2778 non
2271 2706 2719 2789 resederint,
2788 2697 3283 2795 compellendos

645 2836 684 2882 >
727 2831 883 2885 esse
935 2821 1015 2887 ut
1066 2817 1452 2890 resideant.
1488 2842 1527 2885 ›
1607 2898 1612 2903 ⁴

795 2927 960 2997 115.
1016 2922 1191 2999 Cum
1242 2929 1458 3019 igitur
1493 2926 1832 3001 visitator
1866 2926 2311 3019 Apostolicus
2363 2928 2778 3019 collegiatae
2831 2923 3127 2996 civitatis
3168 2916 3287 2990 La·

643 3038 882 3110 viniae
918 3042 1297 3112 canonicos
1331 3040 1613 3112 decreto
1667 3059 1796 3111 suo
1834 3042 1925 3112 ad
1963 3040 2455 3130 quotidianam
2493 3038 2966 3110 officiaturam
3010 3031 3288 3105 obstrin-

645 3168 810 3241 gere
859 3152 1109 3240 vellet,
1166 3151 1239 3224 S.
1281 3151 1355 3223 C.
1398 3147 1604 3222 Visit.
1653 3149 1890 3241 Apost.
1932 3151 2047 3223 die
2101 3152 2220 3223 28.
2270 3150 2560 3243 Augusti
2621 3148 2834 3220 1704.
2879 3142 3281 3227 declaravit,

644 3265 911 3335 servari
965 3266 1289 3351 solitum,
1347 3264 1541 3354 quod
1592 3269 1743 3336 erat
1797 3264 1884 3335 de
1938 3262 2388 3334 inserviendo
2440 3260 2640 3334 festis
2692 3264 2979 3332 tantum
3026 3253 3280 3337 diebu8‚

644 3373 812 3446 licet
862 3376 1180 3465 alioquin
1233 3377 1555 3449 canonici
1595 3376 1946 3448 haberent
1980 3377 2285 3469 pingues
2321 3375 2621 3462 reditus,
2654 3378 2837 3445 teste
2865 3368 3073 3443 Card.
3103 3365 3285 3438 Petra

647 3484 698 3554 l.
739 3504 804 3556 c.
846 3505 923 3556 n.
963 3483 1085 3559 30.
1145 3483 1402 3560 Itidem
1456 3490 1528 3561 S.
1569 3486 1644 3558 C.
1685 3484 1897 3560 Conc.
1940 3489 2015 3560 in
2068 3488 2421 3561 Narnien.
2469 3489 2663 3560 Serv.
2706 3487 2829 3557 26.
2879 3482 3049 3574 Apr.
3094 3479 3279 3553 1658.

646 3590 827 3693 (lib.
849 3596 974 3670 21.
1006 3599 1262 3671 decret.
1296 3618 1467 3693 paq.
1497 3596 1709 3696 612.)
1744 3600 2160 3687 declaravit,
2196 3618 2338 3671 non
2374 3599 2710 3671 sustineri
2747 3598 3111 3671 decretum
3142 3590 3286 3682 Epi·

647 3709 843 3798 scopi
896 3709 1402 3782 demandantis
1452 3711 1792 3782 diurnum
1845 3711 2155 3783 officium
2208 3712 2284 3783 in
2339 3712 2709 3803 collegiata
2762 3706 3097 3796 Otricoli,
3150 3717 3284 3777 cum

647 3818 963 3894 obstaret
1017 3821 1484 3894 consuetudo.
1542 3818 1765 3916 (Petr.
1828 3823 1877 3893 l.
1920 3819 2110 3919 cit.).

800 3933 964 4003 116.
1021 3930 1218 4014 Quae
1274 3935 1480 4005 modo
1534 3934 1906 4006 attulimus
1940 3934 2232 4007 abunde
2284 3934 2810 4020 demonstrant,
2851 3950 3069 4022 quam
3121 3931 3286 4001 certa

651 4049 722 4115 et
755 4044 982 4116 solida
1009 4044 1103 4116 sit
1135 4044 1497 4119 distinctio
1534 4047 1717 4117 inter
1754 4046 2090 4117 ecclesias
2119 4046 2569 4119 cathedrales
2605 4051 2673 4117 et
2702 4045 3137 4136 collegiataS,
3158 4054 3292 4111 eas-

651 4172 791 4244 que
845 4156 1161 4247 insignes
1196 4157 1308 4229 vel
1347 4175 1490 4228 non
1526 4158 1845 4249 insignes
1882 4159 2065 4229 circa
2120 4158 2620 4247 quaestionem
2658 4156 2745 4229 de
2798 4152 3291 4228 consuetudine

650 4266 1194 4339 immemorabili
1246 4268 1691 4341 admittenda
1746 4268 1854 4339 vel
1892 4269 2306 4342 reiicienda.
2341 4266 2433 4342 Ut
2486 4275 2726 4341 autem
2780 4270 3007 4359 magis
3059 4260 3295 4353 magis·

652 4393 793 4465 que
845 4384 1232 4469 appareat,
1288 4380 1614 4452 eamdem
1693 4380 2286 4452 consuetudinem
2359 4379 2565 4452 nihili
2634 4397 2790 4453 esse
2848 4376 3292 4455 habendam,

654 4488 945 4577 quando
970 4490 1205 4581 agitur
1224 4492 1310 4563 de
1333 4491 1894 4578 cathedralibus,
1921 4492 2277 4563 coronidis
2303 4488 2455 4563 loco
2484 4490 2889 4579 subdimus,
2911 4487 2985 4561 S.
3011 4488 3087 4562 C.
3131 4499 3299 4557 nun·

656 4615 874 4688 quam
927 4619 1057 4673 nec
1108 4604 1403 4691 antiquo
1457 4620 1592 4677 nec
1641 4604 2026 4675 novissimo
2077 4610 2395 4693 tempore
2448 4602 2538 4674 ab
2593 4601 2730 4674 hac
2779 4602 3154 4693 disciplina
3202 4608 3302 4663 re-

654 4711 977 4783 cessisse.
1034 4710 1539 4786 Lambertinus
1593 4733 1735 4804 quo
1790 4721 2107 4805 tempore
2185 4712 2563 4787 Secretarii
2623 4730 2914 4785 munere
2967 4706 3305 4801 fungeba-
