3497 5235
597 311 715 374 45ss
1352 311 1720 369 luti-untionis
1762 311 1815 368 8.
1843 311 2027 384 Oongr.
2055 310 2204 368 Oeno.
2244 309 2515 385 expositio.

495 455 511 464 ·
594 453 724 520 tur,
774 454 1113 528 antequam
1159 442 1336 508 Missa
1382 442 1757 529 parochialis
1803 441 2116 508 celebrata
2164 441 2397 520 fuerit:
2459 442 2574 508 sed
2634 441 2950 531 Episcopo
3000 438 3070 505 id
3117 454 3270 523 pro-

594 546 819 612 hibere
866 544 1249 631 permissum
1298 557 1431 622 est,
1485 544 1836 611 dummodo
1884 546 2059 612 Missa
2108 544 2483 632 parochialis
2544 544 2697 611 bora
2752 553 3115 630 opportuna
3166 560 3274 607 ce-

596 647 904 714 lebretur.
945 684 988 697 -
1018 650 1168 714 377.
1223 646 1348 714 Sed
1399 648 1737 733 Regula-es
1786 668 1999 735 neque
2032 649 2107 714 ab
2142 648 2461 735 Episcopo
2491 645 2821 733 prohiberi
2854 655 3147 732 possunt,
3185 663 3273 711 ne

595 752 805 816 Missas
853 750 1220 827 celebrent,
1256 761 1364 815 aut
1398 751 1755 818 functiones
1786 752 1975 819 etiam
2008 746 2161 818 cum'
2183 752 2397 818 sonitu
2431 769 2880 840 campanarum
2926 759 3273 839 peragant,

596 864 935 940 antequam
984 855 1162 918 Missa
1207 852 1581 940 parochialis
1629 856 1913 922 absoluta
1961 853 2179 921 fuerit.

746 1114 915 1184 369.
976 1112 1349 1185 Sententia
1402 1113 1889 1204 theologorum
1944 1120 2015 1185 et
2065 1114 2597 1185 canonistarum
2649 1121 2783 1202 est,
2842 1120 2924 1186 ut
2975 1113 3280 1205 parochi

597 1242 725 1315 per
774 1243 849 1296 se
905 1221 1160 1296 Missae
1214 1224 1637 1297 sacrificium
1691 1243 1819 1315 pro
1870 1224 2135 1314 populo
2186 1223 2325 1295 sihi
2358 1227 2734 1298 commisso
2772 1243 3114 1316 peragere
3152 1227 3285 1298 de-

593 1333 842 1407 beant.
885 1337 958 1408 S.
991 1334 1064 1407 C.
1097 1334 1307 1408 Cone.
1341 1339 1412 1408 in
1451 1337 1823 1409 Tiburtina
1850 1337 2055 1429 Appi.
2089 1337 2286 1410 Μίεε.
2321 1337 2441 1407 21.
2476 1333 2653 1408 Nov.
2693 1338 2908 1410 1801.
2939 1334 3016 1433 ἓ.
3050 1338 3274 1409 Haec.

593 1445 1003 1519 Consonant
1070 1447 1540 1521 resolutiones
1591 1449 1917 1522 eiusdem
1969 1445 2044 1519 S.
2085 1448 2161 1521 C.
2219 1449 2638 1539 praesertim
2692 1450 2766 1521 in
2823 1449 3060 1522 Castri
3114 1449 3281 1522 Albi

607 1558 749 1630 W.
797 1561 924 1632 SS.
967 1561 1112 1631 LL.
1159 1561 1274 1631 18.
1316 1556 1454 1631 Iul.
1505 1561 1753 1646 1789„
1792 1560 1868 1632 in
1922 1579 2093 1651 qua,
2152 1579 2313 1633 cum
2349 1558 2505 1632 Emi
2553 1558 2796 1633 Patres
2832 1562 3060 1653 rogati
3100 1561 3281 1633 fuis-

594 1678 801 1743 sent:
880 1694 917 1736 ι
962 1671 1066 1742 An
1119 1672 1408 1762 parochi
1475 1673 1828 1745 dictarum
1899 1674 2361 1745 ecclesiarum
2414 1669 2881 1769 (cathedralis
2932 1681 3007 1746 et
3059 1674 3279 1746 colle-

598 1804 636 1849 ιι
679 1782 912 1873 giatae
965 1781 1038 1854 S.
1073 1779 1371 1877 Mariae)
1409 1785 1860 1874 aliarumque
1894 1784 2431 1877 collegiatarum
2469 1785 2811 1857 dioecesis
2844 1782 3077 1857 Castri
3121 1783 3276 1857 Albi

599 1918 637 1963 ιι
679 1900 1063 1968 teneantur
1115 1914 1242 1986 per
1292 1897 1564 1985 seipsos
1632 1896 1997 1987 applicare
2067 1896 2324 1969 diebus
2374 1896 2574 1968 festis
2625 1893 2916 1968 Missam
2968 1915 3100 1988 pro
3154 1914 3276 1990 po-

600 2029 638 2074 ιι
681 2006 895 2096 pulo,
953 2025 1081 2079 seu
1136 2009 1375 2098 potius
1428 2009 1702 2099 possint
1772 2027 1898 2100 per
1949 2008 2413 2082 beneficiatos
2475 2009 2796 2099 aliosque
2864 2009 3275 2081 sacerdotes

607 2142 644 2185 ιι
686 2118 1051 2208 praedicto
1103 2121 1302 2191 oneri
1353 2119 1765 2219 satisfacere
1817 2122 1891 2192 in
1926 2115 2147 2194 casu?
2177 2146 2216 2189 ιι
2256 2122 2817 2211 rescripserunt:
2879 2143 2918 2186 ι
2954 2120 3276 2193 Affirma-

601 2254 640 2297 ιι
682 2232 826 2303 tive
879 2231 968 2301 ad
1024 2233 1323 2323 primam
1376 2239 1684 2325 partem,
1742 2235 2071 2324 negative
2123 2235 2215 2306 ad
2266 2234 2685 2306 secundam.
2724 2258 2761 2301 ιι

749 2344 918 2415 370.
977 2341 1315 2425 Quamvis
1368 2352 1609 2417 autem
1659 2343 2091 2418 Cavalierius
2142 2339 2391 2440 (Tem.
2432 2344 2506 2419 3.
2553 2346 2681 2436 Op.
2725 2344 3043 2436 liturqt'c.
3092 2364 3158 2416 c.
3197 2343 3267 2416 8.

600 2454 697 2527 ad
732 2454 983 2526 decret.
1030 2455 1147 2530 15.
1191 2478 1266 2528 n.
1306 2455 1418 2538 3.,
1457 2458 1659 2529 cuius
1710 2456 1927 2529 verba
1963 2457 2372 2530 referuntur
2408 2460 2480 2529 in
2519 2457 2683 2528 folio
2721 2457 3120 2528 Fesulanae
3158 2457 3265 2527 16.

598 2561 764 2639 Iun.
813 2568 1025 2640 1770.
1065 2566 1139 2663 ξ.
1184 2567 1549 2665 Ceterum)
1602 2571 1893 2655 sentiat,
1939 2592 1976 2636 α
2010 2570 2485 2643 necessarium
2523 2587 2667 2641 non
2703 2586 2859 2641 esse
2894 2574 3048 2640 tam
3083 2586 3276 2639 scru-

602 2700 640 2745 ιι
681 2679 927 2770 pulose
981 2681 1054 2751 in
1107 2681 1243 2753 hac
1296 2702 1368 2755 re
1422 2683 1770 2774 parochos
1822 2683 2197 2774 progredi,
2272 2683 2398 2753 sed
2452 2681 2587 2753 levi
2641 2682 2857 2754 etiam
2912 2679 3006 2752 de
3061 2698 3273 2752 causa

603 2814 642 2857 ιι
683 2809 825 2862 non
865 2791 1359 2882 infrequenter
1395 2813 1522 2886 per
1558 2793 1733 2866 alios
1770 2794 2102 2885 supplere
2132 2812 2339 2884 posse
2365 2818 2436 2881 ιι,
2468 2793 2936 2865 nihilominus
2973 2810 3065 2863 ex
3103 2811 3278 2881 qua-

602 2903 803 2976 litate
840 2907 1200 2996 praecepti
1237 2905 1461 2977 divini
1501 2913 1570 2978 et
1610 2907 1956 2997 gravitate
2000 2906 2440 2997 Apostolicae
2475 2906 3063 2997 praescriptionis
3100 2903 3279 2977 illud

597 3017 957 3105 sequitur,
1015 3024 1093 3089 ut
1149 3017 1219 3089 id
1270 3019 1508 3089 oneris
1559 3021 1712 3090 sine
1767 3019 2181 3109 gravissima
2235 3036 2450 3090 causa
2503 3018 2577 3088 in
2614 3017 2790 3089 alios
2817 3017 3114 3089 reiicere
3148 3016 3280 3086 mi-

601 3128 792 3199 nime
845 3130 1146 3219 possint.
1204 3125 1295 3200 Et
1346 3147 1521 3201 sane
1572 3131 1646 3202 in
1681 3130 1875 3201 dicta
1913 3129 2269 3202 Fesulcma
2306 3130 2398 3201 ad
2434 3129 2697 3202 dubia:
2758 3151 2797 3195 ‹
2837 3128 2947 3200 An
2987 3126 3280 3220 parochi

604 3264 640 3306 ιι
684 3240 757 3309 in
813 3238 1194 3312 Dominicis
1246 3241 1551 3331 aliisque
1589 3242 1789 3313 festis
1840 3240 2124 3328 diebus,
2167 3249 2547 3333 praesente
2584 3240 2967 3328 cadavere,
3001 3241 3279 3334 possint

601 3377 640 3420 ιι
682 3354 1044 3426 celebrare
1098 3351 1385 3426 Missam
1454 3374 1580 3447 pro
1650 3355 2037 3443 defunctO,
2103 3363 2171 3428 et
2225 3354 2317 3425 ad
2370 3354 2586 3426 alium
2641 3355 2830 3427 diem
2883 3353 3278 3426 transferre

602 3491 640 3534 ιι
683 3462 969 3536 Missam
1005 3484 1132 3556 pro
1168 3467 1431 3557 populo
1485 3467 1990 3558 applicandam
2028 3467 2102 3538 in
2140 3460 2383 3540 casu‘}
2412 3473 2481 3538 et
2515 3473 2876 3555 quatenus
2913 3466 3272 3556 negative,

606 3601 644 3646 ιι
691 3596 784 3648 an
837 3578 1093 3649 saltem
1146 3579 1609 3671 applicationi
1663 3576 1921 3652 Missae
1976 3597 2102 3669 pro
2153 3578 2419 3669 populo
2470 3576 2801 3668 supplere
2838 3576 3118 3668 possint
3150 3590 3283 3664 per

600 3713 639 3756 ιι
685 3689 903 3760 alium
959 3691 1400 3762 sacerdotem
1456 3692 1529 3761 in
1583 3684 1799 3762 casu?
1831 3717 1868 3760 ιι
1923 3691 2040 3763 die
2091 3691 2213 3762 26.
2246 3685 2543 3762 Ianuar.
2589 3688 2802 3759 1771.
2860 3685 3273 3777 rescripsit:

604 3825 641 3867 ι
684 3802 787 3872 Ad
850 3802 914 3872 1.
959 3808 1029 3873 et
1080 3804 1152 3872 2.
1211 3798 1576 3893 Negative.
1615 3828 1651 3870 ιι

753 3914 923 3984 371.
982 3909 1182 3985 Idem
1239 3914 1641 3986 accuratius
1697 3921 1769 3987 et
1822 3914 2083 3986 clarius
2134 3913 2501 3985 definitum
2542 3909 2680 3983 fuit
2718 3911 2790 3982 in
2817 3911 3270 3985 Mechlinien.

598 4024 797 4098 Miss.
829 4044 964 4116 pro
1008 4045 1172 4117 pop.
1215 4027 1334 4097 25.
1379 4024 1782 4116 Septembr.
1830 4027 2043 4097 1847.
2078 4045 2207 4116 per
2246 4027 2443 4097 Sum.
2478 4042 2713 4114 pree„
2748 4022 2875 4095 ubi
2927 4039 3284 4115 propone-

597 4134 816 4209 batur
870 4156 907 4207 a
962 4133 1282 4209 Mariano
1337 4135 1752 4210 Verhoeven
1808 4140 1879 4209 in
1936 4135 2410 4209 Universitate
2460 4133 2856 4208 Lovanien.
2915 4152 3283 4207 sacromm

597 4267 954 4319 canonum
1026 4249 1460 4342 professore:
1524 4272 1561 4314 ι
1607 4251 1713 4320 An
1777 4248 2066 4341 parochi
2128 4254 2461 4319 sanctum
2514 4245 2773 4319 Missae
2842 4246 3285 4319 sacrificium

601 4383 640 4426 ιι
681 4378 807 4450 pro
866 4362 1130 4451 populo
1184 4361 1431 4433 offerre
1485 4360 1827 4447 debeant,
1869 4360 1927 4430 si
1964 4359 2282 4450 legitima
2317 4378 2536 4432 causa
2567 4376 2713 4429 non
2753 4357 3282 4449 impediuntur,

602 4494 639 4535 ιι
680 4489 774 4541 an
827 4490 993 4543 vero
1044 4491 1171 4564 per
1222 4473 1440 4544 alium
1495 4490 1608 4544 ex.
1653 4490 1760 4563 gr.
1816 4470 2287 4558 sacellanum,
2337 4478 2462 4542 aut
2514 4467 3010 4560 presbyterum
3056 4465 3293 4539 adve-

601 4604 639 4649 ιι
684 4600 848 4652 nam
904 4583 1074 4655 huic
1123 4583 1354 4655 officio
1405 4582 1819 4656 satisfacere
1872 4580 2188 4672 possint?
2222 4607 2260 4650 ιι
2302 4578 2377 4653 S.
2410 4578 2485 4651 C.
2529 4580 2940 4672 respondit:
2999 4602 3036 4644 ι
3064 4577 3291 4650 Affir-

601 4718 640 4759 ›
685 4698 945 4767 mative
983 4699 1074 4768 ad
1111 4698 1414 4786 primam
1448 4705 1755 4789 partem,
1801 4697 2128 4788 negative
2166 4696 2257 4768 ad
2292 4694 2710 4783 secundam,
2752 4700 3045 4785 excepto
3089 4709 3291 4765 casu
