<?xml version="1.0" encoding="UTF-8"?>
<!DOCTYPE html PUBLIC "-//W3C//DTD XHTML 1.0 Transitional//EN"
    "http://www.w3.org/TR/xhtml1/DTD/xhtml1-transitional.dtd">
<html xmlns="http://www.w3.org/1999/xhtml" xml:lang="en" lang="en">
 <head>
  <title>
</title>
<meta http-equiv="Content-Type" content="text/html;charset=utf-8" />
  <meta name='ocr-system' content='tesseract 3.04.00' />
  <meta name='ocr-capabilities' content='ocr_page ocr_carea ocr_par ocr_line ocrx_word'/>
</head>
<body>
  <div class='ocr_page' id='page_1' title='image "./devisitationesa00popegoog_0519.png"; bbox 0 0 3497 5235; ppageno 0'>
   <div class='ocr_carea' id='block_1_1' title="bbox 999 321 2910 417">
    <p class='ocr_par' dir='ltr' id='par_1_1' title="bbox 999 321 2910 417">
     <span class='ocr_line' id='line_1_1' title="bbox 999 321 2910 417; baseline 0.002 -38"><span class='ocrx_word' id='word_1_1' title='bbox 999 370 1009 379; x_wconf 90' lang='lat'>.</span> <span class='ocrx_word' id='word_1_2' title='bbox 1057 322 1178 396; x_wconf 67' lang='grc' dir='ltr'>οη.</span> <span class='ocrx_word' id='word_1_3' title='bbox 1204 323 1300 417; x_wconf 80' lang='lat' dir='ltr'>m.</span> <span class='ocrx_word' id='word_1_4' title='bbox 1345 323 1417 381; x_wconf 79' lang='lat' dir='ltr'>n·</span> <span class='ocrx_word' id='word_1_5' title='bbox 1456 322 1589 381; x_wconf 67' lang='lat' dir='ltr'>uero</span> <span class='ocrx_word' id='word_1_6' title='bbox 1630 322 1903 383; x_wconf 65' lang='grc' dir='ltr'>ιιοοιιιιιὶ.</span> <span class='ocrx_word' id='word_1_7' title='bbox 1947 324 1999 396; x_wconf 71' lang='lat' dir='ltr'>g,</span> <span class='ocrx_word' id='word_1_8' title='bbox 2024 324 2105 381; x_wconf 75' lang='lat'>12.</span> <span class='ocrx_word' id='word_1_9' title='bbox 2789 321 2910 384; x_wconf 74' lang='lat'>479</span> 
     </span>
    </p>
   </div>
   <div class='ocr_carea' id='block_1_2' title="bbox 242 458 2913 1108">
    <p class='ocr_par' dir='ltr' id='par_1_2' title="bbox 243 458 2903 658">
     <span class='ocr_line' id='line_1_2' title="bbox 246 458 2903 549; baseline 0.001 -21"><span class='ocrx_word' id='word_1_10' title='bbox 246 474 493 548; x_wconf 83' lang='lat' dir='ltr'>gruam</span> <span class='ocrx_word' id='word_1_11' title='bbox 546 473 687 530; x_wconf 92' lang='lat' dir='ltr'>non</span> <span class='ocrx_word' id='word_1_12' title='bbox 759 459 1208 548; x_wconf 82' lang='lat' dir='ltr'>pertingere3</span> <span class='ocrx_word' id='word_1_13' title='bbox 1266 458 1583 549; x_wconf 82' lang='lat' dir='ltr'>alioquin</span> <span class='ocrx_word' id='word_1_14' title='bbox 1652 477 1814 531; x_wconf 91' lang='lat' dir='ltr'>vero</span> <span class='ocrx_word' id='word_1_15' title='bbox 1867 467 2107 532; x_wconf 84' lang='lat' dir='ltr'>taxam</span> <span class='ocrx_word' id='word_1_16' title='bbox 2159 459 2576 549; x_wconf 80' lang='lat' dir='ltr'>synodalem</span> <span class='ocrx_word' id='word_1_17' title='bbox 2640 460 2903 532; x_wconf 89' lang='lat' dir='ltr'>nedum</span> 
     </span>
     <span class='ocr_line' id='line_1_3' title="bbox 243 568 2898 658; baseline 0.002 -19"><span class='ocrx_word' id='word_1_18' title='bbox 243 568 630 658; x_wconf 83' lang='lat' dir='ltr'><strong>aequabat,</strong></span> <span class='ocrx_word' id='word_1_19' title='bbox 671 569 798 640; x_wconf 85' lang='lat' dir='ltr'>sed</span> <span class='ocrx_word' id='word_1_20' title='bbox 850 568 1263 658; x_wconf 89' lang='lat' dir='ltr'>superabat.</span> <span class='ocrx_word' id='word_1_21' title='bbox 2893 600 2898 605; x_wconf 89' lang='lat'><strong>·</strong></span> 
     </span>
    </p>

    <p class='ocr_par' dir='ltr' id='par_1_3' title="bbox 242 675 2913 1108">
     <span class='ocr_line' id='line_1_4' title="bbox 388 675 2904 772; baseline 0.003 -23"><span class='ocrx_word' id='word_1_22' title='bbox 388 680 561 751; x_wconf 78' lang='grc'><strong>401.</strong></span> <span class='ocrx_word' id='word_1_23' title='bbox 600 675 802 761; x_wconf 89' lang='lat' dir='ltr'>Quod</span> <span class='ocrx_word' id='word_1_24' title='bbox 856 681 1159 770; x_wconf 75' lang='lat' dir='ltr'>pertinet</span> <span class='ocrx_word' id='word_1_25' title='bbox 1213 681 1306 754; x_wconf 91' lang='lat' dir='ltr'>ad</span> <span class='ocrx_word' id='word_1_26' title='bbox 1356 682 1534 754; x_wconf 86' lang='lat' dir='ltr'>haec</span> <span class='ocrx_word' id='word_1_27' title='bbox 1585 683 2010 772; x_wconf 89' lang='lat' dir='ltr'>patrimonia</span> <span class='ocrx_word' id='word_1_28' title='bbox 2063 700 2292 769; x_wconf 90' lang='lat' dir='ltr'>sacra,</span> <span class='ocrx_word' id='word_1_29' title='bbox 2344 682 2714 755; x_wconf 91' lang='lat' dir='ltr'>sciendum</span> <span class='ocrx_word' id='word_1_30' title='bbox 2769 690 2904 772; x_wconf 83' lang='lat' dir='ltr'>est,</span> 
     </span>
     <span class='ocr_line' id='line_1_5' title="bbox 246 787 2913 883; baseline 0.002 -22"><span class='ocrx_word' id='word_1_31' title='bbox 246 790 435 879; x_wconf 89' lang='lat' dir='ltr'>quod</span> <span class='ocrx_word' id='word_1_32' title='bbox 489 787 1075 882; x_wconf 81' lang='lat' dir='ltr'>Montispotitiani</span> <span class='ocrx_word' id='word_1_33' title='bbox 1130 788 1547 883; x_wconf 90' lang='lat' dir='ltr'>Episcopus,</span> <span class='ocrx_word' id='word_1_34' title='bbox 1589 799 1671 865; x_wconf 91' lang='lat' dir='ltr'>ut</span> <span class='ocrx_word' id='word_1_35' title='bbox 1720 811 2081 866; x_wconf 89' lang='lat' dir='ltr'>sacrorum</span> <span class='ocrx_word' id='word_1_36' title='bbox 2135 794 2643 882; x_wconf 87' lang='lat' dir='ltr'>ministrorum,</span> <span class='ocrx_word' id='word_1_37' title='bbox 2697 800 2767 867; x_wconf 90' lang='lat' dir='ltr'>et</span> <span class='ocrx_word' id='word_1_38' title='bbox 2818 796 2913 867; x_wconf 82' lang='lat' dir='ltr'>ti·-</span> 
     </span>
     <span class='ocr_line' id='line_1_6' title="bbox 244 901 2906 996; baseline 0.003 -25"><span class='ocrx_word' id='word_1_39' title='bbox 244 901 556 972; x_wconf 87' lang='lat' dir='ltr'>tulorum</span> <span class='ocrx_word' id='word_1_40' title='bbox 608 902 1076 975; x_wconf 81' lang='lat' dir='ltr'>ordinationis</span> <span class='ocrx_word' id='word_1_41' title='bbox 1110 903 1420 977; x_wconf 77' lang='lat' dir='ltr'>defectui</span> <span class='ocrx_word' id='word_1_42' title='bbox 1458 922 1764 995; x_wconf 85' lang='lat' dir='ltr'>congrue</span> <span class='ocrx_word' id='word_1_43' title='bbox 1801 905 2261 996; x_wconf 77' lang='lat' dir='ltr'>prospiceret,</span> <span class='ocrx_word' id='word_1_44' title='bbox 2304 906 2651 977; x_wconf 89' lang='lat' dir='ltr'>nonnulla</span> <span class='ocrx_word' id='word_1_45' title='bbox 2704 925 2906 980; x_wconf 90' lang='lat' dir='ltr'>sacra</span> 
     </span>
     <span class='ocr_line' id='line_1_7' title="bbox 242 1014 2908 1108; baseline 0.003 -25"><span class='ocrx_word' id='word_1_46' title='bbox 242 1014 670 1102; x_wconf 87' lang='lat' dir='ltr'>patrimonia</span> <span class='ocrx_word' id='word_1_47' title='bbox 725 1033 852 1085; x_wconf 93' lang='lat' dir='ltr'>suo</span> <span class='ocrx_word' id='word_1_48' title='bbox 897 1032 1060 1086; x_wconf 90' lang='lat' dir='ltr'>aere</span> <span class='ocrx_word' id='word_1_49' title='bbox 1112 1017 1380 1105; x_wconf 89' lang='lat' dir='ltr'>erigere</span> <span class='ocrx_word' id='word_1_50' title='bbox 1418 1017 1778 1105; x_wconf 87' lang='lat' dir='ltr'>cogitavit,</span> <span class='ocrx_word' id='word_1_51' title='bbox 1818 1014 2063 1087; x_wconf 89' lang='lat' dir='ltr'>addita</span> <span class='ocrx_word' id='word_1_52' title='bbox 2116 1023 2358 1088; x_wconf 86' lang='lat' dir='ltr'>tamen</span> <span class='ocrx_word' id='word_1_53' title='bbox 2394 1025 2677 1108; x_wconf 89' lang='lat' dir='ltr'>praeter</span> <span class='ocrx_word' id='word_1_54' title='bbox 2730 1020 2908 1092; x_wconf 77' lang='lat' dir='ltr'>alias</span> 
     </span>
    </p>
   </div>
   <div class='ocr_carea' id='block_1_3' title="bbox 247 1126 3102 1222">
    <p class='ocr_par' dir='ltr' id='par_1_4' title="bbox 247 1126 3102 1222">
     <span class='ocr_line' id='line_1_8' title="bbox 247 1126 3102 1222; baseline 0.001 -24"><span class='ocrx_word' id='word_1_55' title='bbox 247 1126 382 1198; x_wconf 88' lang='lat' dir='ltr'>bac</span> <span class='ocrx_word' id='word_1_56' title='bbox 432 1126 781 1214; x_wconf 81' lang='lat' dir='ltr'>clausula,</span> <span class='ocrx_word' id='word_1_57' title='bbox 823 1132 904 1199; x_wconf 87' lang='lat' dir='ltr'>ut</span> <span class='ocrx_word' id='word_1_58' title='bbox 956 1129 1042 1199; x_wconf 87' lang='lat' dir='ltr'>iis</span> <span class='ocrx_word' id='word_1_59' title='bbox 1078 1130 1522 1219; x_wconf 84' lang='lat' dir='ltr'>patrimoniis</span> <span class='ocrx_word' id='word_1_60' title='bbox 1558 1129 1711 1221; x_wconf 90' lang='lat' dir='ltr'>ipso</span> <span class='ocrx_word' id='word_1_61' title='bbox 1764 1127 1949 1200; x_wconf 85' lang='lat' dir='ltr'>facto</span> <span class='ocrx_word' id='word_1_62' title='bbox 1984 1129 2305 1222; x_wconf 88' lang='lat' dir='ltr'>privatus</span> <span class='ocrx_word' id='word_1_63' title='bbox 2341 1136 2528 1202; x_wconf 85' lang='lat' dir='ltr'>esset</span> <span class='ocrx_word' id='word_1_64' title='bbox 2577 1130 2906 1220; x_wconf 79' lang='lat' dir='ltr'>quisquis</span> <span class='ocrx_word' id='word_1_65' title='bbox 3015 1168 3022 1174; x_wconf 92' lang='lat'><strong>·</strong></span> <span class='ocrx_word' id='word_1_66' title='bbox 3099 1138 3102 1139; x_wconf 75' lang='grc'>’</span> 
     </span>
    </p>
   </div>
   <div class='ocr_carea' id='block_1_4' title="bbox 202 1234 2909 4795">
    <p class='ocr_par' dir='ltr' id='par_1_5' title="bbox 247 1234 2909 1666">
     <span class='ocr_line' id='line_1_9' title="bbox 247 1234 2909 1326; baseline 0.002 -17"><span class='ocrx_word' id='word_1_67' title='bbox 247 1237 522 1326; x_wconf 88' lang='lat' dir='ltr'>absque</span> <span class='ocrx_word' id='word_1_68' title='bbox 575 1234 930 1310; x_wconf 89' lang='lat' dir='ltr'>Ordinarii</span> <span class='ocrx_word' id='word_1_69' title='bbox 968 1240 1255 1313; x_wconf 84' lang='lat' dir='ltr'>licentia</span> <span class='ocrx_word' id='word_1_70' title='bbox 1307 1240 1684 1313; x_wconf 88' lang='lat' dir='ltr'>dioecesim</span> <span class='ocrx_word' id='word_1_71' title='bbox 1720 1242 2097 1313; x_wconf 86' lang='lat' dir='ltr'>relicturus</span> <span class='ocrx_word' id='word_1_72' title='bbox 2148 1246 2359 1312; x_wconf 89' lang='lat' dir='ltr'>esset.</span> <span class='ocrx_word' id='word_1_73' title='bbox 2403 1240 2474 1312; x_wconf 90' lang='lat' dir='ltr'>S.</span> <span class='ocrx_word' id='word_1_74' title='bbox 2516 1239 2590 1312; x_wconf 89' lang='lat' dir='ltr'>C.</span> <span class='ocrx_word' id='word_1_75' title='bbox 2633 1241 2723 1314; x_wconf 93' lang='lat' dir='ltr'>de</span> <span class='ocrx_word' id='word_1_76' title='bbox 2775 1243 2909 1313; x_wconf 86' lang='lat' dir='ltr'>bu-</span> 
     </span>
     <span class='ocr_line' id='line_1_10' title="bbox 248 1348 2906 1445; baseline 0.002 -26"><span class='ocrx_word' id='word_1_77' title='bbox 248 1348 356 1420; x_wconf 92' lang='lat' dir='ltr'>ius</span> <span class='ocrx_word' id='word_1_78' title='bbox 409 1350 769 1421; x_wconf 79' lang='lat' dir='ltr'>clausulae</span> <span class='ocrx_word' id='word_1_79' title='bbox 822 1350 1340 1443; x_wconf 84' lang='lat' dir='ltr'>approbatione</span> <span class='ocrx_word' id='word_1_80' title='bbox 1392 1353 1716 1423; x_wconf 88' lang='lat' dir='ltr'>consulta</span> <span class='ocrx_word' id='word_1_81' title='bbox 1769 1352 2134 1445; x_wconf 86' lang='lat' dir='ltr'>respondit</span> <span class='ocrx_word' id='word_1_82' title='bbox 2187 1351 2280 1424; x_wconf 91' lang='lat' dir='ltr'>ad</span> <span class='ocrx_word' id='word_1_83' title='bbox 2331 1352 2675 1424; x_wconf 90' lang='lat' dir='ltr'>dubium:</span> <span class='ocrx_word' id='word_1_84' title='bbox 2721 1374 2759 1420; x_wconf 77' lang='lat'><strong>&lt;</strong></span> <span class='ocrx_word' id='word_1_85' title='bbox 2801 1353 2906 1424; x_wconf 74' lang='lat' dir='ltr'>An</span> 
     </span>
     <span class='ocr_line' id='line_1_11' title="bbox 253 1459 2906 1554; baseline 0.002 -23"><span class='ocrx_word' id='word_1_86' title='bbox 253 1484 292 1529; x_wconf 82' lang='lat'>›</span> <span class='ocrx_word' id='word_1_87' title='bbox 332 1467 403 1532; x_wconf 90' lang='lat' dir='ltr'>et</span> <span class='ocrx_word' id='word_1_88' title='bbox 456 1461 811 1550; x_wconf 89' lang='lat' dir='ltr'>quomodo</span> <span class='ocrx_word' id='word_1_89' title='bbox 861 1463 1174 1535; x_wconf 84' lang='lat' dir='ltr'>conditio</span> <span class='ocrx_word' id='word_1_90' title='bbox 1224 1465 1317 1535; x_wconf 90' lang='lat' dir='ltr'>sit</span> <span class='ocrx_word' id='word_1_91' title='bbox 1367 1463 1836 1554; x_wconf 87' lang='lat' dir='ltr'>approbanda</span> <span class='ocrx_word' id='word_1_92' title='bbox 1871 1465 1944 1535; x_wconf 90' lang='lat' dir='ltr'>in</span> <span class='ocrx_word' id='word_1_93' title='bbox 1999 1459 2216 1534; x_wconf 63' lang='lat' dir='ltr'>casu?</span> <span class='ocrx_word' id='word_1_94' title='bbox 2257 1501 2301 1515; x_wconf 92' lang='lat'><em>-</em></span> <span class='ocrx_word' id='word_1_95' title='bbox 2344 1462 2798 1537; x_wconf 81' lang='lat' dir='ltr'>Affirmative</span> <span class='ocrx_word' id='word_1_96' title='bbox 2830 1466 2906 1535; x_wconf 91' lang='lat' dir='ltr'>in</span> 
     </span>
     <span class='ocr_line' id='line_1_12' title="bbox 251 1572 2576 1666; baseline 0.003 -27"><span class='ocrx_word' id='word_1_97' title='bbox 251 1596 288 1639; x_wconf 53' lang='grc' dir='ltr'>ιν</span> <span class='ocrx_word' id='word_1_98' title='bbox 327 1572 687 1662; x_wconf 79' lang='lat' dir='ltr'>omnibuS,</span> <span class='ocrx_word' id='word_1_99' title='bbox 747 1574 944 1646; x_wconf 82' lang='lat' dir='ltr'>iuxta</span> <span class='ocrx_word' id='word_1_100' title='bbox 995 1593 1265 1666; x_wconf 78' lang='lat' dir='ltr'>preces,</span> <span class='ocrx_word' id='word_1_101' title='bbox 1293 1601 1328 1644; x_wconf 82' lang='lat'><strong>»</strong></span> <span class='ocrx_word' id='word_1_102' title='bbox 1369 1576 1964 1665; x_wconf 80' lang='lat' dir='ltr'>Montispolitiani</span> <span class='ocrx_word' id='word_1_103' title='bbox 2015 1578 2134 1647; x_wconf 96' lang='grc'><strong>21.</strong></span> <span class='ocrx_word' id='word_1_104' title='bbox 2178 1573 2318 1647; x_wconf 91' lang='lat' dir='ltr'>Iul.</span> <span class='ocrx_word' id='word_1_105' title='bbox 2365 1578 2576 1649; x_wconf 80' lang='grc'><strong>1821.</strong></span> 
     </span>
    </p>

    <p class='ocr_par' dir='ltr' id='par_1_6' title="bbox 221 1683 2909 4214">
     <span class='ocr_line' id='line_1_13' title="bbox 364 1683 2908 1778; baseline -0.001 -17"><span class='ocrx_word' id='word_1_106' title='bbox 364 1684 560 1761; x_wconf 68' lang='grc'><strong>402.</strong></span> <span class='ocrx_word' id='word_1_107' title='bbox 620 1683 884 1759; x_wconf 89' lang='lat' dir='ltr'>Habita</span> <span class='ocrx_word' id='word_1_108' title='bbox 937 1688 1211 1758; x_wconf 91' lang='lat' dir='ltr'>ratione</span> <span class='ocrx_word' id='word_1_109' title='bbox 1264 1687 1393 1775; x_wconf 92' lang='lat' dir='ltr'>rei,</span> <span class='ocrx_word' id='word_1_110' title='bbox 1434 1689 1525 1759; x_wconf 85' lang='lat' dir='ltr'>de</span> <span class='ocrx_word' id='word_1_111' title='bbox 1577 1705 1719 1777; x_wconf 92' lang='lat' dir='ltr'>qua</span> <span class='ocrx_word' id='word_1_112' title='bbox 1773 1689 2033 1778; x_wconf 88' lang='lat' dir='ltr'>agitur,</span> <span class='ocrx_word' id='word_1_113' title='bbox 2080 1689 2467 1778; x_wconf 79' lang='lat' dir='ltr'>portioneS,</span> <span class='ocrx_word' id='word_1_114' title='bbox 2522 1705 2649 1759; x_wconf 92' lang='lat' dir='ltr'>seu</span> <span class='ocrx_word' id='word_1_115' title='bbox 2688 1688 2908 1778; x_wconf 88' lang='lat' dir='ltr'>parti-</span> 
     </span>
     <span class='ocr_line' id='line_1_14' title="bbox 236 1795 2909 1891; baseline 0.002 -25"><span class='ocrx_word' id='word_1_116' title='bbox 236 1795 669 1886; x_wconf 81' lang='lat' dir='ltr'>cipationes,</span> <span class='ocrx_word' id='word_1_117' title='bbox 727 1816 910 1887; x_wconf 89' lang='lat' dir='ltr'>quas</span> <span class='ocrx_word' id='word_1_118' title='bbox 959 1815 1047 1871; x_wconf 80' lang='lat' dir='ltr'>ex</span> <span class='ocrx_word' id='word_1_119' title='bbox 1100 1798 1402 1870; x_wconf 89' lang='lat' dir='ltr'>alicuius</span> <span class='ocrx_word' id='word_1_120' title='bbox 1453 1799 1820 1887; x_wconf 88' lang='lat' dir='ltr'>ecclesiae,</span> <span class='ocrx_word' id='word_1_121' title='bbox 1878 1801 2294 1889; x_wconf 87' lang='lat' dir='ltr'>praesertim</span> <span class='ocrx_word' id='word_1_122' title='bbox 2344 1799 2761 1891; x_wconf 89' lang='lat' dir='ltr'>receptitiae</span> <span class='ocrx_word' id='word_1_123' title='bbox 2795 1804 2909 1872; x_wconf 90' lang='lat' dir='ltr'>re-</span> 
     </span>
     <span class='ocr_line' id='line_1_15' title="bbox 247 1906 2906 2000; baseline 0.002 -23"><span class='ocrx_word' id='word_1_124' title='bbox 247 1906 523 1979; x_wconf 83' lang='lat' dir='ltr'>ditibus</span> <span class='ocrx_word' id='word_1_125' title='bbox 574 1910 977 1999; x_wconf 89' lang='lat' dir='ltr'>percipiunt</span> <span class='ocrx_word' id='word_1_126' title='bbox 1030 1909 1104 1996; x_wconf 89' lang='lat' dir='ltr'>ii,</span> <span class='ocrx_word' id='word_1_127' title='bbox 1164 1910 1285 1998; x_wconf 92' lang='lat' dir='ltr'>qui</span> <span class='ocrx_word' id='word_1_128' title='bbox 1338 1909 1566 1981; x_wconf 91' lang='lat' dir='ltr'>eidem</span> <span class='ocrx_word' id='word_1_129' title='bbox 1621 1910 1958 2000; x_wconf 83' lang='lat' dir='ltr'>adscripti</span> <span class='ocrx_word' id='word_1_130' title='bbox 2005 1917 2202 1999; x_wconf 90' lang='lat' dir='ltr'>sunt,</span> <span class='ocrx_word' id='word_1_131' title='bbox 2239 1912 2664 1982; x_wconf 54' lang='lat' dir='ltr'>,canonicum</span> <span class='ocrx_word' id='word_1_132' title='bbox 2718 1910 2906 1981; x_wconf 92' lang='lat' dir='ltr'>ordi-</span> 
     </span>
     <span class='ocr_line' id='line_1_16' title="bbox 230 2018 2898 2113; baseline 0.001 -25"><span class='ocrx_word' id='word_1_133' title='bbox 230 2020 561 2091; x_wconf 82' lang='lat' dir='ltr'>nationis</span> <span class='ocrx_word' id='word_1_134' title='bbox 615 2020 901 2092; x_wconf 89' lang='lat' dir='ltr'>titulum</span> <span class='ocrx_word' id='word_1_135' title='bbox 954 2020 1202 2092; x_wconf 79' lang='lat' dir='ltr'>ass&#39;erre</span> <span class='ocrx_word' id='word_1_136' title='bbox 1254 2029 1581 2113; x_wconf 87' lang='lat' dir='ltr'>possunt.</span> <span class='ocrx_word' id='word_1_137' title='bbox 1638 2018 1835 2094; x_wconf 90' lang='lat' dir='ltr'>Licet</span> <span class='ocrx_word' id='word_1_138' title='bbox 1886 2023 2074 2093; x_wconf 91' lang='lat' dir='ltr'>enim</span> <span class='ocrx_word' id='word_1_139' title='bbox 2128 2018 2563 2093; x_wconf 83' lang='lat' dir='ltr'>Monacellus</span> <span class='ocrx_word' id='word_1_140' title='bbox 2608 2023 2742 2093; x_wconf 84' lang='lat' dir='ltr'>Tit.</span> <span class='ocrx_word' id='word_1_141' title='bbox 2780 2019 2898 2094; x_wconf 76' lang='lat'>13.</span> 
     </span>
     <span class='ocr_line' id='line_1_17' title="bbox 245 2130 2896 2223; baseline 0.001 -22"><span class='ocrx_word' id='word_1_142' title='bbox 245 2130 462 2221; x_wconf 81' lang='lat' dir='ltr'>form.</span> <span class='ocrx_word' id='word_1_143' title='bbox 503 2130 575 2205; x_wconf 82' lang='lat'>3.</span> <span class='ocrx_word' id='word_1_144' title='bbox 617 2150 692 2202; x_wconf 78' lang='lat' dir='ltr'>n.</span> <span class='ocrx_word' id='word_1_145' title='bbox 733 2131 804 2203; x_wconf 81' lang='lat'>8.</span> <span class='ocrx_word' id='word_1_146' title='bbox 849 2133 1250 2223; x_wconf 77' lang='lat' dir='ltr'>negativam</span> <span class='ocrx_word' id='word_1_147' title='bbox 1302 2134 1729 2204; x_wconf 90' lang='lat' dir='ltr'>sententiam</span> <span class='ocrx_word' id='word_1_148' title='bbox 1785 2131 1993 2218; x_wconf 86' lang='lat' dir='ltr'>ferat,</span> <span class='ocrx_word' id='word_1_149' title='bbox 2050 2133 2357 2205; x_wconf 89' lang='lat' dir='ltr'>adducta</span> <span class='ocrx_word' id='word_1_150' title='bbox 2413 2133 2486 2202; x_wconf 91' lang='lat' dir='ltr'>in</span> <span class='ocrx_word' id='word_1_151' title='bbox 2524 2149 2669 2203; x_wconf 89' lang='lat' dir='ltr'>rem</span> <span class='ocrx_word' id='word_1_152' title='bbox 2710 2130 2781 2204; x_wconf 92' lang='lat' dir='ltr'>S.</span> <span class='ocrx_word' id='word_1_153' title='bbox 2823 2131 2896 2205; x_wconf 91' lang='lat' dir='ltr'>C.</span> 
     </span>
     <span class='ocr_line' id='line_1_18' title="bbox 245 2237 2904 2339; baseline 0.002 -26"><span class='ocrx_word' id='word_1_154' title='bbox 245 2239 457 2313; x_wconf 85' lang='lat' dir='ltr'>Conc.</span> <span class='ocrx_word' id='word_1_155' title='bbox 499 2243 980 2315; x_wconf 86' lang='lat' dir='ltr'>declaratione</span> <span class='ocrx_word' id='word_1_156' title='bbox 1030 2244 1105 2313; x_wconf 91' lang='lat' dir='ltr'>in</span> <span class='ocrx_word' id='word_1_157' title='bbox 1157 2261 1301 2315; x_wconf 91' lang='lat' dir='ltr'>una</span> <span class='ocrx_word' id='word_1_158' title='bbox 1352 2244 1731 2317; x_wconf 82' lang='lat' dir='ltr'>Marsicen.</span> <span class='ocrx_word' id='word_1_159' title='bbox 1781 2243 1895 2313; x_wconf 82' lang='lat'>16.</span> <span class='ocrx_word' id='word_1_160' title='bbox 1938 2241 2100 2315; x_wconf 85' lang='lat' dir='ltr'>Maii</span> <span class='ocrx_word' id='word_1_161' title='bbox 2159 2245 2371 2315; x_wconf 88' lang='grc'><strong>1682.</strong></span> <span class='ocrx_word' id='word_1_162' title='bbox 2413 2237 2582 2339; x_wconf 80' lang='lat' dir='ltr'>(lib.</span> <span class='ocrx_word' id='word_1_163' title='bbox 2624 2243 2744 2317; x_wconf 73' lang='lat'>32.</span> <span class='ocrx_word' id='word_1_164' title='bbox 2785 2245 2904 2317; x_wconf 82' lang='lat' dir='ltr'>de-</span> 
     </span>
     <span class='ocr_line' id='line_1_19' title="bbox 246 2351 2902 2448; baseline 0.002 -24"><span class='ocrx_word' id='word_1_165' title='bbox 246 2359 418 2424; x_wconf 85' lang='lat' dir='ltr'>cret.</span> <span class='ocrx_word' id='word_1_166' title='bbox 453 2373 621 2445; x_wconf 80' lang='lat' dir='ltr'>paq.</span> <span class='ocrx_word' id='word_1_167' title='bbox 661 2351 931 2448; x_wconf 74' lang='lat'>273.),</span> <span class='ocrx_word' id='word_1_168' title='bbox 983 2353 1447 2425; x_wconf 89' lang='lat' dir='ltr'>nibilominus</span> <span class='ocrx_word' id='word_1_169' title='bbox 1516 2355 1720 2426; x_wconf 85' lang='lat' dir='ltr'>aliter</span> <span class='ocrx_word' id='word_1_170' title='bbox 1779 2356 2238 2427; x_wconf 88' lang='lat' dir='ltr'>statuendum</span> <span class='ocrx_word' id='word_1_171' title='bbox 2291 2362 2448 2442; x_wconf 89' lang='lat' dir='ltr'>est,</span> <span class='ocrx_word' id='word_1_172' title='bbox 2521 2354 2902 2430; x_wconf 89' lang='lat' dir='ltr'>dummodo</span> 
     </span>
     <span class='ocr_line' id='line_1_20' title="bbox 246 2463 2896 2556; baseline 0.002 -23"><span class='ocrx_word' id='word_1_173' title='bbox 246 2463 598 2537; x_wconf 86' lang='lat' dir='ltr'>accedant</span> <span class='ocrx_word' id='word_1_174' title='bbox 649 2464 1118 2550; x_wconf 87' lang='lat' dir='ltr'>conditiones,</span> <span class='ocrx_word' id='word_1_175' title='bbox 1159 2483 1339 2555; x_wconf 89' lang='lat' dir='ltr'>quas</span> <span class='ocrx_word' id='word_1_176' title='bbox 1374 2485 1463 2538; x_wconf 81' lang='lat' dir='ltr'>ex</span> <span class='ocrx_word' id='word_1_177' title='bbox 1497 2464 1891 2556; x_wconf 86' lang='lat' dir='ltr'>Pignatcllo</span> <span class='ocrx_word' id='word_1_178' title='bbox 1935 2468 2226 2539; x_wconf 82' lang='lat' dir='ltr'>Constit.</span> <span class='ocrx_word' id='word_1_179' title='bbox 2268 2473 2435 2539; x_wconf 86' lang='lat' dir='ltr'>tom.</span> <span class='ocrx_word' id='word_1_180' title='bbox 2478 2466 2551 2537; x_wconf 91' lang='lat'>5.</span> <span class='ocrx_word' id='word_1_181' title='bbox 2582 2486 2746 2538; x_wconf 87' lang='lat' dir='ltr'>can.</span> <span class='ocrx_word' id='word_1_182' title='bbox 2776 2467 2896 2540; x_wconf 90' lang='grc'>77.</span> 
     </span>
     <span class='ocr_line' id='line_1_21' title="bbox 242 2572 2902 2669; baseline 0.003 -24"><span class='ocrx_word' id='word_1_183' title='bbox 242 2593 318 2645; x_wconf 77' lang='lat' dir='ltr'>n.</span> <span class='ocrx_word' id='word_1_184' title='bbox 358 2573 481 2647; x_wconf 66' lang='lat'>34.</span> <span class='ocrx_word' id='word_1_185' title='bbox 540 2576 962 2666; x_wconf 81' lang='lat' dir='ltr'>colligimus.</span> <span class='ocrx_word' id='word_1_186' title='bbox 1021 2572 1112 2649; x_wconf 89' lang='lat' dir='ltr'>Ut</span> <span class='ocrx_word' id='word_1_187' title='bbox 1148 2578 1337 2648; x_wconf 92' lang='lat' dir='ltr'>enim</span> <span class='ocrx_word' id='word_1_188' title='bbox 1380 2578 1671 2649; x_wconf 89' lang='lat' dir='ltr'>eaedem</span> <span class='ocrx_word' id='word_1_189' title='bbox 1709 2578 2070 2668; x_wconf 89' lang='lat' dir='ltr'>portiones</span> <span class='ocrx_word' id='word_1_190' title='bbox 2105 2578 2397 2669; x_wconf 80' lang='lat' dir='ltr'>legitimi</span> <span class='ocrx_word' id='word_1_191' title='bbox 2433 2579 2902 2653; x_wconf 87' lang='lat' dir='ltr'>ordinationis</span> 
     </span>
     <span class='ocr_line' id='line_1_22' title="bbox 240 2687 2901 2780; baseline 0.002 -23"><span class='ocrx_word' id='word_1_192' title='bbox 240 2687 431 2758; x_wconf 83' lang='lat' dir='ltr'>tituli</span> <span class='ocrx_word' id='word_1_193' title='bbox 483 2696 937 2776; x_wconf 88' lang='lat' dir='ltr'>censeantur,</span> <span class='ocrx_word' id='word_1_194' title='bbox 997 2694 1243 2761; x_wconf 87' lang='lat' dir='ltr'>auctor</span> <span class='ocrx_word' id='word_1_195' title='bbox 1294 2690 1412 2761; x_wconf 91' lang='lat' dir='ltr'>ille</span> <span class='ocrx_word' id='word_1_196' title='bbox 1465 2690 1787 2780; x_wconf 89' lang='lat' dir='ltr'>requirit,</span> <span class='ocrx_word' id='word_1_197' title='bbox 1833 2714 1869 2755; x_wconf 85' lang='lat'>‹</span> <span class='ocrx_word' id='word_1_198' title='bbox 1903 2690 2093 2779; x_wconf 88' lang='lat' dir='ltr'>quod</span> <span class='ocrx_word' id='word_1_199' title='bbox 2129 2691 2403 2761; x_wconf 89' lang='lat' dir='ltr'>reditus</span> <span class='ocrx_word' id='word_1_200' title='bbox 2437 2690 2584 2761; x_wconf 91' lang='lat' dir='ltr'>sint</span> <span class='ocrx_word' id='word_1_201' title='bbox 2618 2688 2901 2763; x_wconf 85' lang='lat' dir='ltr'>fundati</span> 
     </span>
     <span class='ocr_line' id='line_1_23' title="bbox 239 2798 2900 2890; baseline 0.005 -25"><span class='ocrx_word' id='word_1_202' title='bbox 239 2822 278 2865; x_wconf 81' lang='lat'><strong>»</strong></span> <span class='ocrx_word' id='word_1_203' title='bbox 319 2816 537 2889; x_wconf 90' lang='lat' dir='ltr'>super</span> <span class='ocrx_word' id='word_1_204' title='bbox 588 2798 801 2872; x_wconf 91' lang='lat' dir='ltr'>rebus</span> <span class='ocrx_word' id='word_1_205' title='bbox 854 2799 1235 2872; x_wconf 86' lang='lat' dir='ltr'>stabilibus</span> <span class='ocrx_word' id='word_1_206' title='bbox 1286 2808 1356 2873; x_wconf 91' lang='lat' dir='ltr'>et</span> <span class='ocrx_word' id='word_1_207' title='bbox 1407 2803 1623 2889; x_wconf 88' lang='lat' dir='ltr'>tutis;</span> <span class='ocrx_word' id='word_1_208' title='bbox 1682 2801 1875 2890; x_wconf 90' lang='lat' dir='ltr'>quod</span> <span class='ocrx_word' id='word_1_209' title='bbox 1926 2819 2264 2872; x_wconf 90' lang='lat' dir='ltr'>numerus</span> <span class='ocrx_word' id='word_1_210' title='bbox 2316 2802 2900 2890; x_wconf 88' lang='lat' dir='ltr'>participantium</span> 
     </span>
     <span class='ocr_line' id='line_1_24' title="bbox 240 2911 2899 3002; baseline 0.002 -24"><span class='ocrx_word' id='word_1_211' title='bbox 240 2935 280 2978; x_wconf 74' lang='lat'><strong>&gt;</strong></span> <span class='ocrx_word' id='word_1_212' title='bbox 319 2911 413 2982; x_wconf 92' lang='lat' dir='ltr'>sit</span> <span class='ocrx_word' id='word_1_213' title='bbox 468 2918 731 2998; x_wconf 76' lang='lat' dir='ltr'>certUS,</span> <span class='ocrx_word' id='word_1_214' title='bbox 789 2918 859 2984; x_wconf 91' lang='lat' dir='ltr'>et</span> <span class='ocrx_word' id='word_1_215' title='bbox 910 2930 1077 3002; x_wconf 87' lang='lat' dir='ltr'>pars</span> <span class='ocrx_word' id='word_1_216' title='bbox 1129 2914 1387 3002; x_wconf 91' lang='lat' dir='ltr'>cuique</span> <span class='ocrx_word' id='word_1_217' title='bbox 1446 2913 1868 3002; x_wconf 84' lang='lat' dir='ltr'>contingens</span> <span class='ocrx_word' id='word_1_218' title='bbox 1923 2919 2150 2997; x_wconf 89' lang='lat' dir='ltr'>tanta,</span> <span class='ocrx_word' id='word_1_219' title='bbox 2209 2929 2393 3000; x_wconf 90' lang='lat' dir='ltr'>quae</span> <span class='ocrx_word' id='word_1_220' title='bbox 2446 2911 2755 2983; x_wconf 83' lang='lat' dir='ltr'>sufficiat</span> <span class='ocrx_word' id='word_1_221' title='bbox 2806 2913 2899 2984; x_wconf 90' lang='lat' dir='ltr'>ad</span> 
     </span>
     <span class='ocr_line' id='line_1_25' title="bbox 241 3022 2898 3114; baseline 0.001 -21"><span class='ocrx_word' id='word_1_222' title='bbox 241 3045 279 3084; x_wconf 81' lang='lat'><strong>»</strong></span> <span class='ocrx_word' id='word_1_223' title='bbox 319 3039 707 3112; x_wconf 82' lang='lat' dir='ltr'>congruam</span> <span class='ocrx_word' id='word_1_224' title='bbox 778 3024 1416 3111; x_wconf 81' lang='lat' dir='ltr'>sustentationem3</span> <span class='ocrx_word' id='word_1_225' title='bbox 1475 3025 1664 3114; x_wconf 89' lang='lat' dir='ltr'>quod</span> <span class='ocrx_word' id='word_1_226' title='bbox 1719 3025 1957 3095; x_wconf 89' lang='lat' dir='ltr'>taliter</span> <span class='ocrx_word' id='word_1_227' title='bbox 2023 3023 2331 3094; x_wconf 87' lang='lat' dir='ltr'>ordinati</span> <span class='ocrx_word' id='word_1_228' title='bbox 2405 3022 2898 3113; x_wconf 88' lang='lat' dir='ltr'>intelligantur</span> 
     </span>
     <span class='ocr_line' id='line_1_26' title="bbox 240 3133 2899 3223; baseline 0.002 -23"><span class='ocrx_word' id='word_1_229' title='bbox 240 3157 283 3200; x_wconf 80' lang='lat'><strong>»</strong></span> <span class='ocrx_word' id='word_1_230' title='bbox 322 3133 616 3223; x_wconf 88' lang='lat' dir='ltr'>obligati</span> <span class='ocrx_word' id='word_1_231' title='bbox 674 3135 776 3205; x_wconf 88' lang='lat' dir='ltr'>illi</span> <span class='ocrx_word' id='word_1_232' title='bbox 829 3135 1173 3206; x_wconf 85' lang='lat' dir='ltr'>ecclesiae</span> <span class='ocrx_word' id='word_1_233' title='bbox 1224 3142 1589 3223; x_wconf 87' lang='lat' dir='ltr'>tamquam</span> <span class='ocrx_word' id='word_1_234' title='bbox 1625 3134 2036 3205; x_wconf 84' lang='lat' dir='ltr'>beneficiati</span> <span class='ocrx_word' id='word_1_235' title='bbox 2091 3133 2449 3203; x_wconf 83' lang='lat' dir='ltr'>eiusdem:</span> <span class='ocrx_word' id='word_1_236' title='bbox 2509 3133 2699 3221; x_wconf 91' lang='lat' dir='ltr'>quod</span> <span class='ocrx_word' id='word_1_237' title='bbox 2738 3150 2899 3223; x_wconf 90' lang='lat' dir='ltr'>per·</span> 
     </span>
     <span class='ocr_line' id='line_1_27' title="bbox 239 3245 2898 3339; baseline 0.001 -24"><span class='ocrx_word' id='word_1_238' title='bbox 239 3270 278 3315; x_wconf 82' lang='lat'>›</span> <span class='ocrx_word' id='word_1_239' title='bbox 323 3247 507 3318; x_wconf 90' lang='lat' dir='ltr'>mitti</span> <span class='ocrx_word' id='word_1_240' title='bbox 563 3249 835 3336; x_wconf 87' lang='lat' dir='ltr'>possint</span> <span class='ocrx_word' id='word_1_241' title='bbox 888 3246 980 3317; x_wconf 90' lang='lat' dir='ltr'>ad</span> <span class='ocrx_word' id='word_1_242' title='bbox 1032 3247 1563 3332; x_wconf 85' lang='lat' dir='ltr'>celebrandum,</span> <span class='ocrx_word' id='word_1_243' title='bbox 1607 3247 1768 3320; x_wconf 91' lang='lat' dir='ltr'>licet</span> <span class='ocrx_word' id='word_1_244' title='bbox 1820 3247 2322 3339; x_wconf 84' lang='lat' dir='ltr'>patrimonium</span> <span class='ocrx_word' id='word_1_245' title='bbox 2372 3245 2738 3320; x_wconf 87' lang='lat' dir='ltr'>amiserint</span> <span class='ocrx_word' id='word_1_246' title='bbox 2775 3264 2898 3336; x_wconf 87' lang='lat' dir='ltr'>per</span> 
     </span>
     <span class='ocr_line' id='line_1_28' title="bbox 240 3358 2897 3448; baseline 0.001 -22"><span class='ocrx_word' id='word_1_247' title='bbox 240 3380 282 3426; x_wconf 82' lang='lat'>›</span> <span class='ocrx_word' id='word_1_248' title='bbox 321 3360 623 3448; x_wconf 86' lang='lat' dir='ltr'>antiqua</span> <span class='ocrx_word' id='word_1_249' title='bbox 678 3359 965 3446; x_wconf 90' lang='lat' dir='ltr'>debita;</span> <span class='ocrx_word' id='word_1_250' title='bbox 1041 3358 1231 3448; x_wconf 91' lang='lat' dir='ltr'>quod</span> <span class='ocrx_word' id='word_1_251' title='bbox 1282 3359 1367 3430; x_wconf 89' lang='lat' dir='ltr'>iis</span> <span class='ocrx_word' id='word_1_252' title='bbox 1435 3358 1796 3430; x_wconf 87' lang='lat' dir='ltr'>sufficiens</span> <span class='ocrx_word' id='word_1_253' title='bbox 1863 3377 1990 3429; x_wconf 91' lang='lat' dir='ltr'>seu</span> <span class='ocrx_word' id='word_1_254' title='bbox 2043 3375 2352 3448; x_wconf 88' lang='lat' dir='ltr'>congrua</span> <span class='ocrx_word' id='word_1_255' title='bbox 2423 3375 2590 3447; x_wconf 91' lang='lat' dir='ltr'>pars</span> <span class='ocrx_word' id='word_1_256' title='bbox 2652 3358 2897 3447; x_wconf 89' lang='lat' dir='ltr'>negari</span> 
     </span>
     <span class='ocr_line' id='line_1_29' title="bbox 238 3467 2897 3561; baseline -0 -21"><span class='ocrx_word' id='word_1_257' title='bbox 238 3493 277 3539; x_wconf 64' lang='grc' dir='ltr'><strong>ι</strong></span> <span class='ocrx_word' id='word_1_258' title='bbox 319 3488 464 3541; x_wconf 92' lang='lat' dir='ltr'>non</span> <span class='ocrx_word' id='word_1_259' title='bbox 518 3471 792 3561; x_wconf 90' lang='lat' dir='ltr'>possit,</span> <span class='ocrx_word' id='word_1_260' title='bbox 851 3471 1079 3542; x_wconf 89' lang='lat' dir='ltr'>donec</span> <span class='ocrx_word' id='word_1_261' title='bbox 1130 3471 1476 3558; x_wconf 83' lang='lat' dir='ltr'>vixerint,</span> <span class='ocrx_word' id='word_1_262' title='bbox 1537 3469 1744 3540; x_wconf 93' lang='lat' dir='ltr'>modo</span> <span class='ocrx_word' id='word_1_263' title='bbox 1799 3471 2017 3540; x_wconf 80' lang='lat' dir='ltr'>velint</span> <span class='ocrx_word' id='word_1_264' title='bbox 2068 3469 2452 3555; x_wconf 83' lang='lat' dir='ltr'>inservire3</span> <span class='ocrx_word' id='word_1_265' title='bbox 2512 3467 2701 3557; x_wconf 92' lang='lat' dir='ltr'>quod</span> <span class='ocrx_word' id='word_1_266' title='bbox 2755 3468 2897 3540; x_wconf 89' lang='lat' dir='ltr'>illis</span> 
     </span>
     <span class='ocr_line' id='line_1_30' title="bbox 234 3578 2898 3671; baseline 0 -20"><span class='ocrx_word' id='word_1_267' title='bbox 234 3606 276 3651; x_wconf 80' lang='lat'>›</span> <span class='ocrx_word' id='word_1_268' title='bbox 318 3583 527 3654; x_wconf 86' lang='lat' dir='ltr'>detur</span> <span class='ocrx_word' id='word_1_269' title='bbox 598 3583 919 3655; x_wconf 89' lang='lat' dir='ltr'>adinstar</span> <span class='ocrx_word' id='word_1_270' title='bbox 987 3583 1570 3655; x_wconf 87' lang='lat' dir='ltr'>distributionum</span> <span class='ocrx_word' id='word_1_271' title='bbox 1642 3582 2256 3671; x_wconf 89' lang='lat' dir='ltr'>quotidianarum,</span> <span class='ocrx_word' id='word_1_272' title='bbox 2331 3582 2543 3653; x_wconf 87' lang='lat' dir='ltr'>etiam</span> <span class='ocrx_word' id='word_1_273' title='bbox 2608 3578 2898 3669; x_wconf 86' lang='lat' dir='ltr'>quando</span> 
     </span>
     <span class='ocr_line' id='line_1_31' title="bbox 232 3690 2898 3784; baseline -0 -21"><span class='ocrx_word' id='word_1_274' title='bbox 232 3719 275 3762; x_wconf 77' lang='lat'>›</span> <span class='ocrx_word' id='word_1_275' title='bbox 316 3701 486 3764; x_wconf 92' lang='lat' dir='ltr'>sunt</span> <span class='ocrx_word' id='word_1_276' title='bbox 537 3694 861 3783; x_wconf 91' lang='lat' dir='ltr'>impediti</span> <span class='ocrx_word' id='word_1_277' title='bbox 915 3696 1177 3766; x_wconf 86' lang='lat' dir='ltr'>serviro</span> <span class='ocrx_word' id='word_1_278' title='bbox 1230 3695 1383 3766; x_wconf 89' lang='lat' dir='ltr'>sine</span> <span class='ocrx_word' id='word_1_279' title='bbox 1436 3694 1715 3784; x_wconf 90' lang='lat' dir='ltr'>propria</span> <span class='ocrx_word' id='word_1_280' title='bbox 1773 3692 2009 3782; x_wconf 89' lang='lat' dir='ltr'>culpa,</span> <span class='ocrx_word' id='word_1_281' title='bbox 2049 3698 2222 3781; x_wconf 88' lang='lat' dir='ltr'>puta</span> <span class='ocrx_word' id='word_1_282' title='bbox 2278 3699 2565 3782; x_wconf 88' lang='lat' dir='ltr'>propter</span> <span class='ocrx_word' id='word_1_283' title='bbox 2604 3690 2898 3762; x_wconf 84' lang='lat' dir='ltr'>infirmi-</span> 
     </span>
     <span class='ocr_line' id='line_1_32' title="bbox 233 3803 2891 3893; baseline -0.001 -20"><span class='ocrx_word' id='word_1_284' title='bbox 233 3829 274 3873; x_wconf 78' lang='lat'><strong>»</strong></span> <span class='ocrx_word' id='word_1_285' title='bbox 318 3811 539 3877; x_wconf 87' lang='lat' dir='ltr'>tatem</span> <span class='ocrx_word' id='word_1_286' title='bbox 595 3811 765 3893; x_wconf 66' lang='lat' dir='ltr'>etc„</span> <span class='ocrx_word' id='word_1_287' title='bbox 824 3823 1027 3878; x_wconf 89' lang='lat' dir='ltr'>secus</span> <span class='ocrx_word' id='word_1_288' title='bbox 1079 3806 1137 3878; x_wconf 90' lang='lat' dir='ltr'>si</span> <span class='ocrx_word' id='word_1_289' title='bbox 1179 3803 1879 3890; x_wconf 77' lang='lat' dir='ltr'>voluntarie‘absint,</span> <span class='ocrx_word' id='word_1_290' title='bbox 1913 3805 2126 3876; x_wconf 89' lang='lat' dir='ltr'>etiam</span> <span class='ocrx_word' id='word_1_291' title='bbox 2165 3803 2558 3875; x_wconf 90' lang='lat' dir='ltr'>studiorum</span> <span class='ocrx_word' id='word_1_292' title='bbox 2598 3821 2891 3880; x_wconf 54' lang='lat' dir='ltr'>causa.»</span> 
     </span>
     <span class='ocr_line' id='line_1_33' title="bbox 229 3911 2896 4005; baseline -0.001 -17"><span class='ocrx_word' id='word_1_293' title='bbox 229 3913 326 3988; x_wconf 87' lang='lat' dir='ltr'>Et</span> <span class='ocrx_word' id='word_1_294' title='bbox 376 3917 479 3986; x_wconf 82' lang='lat' dir='ltr'>ita</span> <span class='ocrx_word' id='word_1_295' title='bbox 532 3917 620 3988; x_wconf 90' lang='lat' dir='ltr'>de</span> <span class='ocrx_word' id='word_1_296' title='bbox 674 3917 1019 3989; x_wconf 89' lang='lat' dir='ltr'>mandato</span> <span class='ocrx_word' id='word_1_297' title='bbox 1070 3937 1132 3988; x_wconf 91' lang='lat' dir='ltr'>s.</span> <span class='ocrx_word' id='word_1_298' title='bbox 1175 3936 1270 3988; x_wconf 93' lang='lat' dir='ltr'>m.</span> <span class='ocrx_word' id='word_1_299' title='bbox 1311 3915 1652 3988; x_wconf 82' lang='lat' dir='ltr'>Clement.</span> <span class='ocrx_word' id='word_1_300' title='bbox 1698 3911 1897 3985; x_wconf 90' lang='lat' dir='ltr'>Vlll.</span> <span class='ocrx_word' id='word_1_301' title='bbox 1956 3915 2242 4005; x_wconf 87' lang='lat' dir='ltr'>saepius</span> <span class='ocrx_word' id='word_1_302' title='bbox 2280 3913 2367 3985; x_wconf 87' lang='lat' dir='ltr'>S.</span> <span class='ocrx_word' id='word_1_303' title='bbox 2412 3913 2486 3988; x_wconf 90' lang='lat' dir='ltr'>C.</span> <span class='ocrx_word' id='word_1_304' title='bbox 2527 3911 2767 4004; x_wconf 89' lang='lat' dir='ltr'>Episc.</span> <span class='ocrx_word' id='word_1_305' title='bbox 2824 3920 2896 3985; x_wconf 90' lang='lat' dir='ltr'>et</span> 
     </span>
     <span class='ocr_line' id='line_1_34' title="bbox 224 4023 2893 4121; baseline -0.001 -23"><span class='ocrx_word' id='word_1_306' title='bbox 224 4023 495 4116; x_wconf 82' lang='lat' dir='ltr'>Regul.</span> <span class='ocrx_word' id='word_1_307' title='bbox 552 4030 996 4121; x_wconf 84' lang='lat' dir='ltr'>rescripsisse</span> <span class='ocrx_word' id='word_1_308' title='bbox 1047 4029 1502 4119; x_wconf 90' lang='lat' dir='ltr'>prosequitur</span> <span class='ocrx_word' id='word_1_309' title='bbox 1552 4029 1625 4099; x_wconf 89' lang='lat' dir='ltr'>in</span> <span class='ocrx_word' id='word_1_310' title='bbox 1678 4028 2030 4118; x_wconf 90' lang='lat' dir='ltr'>plurimis,</span> <span class='ocrx_word' id='word_1_311' title='bbox 2088 4046 2268 4117; x_wconf 90' lang='lat' dir='ltr'>quas</span> <span class='ocrx_word' id='word_1_312' title='bbox 2319 4027 2520 4114; x_wconf 88' lang='lat' dir='ltr'>citat,</span> <span class='ocrx_word' id='word_1_313' title='bbox 2575 4025 2893 4097; x_wconf 65' lang='lat' dir='ltr'>declarae·</span> 
     </span>
     <span class='ocr_line' id='line_1_35' title="bbox 221 4139 1866 4214; baseline 0.003 -5"><span class='ocrx_word' id='word_1_314' title='bbox 221 4139 581 4210; x_wconf 82' lang='lat' dir='ltr'>tionibus.</span> <span class='ocrx_word' id='word_1_315' title='bbox 1861 4209 1866 4214; x_wconf 87' lang='lat'>.</span> 
     </span>
    </p>

    <p class='ocr_par' dir='ltr' id='par_1_7' title="bbox 202 4246 2895 4795">
     <span class='ocr_line' id='line_1_36' title="bbox 385 4246 2886 4334; baseline -0.002 -13"><span class='ocrx_word' id='word_1_316' title='bbox 385 4252 557 4323; x_wconf 80' lang='lat'><strong>403.</strong></span> <span class='ocrx_word' id='word_1_317' title='bbox 615 4250 934 4325; x_wconf 89' lang='lat' dir='ltr'>Subinde</span> <span class='ocrx_word' id='word_1_318' title='bbox 998 4251 1210 4325; x_wconf 79' lang='lat' dir='ltr'>refert</span> <span class='ocrx_word' id='word_1_319' title='bbox 1261 4252 1621 4324; x_wconf 91' lang='lat' dir='ltr'>decretum</span> <span class='ocrx_word' id='word_1_320' title='bbox 1678 4247 1850 4322; x_wconf 84' lang='lat' dir='ltr'>Sixti</span> <span class='ocrx_word' id='word_1_321' title='bbox 1889 4247 1975 4320; x_wconf 86' lang='lat' dir='ltr'>V.</span> <span class='ocrx_word' id='word_1_322' title='bbox 2019 4250 2158 4322; x_wconf 83' lang='lat' dir='ltr'>diei</span> <span class='ocrx_word' id='word_1_323' title='bbox 2211 4251 2330 4320; x_wconf 86' lang='grc'>28.</span> <span class='ocrx_word' id='word_1_324' title='bbox 2371 4246 2581 4320; x_wconf 88' lang='lat' dir='ltr'>Febr.</span> <span class='ocrx_word' id='word_1_325' title='bbox 2641 4247 2886 4334; x_wconf 66' lang='lat'><strong>1590„</strong></span> 
     </span>
     <span class='ocr_line' id='line_1_37' title="bbox 217 4357 2892 4453; baseline -0.001 -19"><span class='ocrx_word' id='word_1_326' title='bbox 217 4362 430 4453; x_wconf 85' lang='lat' dir='ltr'>quod</span> <span class='ocrx_word' id='word_1_327' title='bbox 483 4381 570 4435; x_wconf 82' lang='lat' dir='ltr'>ex</span> <span class='ocrx_word' id='word_1_328' title='bbox 623 4365 793 4436; x_wconf 89' lang='lat' dir='ltr'>italo</span> <span class='ocrx_word' id='word_1_329' title='bbox 858 4383 1182 4436; x_wconf 89' lang='lat' dir='ltr'>sermone</span> <span class='ocrx_word' id='word_1_330' title='bbox 1244 4381 1520 4434; x_wconf 80' lang='lat' dir='ltr'>versum</span> <span class='ocrx_word' id='word_1_331' title='bbox 1577 4363 1671 4433; x_wconf 89' lang='lat' dir='ltr'>ita</span> <span class='ocrx_word' id='word_1_332' title='bbox 1725 4380 1801 4432; x_wconf 92' lang='lat' dir='ltr'>se</span> <span class='ocrx_word' id='word_1_333' title='bbox 1854 4361 2120 4438; x_wconf 83' lang='lat' dir='ltr'>habet:</span> <span class='ocrx_word' id='word_1_334' title='bbox 2184 4357 2496 4446; x_wconf 72' lang='lat' dir='ltr'>«Quod,</span> <span class='ocrx_word' id='word_1_335' title='bbox 2555 4377 2698 4436; x_wconf 90' lang='lat' dir='ltr'>non</span> <span class='ocrx_word' id='word_1_336' title='bbox 2766 4357 2892 4434; x_wconf 81' lang='lat' dir='ltr'>ob.—</span> 
     </span>
     <span class='ocr_line' id='line_1_38' title="bbox 215 4470 2895 4562; baseline -0.003 -14"><span class='ocrx_word' id='word_1_337' title='bbox 215 4503 271 4548; x_wconf 68' lang='lat'><strong>»</strong></span> <span class='ocrx_word' id='word_1_338' title='bbox 316 4482 554 4547; x_wconf 88' lang='lat' dir='ltr'>stante</span> <span class='ocrx_word' id='word_1_339' title='bbox 611 4477 762 4547; x_wconf 90' lang='lat' dir='ltr'>eius</span> <span class='ocrx_word' id='word_1_340' title='bbox 815 4476 1346 4561; x_wconf 87' lang='lat' dir='ltr'>constitutione,</span> <span class='ocrx_word' id='word_1_341' title='bbox 1386 4479 1456 4545; x_wconf 86' lang='lat' dir='ltr'>ot</span> <span class='ocrx_word' id='word_1_342' title='bbox 1490 4474 1643 4544; x_wconf 87' lang='lat' dir='ltr'>sine</span> <span class='ocrx_word' id='word_1_343' title='bbox 1684 4474 1971 4545; x_wconf 88' lang='lat' dir='ltr'>incursu</span> <span class='ocrx_word' id='word_1_344' title='bbox 2009 4474 2076 4543; x_wconf 92' lang='lat' dir='ltr'>in</span> <span class='ocrx_word' id='word_1_345' title='bbox 2116 4490 2385 4562; x_wconf 87' lang='lat' dir='ltr'>poenas</span> <span class='ocrx_word' id='word_1_346' title='bbox 2420 4470 2686 4541; x_wconf 90' lang='lat' dir='ltr'>ibidem</span> <span class='ocrx_word' id='word_1_347' title='bbox 2723 4486 2895 4548; x_wconf 71' lang='lat' dir='ltr'>con-‚-</span> 
     </span>
     <span class='ocr_line' id='line_1_39' title="bbox 208 4580 2893 4678; baseline -0.003 -19"><span class='ocrx_word' id='word_1_348' title='bbox 208 4615 267 4659; x_wconf 77' lang='lat'>›</span> <span class='ocrx_word' id='word_1_349' title='bbox 318 4593 581 4675; x_wconf 76' lang='lat' dir='ltr'>tentaS,</span> <span class='ocrx_word' id='word_1_350' title='bbox 640 4590 911 4678; x_wconf 85' lang='lat' dir='ltr'>possint</span> <span class='ocrx_word' id='word_1_351' title='bbox 962 4584 1291 4676; x_wconf 90' lang='lat' dir='ltr'>Episcopi</span> <span class='ocrx_word' id='word_1_352' title='bbox 1348 4603 1751 4675; x_wconf 75' lang='lat' dir='ltr'>promovere</span> <span class='ocrx_word' id='word_1_353' title='bbox 1806 4584 2094 4655; x_wconf 89' lang='lat' dir='ltr'>clericos</span> <span class='ocrx_word' id='word_1_354' title='bbox 2147 4580 2677 4672; x_wconf 82' lang='lat' dir='ltr'>adscriptosad</span> <span class='ocrx_word' id='word_1_355' title='bbox 2729 4599 2893 4672; x_wconf 54' lang='lat' dir='ltr'>pare</span> 
     </span>
     <span class='ocr_line' id='line_1_40' title="bbox 202 4694 2888 4795; baseline -0.002 -25"><span class='ocrx_word' id='word_1_356' title='bbox 202 4727 261 4776; x_wconf 74' lang='lat'><strong>&gt;</strong></span> <span class='ocrx_word' id='word_1_357' title='bbox 312 4700 796 4789; x_wconf 86' lang='lat' dir='ltr'>ticipationem</span> <span class='ocrx_word' id='word_1_358' title='bbox 851 4715 1129 4774; x_wconf 87' lang='lat' dir='ltr'>massae</span> <span class='ocrx_word' id='word_1_359' title='bbox 1174 4699 1567 4795; x_wconf 79' lang='lat' dir='ltr'>communis</span> <span class='ocrx_word' id='word_1_360' title='bbox 1603 4697 1904 4772; x_wconf 90' lang='lat' dir='ltr'>alicuius</span> <span class='ocrx_word' id='word_1_361' title='bbox 1939 4695 2306 4783; x_wconf 86' lang='lat' dir='ltr'>ecclesiae,</span> <span class='ocrx_word' id='word_1_362' title='bbox 2347 4694 2734 4768; x_wconf 88' lang='lat' dir='ltr'>dummodo</span> <span class='ocrx_word' id='word_1_363' title='bbox 2769 4694 2888 4775; x_wconf 74' lang='lat' dir='ltr'>isti</span> 
     </span>
    </p>
   </div>
  </div>
 </body>
</html>
