<?xml version="1.0" encoding="UTF-8"?>
<!DOCTYPE html PUBLIC "-//W3C//DTD XHTML 1.0 Transitional//EN"
    "http://www.w3.org/TR/xhtml1/DTD/xhtml1-transitional.dtd">
<html xmlns="http://www.w3.org/1999/xhtml" xml:lang="en" lang="en">
 <head>
  <title>
</title>
<meta http-equiv="Content-Type" content="text/html;charset=utf-8" />
  <meta name='ocr-system' content='tesseract 3.04.00' />
  <meta name='ocr-capabilities' content='ocr_page ocr_carea ocr_par ocr_line ocrx_word'/>
</head>
<body>
  <div class='ocr_page' id='page_1' title='image "./devisitationesa00popegoog_0427.png"; bbox 0 0 3497 5235; ppageno 0'>
   <div class='ocr_carea' id='block_1_1' title="bbox 1010 324 2851 401">
    <p class='ocr_par' dir='ltr' id='par_1_1' title="bbox 1010 324 2851 401">
     <span class='ocr_line' id='line_1_1' title="bbox 1010 324 2851 401; baseline 0.003 -16"><span class='ocrx_word' id='word_1_1' title='bbox 1010 327 1130 401; x_wconf 72' lang='lat'>⁰⁸1²·</span> <span class='ocrx_word' id='word_1_2' title='bbox 1157 327 1255 385; x_wconf 87' lang='lat'>111.</span> <span class='ocrx_word' id='word_1_3' title='bbox 1294 328 1365 385; x_wconf 76' lang='lat' dir='ltr'>Do</span> <span class='ocrx_word' id='word_1_4' title='bbox 1405 324 1538 383; x_wconf 74' lang='lat' dir='ltr'>clero</span> <span class='ocrx_word' id='word_1_5' title='bbox 1578 326 1850 384; x_wconf 72' lang='grc' dir='ltr'>ιιοσιιΙιι-ἱ.</span> <span class='ocrx_word' id='word_1_6' title='bbox 1893 328 1944 401; x_wconf 68' lang='grc' dir='ltr'>ἓ.</span> <span class='ocrx_word' id='word_1_7' title='bbox 1973 329 2022 385; x_wconf 79' lang='grc'>6.</span> <span class='ocrx_word' id='word_1_8' title='bbox 2730 328 2851 393; x_wconf 87' lang='grc'>387</span> 
     </span>
    </p>
   </div>
   <div class='ocr_carea' id='block_1_2' title="bbox 128 461 2855 4683">
    <p class='ocr_par' dir='ltr' id='par_1_2' title="bbox 128 461 2855 4683">
     <span class='ocr_line' id='line_1_2' title="bbox 241 461 2850 551; baseline 0.004 -25"><span class='ocrx_word' id='word_1_9' title='bbox 241 483 271 525; x_wconf 80' lang='lat'>›</span> <span class='ocrx_word' id='word_1_10' title='bbox 303 477 435 531; x_wconf 89' lang='lat' dir='ltr'>esse</span> <span class='ocrx_word' id='word_1_11' title='bbox 481 461 932 551; x_wconf 82' lang='lat' dir='ltr'><strong>imposterum</strong></span> <span class='ocrx_word' id='word_1_12' title='bbox 970 462 1280 534; x_wconf 88' lang='lat' dir='ltr'>residere</span> <span class='ocrx_word' id='word_1_13' title='bbox 1316 464 1389 533; x_wconf 92' lang='lat' dir='ltr'>in</span> <span class='ocrx_word' id='word_1_14' title='bbox 1427 462 1634 534; x_wconf 91' lang='lat' dir='ltr'>domo</span> <span class='ocrx_word' id='word_1_15' title='bbox 1679 461 2045 551; x_wconf 90' lang='lat' dir='ltr'>ecclesiae,</span> <span class='ocrx_word' id='word_1_16' title='bbox 2090 463 2226 549; x_wconf 84' lang='lat' dir='ltr'>vel,</span> <span class='ocrx_word' id='word_1_17' title='bbox 2268 463 2326 534; x_wconf 93' lang='lat' dir='ltr'>si</span> <span class='ocrx_word' id='word_1_18' title='bbox 2366 463 2667 536; x_wconf 91' lang='lat' dir='ltr'>ecclesia</span> <span class='ocrx_word' id='word_1_19' title='bbox 2703 483 2850 536; x_wconf 89' lang='lat' dir='ltr'>non</span> 
     </span>
     <span class='ocr_line' id='line_1_3' title="bbox 243 570 2844 667; baseline 0.003 -28"><span class='ocrx_word' id='word_1_20' title='bbox 243 593 273 639; x_wconf 79' lang='lat'><strong>&gt;</strong></span> <span class='ocrx_word' id='word_1_21' title='bbox 305 570 560 659; x_wconf 87' lang='lat' dir='ltr'>habeat,</span> <span class='ocrx_word' id='word_1_22' title='bbox 615 574 688 643; x_wconf 89' lang='lat' dir='ltr'>in</span> <span class='ocrx_word' id='word_1_23' title='bbox 742 573 879 644; x_wconf 89' lang='lat' dir='ltr'>alia</span> <span class='ocrx_word' id='word_1_24' title='bbox 933 572 1423 667; x_wconf 86' lang='lat' dir='ltr'>propinquiori</span> <span class='ocrx_word' id='word_1_25' title='bbox 1478 575 1661 644; x_wconf 91' lang='lat' dir='ltr'>intra</span> <span class='ocrx_word' id='word_1_26' title='bbox 1715 574 1976 645; x_wconf 91' lang='lat' dir='ltr'>limites</span> <span class='ocrx_word' id='word_1_27' title='bbox 2014 574 2421 664; x_wconf 89' lang='lat' dir='ltr'>parochiae.</span> <span class='ocrx_word' id='word_1_28' title='bbox 2459 600 2497 643; x_wconf 78' lang='lat'><strong>&gt;</strong></span> <span class='ocrx_word' id='word_1_29' title='bbox 2539 570 2844 667; x_wconf 89' lang='lat' dir='ltr'>(Girald.</span> 
     </span>
     <span class='ocr_line' id='line_1_4' title="bbox 239 680 2851 779; baseline 0.004 -29"><span class='ocrx_word' id='word_1_30' title='bbox 239 681 346 752; x_wconf 83' lang='lat' dir='ltr'>loc.</span> <span class='ocrx_word' id='word_1_31' title='bbox 381 682 551 778; x_wconf 84' lang='lat' dir='ltr'>cit.).</span> <span class='ocrx_word' id='word_1_32' title='bbox 622 680 1029 756; x_wconf 81' lang='lat' dir='ltr'><strong>Notandum</strong></span> <span class='ocrx_word' id='word_1_33' title='bbox 1084 702 1248 755; x_wconf 82' lang='lat' dir='ltr'>vero</span> <span class='ocrx_word' id='word_1_34' title='bbox 1301 691 1454 773; x_wconf 89' lang='lat' dir='ltr'>est,</span> <span class='ocrx_word' id='word_1_35' title='bbox 1512 685 1746 776; x_wconf 89' lang='lat' dir='ltr'>quod,</span> <span class='ocrx_word' id='word_1_36' title='bbox 1820 686 1879 756; x_wconf 90' lang='lat' dir='ltr'>si</span> <span class='ocrx_word' id='word_1_37' title='bbox 1932 685 2286 777; x_wconf 82' lang='lat' dir='ltr'>parochus</span> <span class='ocrx_word' id='word_1_38' title='bbox 2356 686 2447 758; x_wconf 90' lang='lat' dir='ltr'>ab</span> <span class='ocrx_word' id='word_1_39' title='bbox 2499 684 2851 779; x_wconf 82' lang='lat' dir='ltr'>Episcopo</span> 
     </span>
     <span class='ocr_line' id='line_1_5' title="bbox 239 791 2847 889; baseline 0.003 -28"><span class='ocrx_word' id='word_1_40' title='bbox 239 791 594 865; x_wconf 85' lang='lat' dir='ltr'>admonitus</span> <span class='ocrx_word' id='word_1_41' title='bbox 645 795 932 867; x_wconf 91' lang='lat' dir='ltr'>domum</span> <span class='ocrx_word' id='word_1_42' title='bbox 986 797 1463 889; x_wconf 79' lang='lat' dir='ltr'>parochialem</span> <span class='ocrx_word' id='word_1_43' title='bbox 1517 815 1978 887; x_wconf 84' lang='lat' dir='ltr'><strong>nequaquam</strong></span> <span class='ocrx_word' id='word_1_44' title='bbox 2043 796 2423 885; x_wconf 89' lang='lat' dir='ltr'>inhabitet,</span> <span class='ocrx_word' id='word_1_45' title='bbox 2481 801 2704 889; x_wconf 83' lang='lat' dir='ltr'>possit</span> <span class='ocrx_word' id='word_1_46' title='bbox 2757 799 2847 870; x_wconf 89' lang='lat' dir='ltr'>ab</span> 
     </span>
     <span class='ocr_line' id='line_1_6' title="bbox 231 901 2853 1005; baseline 0.003 -33"><span class='ocrx_word' id='word_1_47' title='bbox 231 901 442 973; x_wconf 86' lang='lat' dir='ltr'>eodem</span> <span class='ocrx_word' id='word_1_48' title='bbox 489 906 723 995; x_wconf 88' lang='lat' dir='ltr'>puniri</span> <span class='ocrx_word' id='word_1_49' title='bbox 775 908 951 978; x_wconf 89' lang='lat' dir='ltr'>iuris</span> <span class='ocrx_word' id='word_1_50' title='bbox 1004 908 1361 996; x_wconf 73' lang='lat' dir='ltr'>remediiS,</span> <span class='ocrx_word' id='word_1_51' title='bbox 1421 915 1638 997; x_wconf 87' lang='lat' dir='ltr'>atque</span> <span class='ocrx_word' id='word_1_52' title='bbox 1692 910 1903 981; x_wconf 88' lang='lat' dir='ltr'>etiam</span> <span class='ocrx_word' id='word_1_53' title='bbox 1944 908 2273 979; x_wconf 89' lang='lat' dir='ltr'>mulctari</span> <span class='ocrx_word' id='word_1_54' title='bbox 2312 908 2668 981; x_wconf 84' lang='lat' dir='ltr'>fructuum</span> <span class='ocrx_word' id='word_1_55' title='bbox 2707 912 2853 1005; x_wconf 93' lang='lat' dir='ltr'>pri-</span> 
     </span>
     <span class='ocr_line' id='line_1_7' title="bbox 236 1014 2843 1113; baseline 0.004 -32"><span class='ocrx_word' id='word_1_56' title='bbox 236 1014 472 1085; x_wconf 82' lang='lat' dir='ltr'>vatione</span> <span class='ocrx_word' id='word_1_57' title='bbox 521 1016 718 1088; x_wconf 78' lang='lat' dir='ltr'>iuxta</span> <span class='ocrx_word' id='word_1_58' title='bbox 771 1018 1287 1091; x_wconf 82' lang='lat' dir='ltr'>declarationes</span> <span class='ocrx_word' id='word_1_59' title='bbox 1324 1040 1365 1088; x_wconf 89' lang='lat' dir='ltr'>a</span> <span class='ocrx_word' id='word_1_60' title='bbox 1402 1016 1846 1109; x_wconf 89' lang='lat' dir='ltr'>Baptistellio</span> <span class='ocrx_word' id='word_1_61' title='bbox 1883 1020 2147 1093; x_wconf 86' lang='lat' dir='ltr'>relatas</span> <span class='ocrx_word' id='word_1_62' title='bbox 2184 1021 2318 1093; x_wconf 86' lang='lat' dir='ltr'>loc.</span> <span class='ocrx_word' id='word_1_63' title='bbox 2362 1022 2483 1093; x_wconf 86' lang='lat' dir='ltr'>cit.</span> <span class='ocrx_word' id='word_1_64' title='bbox 2507 1041 2677 1113; x_wconf 76' lang='lat' dir='ltr'>paq.</span> <span class='ocrx_word' id='word_1_65' title='bbox 2721 1021 2843 1094; x_wconf 82' lang='lat'>78.</span> 
     </span>
     <span class='ocr_line' id='line_1_8' title="bbox 351 1123 2850 1222; baseline 0.005 -30"><span class='ocrx_word' id='word_1_66' title='bbox 351 1124 502 1194; x_wconf 87' lang='grc'><strong>221.</strong></span> <span class='ocrx_word' id='word_1_67' title='bbox 559 1123 853 1200; x_wconf 87' lang='lat' dir='ltr'>Parochi</span> <span class='ocrx_word' id='word_1_68' title='bbox 893 1128 984 1200; x_wconf 94' lang='lat' dir='ltr'>ad</span> <span class='ocrx_word' id='word_1_69' title='bbox 1033 1136 1285 1202; x_wconf 91' lang='lat' dir='ltr'>nutum</span> <span class='ocrx_word' id='word_1_70' title='bbox 1324 1130 1741 1203; x_wconf 88' lang='lat' dir='ltr'>amovibiles</span> <span class='ocrx_word' id='word_1_71' title='bbox 1780 1139 2114 1203; x_wconf 90' lang='lat' dir='ltr'>tenentur</span> <span class='ocrx_word' id='word_1_72' title='bbox 2150 1132 2459 1204; x_wconf 91' lang='lat' dir='ltr'>residere</span> <span class='ocrx_word' id='word_1_73' title='bbox 2500 1151 2728 1222; x_wconf 88' lang='lat' dir='ltr'>aeque</span> <span class='ocrx_word' id='word_1_74' title='bbox 2765 1151 2850 1205; x_wconf 86' lang='lat' dir='ltr'>ac</span> 
     </span>
     <span class='ocr_line' id='line_1_9' title="bbox 230 1238 2850 1331; baseline 0.005 -27"><span class='ocrx_word' id='word_1_75' title='bbox 230 1239 536 1327; x_wconf 88' lang='lat' dir='ltr'>perpetui,</span> <span class='ocrx_word' id='word_1_76' title='bbox 578 1247 659 1311; x_wconf 92' lang='lat' dir='ltr'>ut</span> <span class='ocrx_word' id='word_1_77' title='bbox 711 1238 783 1312; x_wconf 89' lang='lat' dir='ltr'>S.</span> <span class='ocrx_word' id='word_1_78' title='bbox 826 1240 898 1311; x_wconf 88' lang='lat' dir='ltr'>C.</span> <span class='ocrx_word' id='word_1_79' title='bbox 940 1240 1152 1313; x_wconf 90' lang='lat' dir='ltr'>Conc.</span> <span class='ocrx_word' id='word_1_80' title='bbox 1194 1242 1585 1315; x_wconf 83' lang='lat' dir='ltr'>declaravit</span> <span class='ocrx_word' id='word_1_81' title='bbox 1636 1245 1711 1313; x_wconf 90' lang='lat' dir='ltr'>in</span> <span class='ocrx_word' id='word_1_82' title='bbox 1750 1243 2075 1315; x_wconf 80' lang='lat' dir='ltr'>Elboren.</span> <span class='ocrx_word' id='word_1_83' title='bbox 2119 1244 2241 1315; x_wconf 87' lang='grc'>26.</span> <span class='ocrx_word' id='word_1_84' title='bbox 2287 1241 2443 1315; x_wconf 84' lang='lat' dir='ltr'>Maii</span> <span class='ocrx_word' id='word_1_85' title='bbox 2491 1245 2737 1331; x_wconf 87' lang='grc'><strong>1612.;</strong></span> <span class='ocrx_word' id='word_1_86' title='bbox 2779 1250 2850 1316; x_wconf 87' lang='lat' dir='ltr'>et</span> 
     </span>
     <span class='ocr_line' id='line_1_10' title="bbox 230 1345 2850 1445; baseline 0.004 -30"><span class='ocrx_word' id='word_1_87' title='bbox 230 1345 288 1416; x_wconf 89' lang='lat' dir='ltr'>in</span> <span class='ocrx_word' id='word_1_88' title='bbox 331 1356 670 1442; x_wconf 90' lang='lat' dir='ltr'>proposito</span> <span class='ocrx_word' id='word_1_89' title='bbox 723 1353 940 1427; x_wconf 88' lang='lat' dir='ltr'>dubio</span> <span class='ocrx_word' id='word_1_90' title='bbox 996 1355 1068 1426; x_wconf 88' lang='lat'>6.</span> <span class='ocrx_word' id='word_1_91' title='bbox 1110 1351 1285 1426; x_wconf 87' lang='lat' dir='ltr'>Nov.</span> <span class='ocrx_word' id='word_1_92' title='bbox 1335 1355 1582 1426; x_wconf 79' lang='grc' dir='ltr'><strong>162Ο.;</strong></span> <span class='ocrx_word' id='word_1_93' title='bbox 1644 1377 1682 1420; x_wconf 71' lang='lat'>⁴&lt;</span> <span class='ocrx_word' id='word_1_94' title='bbox 1728 1354 1832 1425; x_wconf 80' lang='lat' dir='ltr'>An</span> <span class='ocrx_word' id='word_1_95' title='bbox 1885 1355 2207 1426; x_wconf 90' lang='lat' dir='ltr'>canonici</span> <span class='ocrx_word' id='word_1_96' title='bbox 2269 1372 2395 1425; x_wconf 92' lang='lat' dir='ltr'>seu</span> <span class='ocrx_word' id='word_1_97' title='bbox 2465 1355 2850 1445; x_wconf 83' lang='lat' dir='ltr'>dignitates</span> 
     </span>
     <span class='ocr_line' id='line_1_11' title="bbox 222 1458 2853 1556; baseline 0.004 -31"><span class='ocrx_word' id='word_1_98' title='bbox 222 1458 671 1537; x_wconf 70' lang='lat' dir='ltr'>»obtinentes</span> <span class='ocrx_word' id='word_1_99' title='bbox 722 1466 1096 1556; x_wconf 89' lang='lat' dir='ltr'>parochias</span> <span class='ocrx_word' id='word_1_100' title='bbox 1149 1467 1220 1535; x_wconf 92' lang='lat' dir='ltr'>in</span> <span class='ocrx_word' id='word_1_101' title='bbox 1278 1467 1589 1555; x_wconf 89' lang='lat' dir='ltr'>titulum,</span> <span class='ocrx_word' id='word_1_102' title='bbox 1648 1465 1997 1537; x_wconf 91' lang='lat' dir='ltr'>distantes</span> <span class='ocrx_word' id='word_1_103' title='bbox 2050 1485 2091 1536; x_wconf 91' lang='lat' dir='ltr'>a</span> <span class='ocrx_word' id='word_1_104' title='bbox 2146 1466 2536 1537; x_wconf 85' lang='lat' dir='ltr'>cathedrali</span> <span class='ocrx_word' id='word_1_105' title='bbox 2580 1484 2704 1555; x_wconf 90' lang='lat' dir='ltr'>per</span> <span class='ocrx_word' id='word_1_106' title='bbox 2740 1465 2853 1535; x_wconf 93' lang='lat' dir='ltr'>di-</span> 
     </span>
     <span class='ocr_line' id='line_1_12' title="bbox 228 1570 2852 1669; baseline 0.003 -30"><span class='ocrx_word' id='word_1_107' title='bbox 228 1591 258 1633; x_wconf 79' lang='lat'><strong>»</strong></span> <span class='ocrx_word' id='word_1_108' title='bbox 290 1570 553 1644; x_wconf 90' lang='lat' dir='ltr'>midiam</span> <span class='ocrx_word' id='word_1_109' title='bbox 609 1576 913 1664; x_wconf 90' lang='lat' dir='ltr'>leucam,</span> <span class='ocrx_word' id='word_1_110' title='bbox 972 1576 1285 1649; x_wconf 90' lang='lat' dir='ltr'>debeant</span> <span class='ocrx_word' id='word_1_111' title='bbox 1335 1579 1488 1669; x_wconf 83' lang='lat' dir='ltr'>cogi</span> <span class='ocrx_word' id='word_1_112' title='bbox 1536 1577 1627 1648; x_wconf 92' lang='lat' dir='ltr'>ad</span> <span class='ocrx_word' id='word_1_113' title='bbox 1667 1578 2121 1649; x_wconf 90' lang='lat' dir='ltr'>residendum</span> <span class='ocrx_word' id='word_1_114' title='bbox 2162 1578 2236 1647; x_wconf 92' lang='lat' dir='ltr'>in</span> <span class='ocrx_word' id='word_1_115' title='bbox 2273 1578 2445 1668; x_wconf 88' lang='lat' dir='ltr'>ipsis</span> <span class='ocrx_word' id='word_1_116' title='bbox 2481 1576 2852 1667; x_wconf 87' lang='lat' dir='ltr'>parochia-</span> 
     </span>
     <span class='ocr_line' id='line_1_13' title="bbox 222 1680 2855 1779; baseline 0.004 -32"><span class='ocrx_word' id='word_1_117' title='bbox 222 1703 252 1745; x_wconf 80' lang='lat'><strong>»</strong></span> <span class='ocrx_word' id='word_1_118' title='bbox 284 1680 491 1769; x_wconf 79' lang='lat' dir='ltr'>libu5‚</span> <span class='ocrx_word' id='word_1_119' title='bbox 550 1706 649 1758; x_wconf 92' lang='lat' dir='ltr'>an</span> <span class='ocrx_word' id='word_1_120' title='bbox 700 1706 863 1760; x_wconf 85' lang='lat' dir='ltr'>vero</span> <span class='ocrx_word' id='word_1_121' title='bbox 915 1688 1268 1776; x_wconf 85' lang='lat' dir='ltr'>sufficiat,</span> <span class='ocrx_word' id='word_1_122' title='bbox 1324 1695 1405 1760; x_wconf 91' lang='lat' dir='ltr'>ut</span> <span class='ocrx_word' id='word_1_123' title='bbox 1456 1689 1709 1762; x_wconf 88' lang='lat' dir='ltr'>diebus</span> <span class='ocrx_word' id='word_1_124' title='bbox 1764 1688 2033 1760; x_wconf 85' lang='lat' dir='ltr'>festivis</span> <span class='ocrx_word' id='word_1_125' title='bbox 2105 1689 2446 1760; x_wconf 88' lang='lat' dir='ltr'>accedant</span> <span class='ocrx_word' id='word_1_126' title='bbox 2500 1688 2590 1759; x_wconf 88' lang='lat' dir='ltr'>ad</span> <span class='ocrx_word' id='word_1_127' title='bbox 2644 1706 2855 1779; x_wconf 90' lang='lat' dir='ltr'>paro-</span> 
     </span>
     <span class='ocr_line' id='line_1_14' title="bbox 221 1784 2848 1890; baseline 0.003 -28"><span class='ocrx_word' id='word_1_128' title='bbox 221 1794 526 1868; x_wconf 83' lang='lat' dir='ltr'>›chiales</span> <span class='ocrx_word' id='word_1_129' title='bbox 597 1799 842 1890; x_wconf 86' lang='lat' dir='ltr'>ibique</span> <span class='ocrx_word' id='word_1_130' title='bbox 915 1798 1373 1874; x_wconf 85' lang='lat' dir='ltr'>Sacramenta</span> <span class='ocrx_word' id='word_1_131' title='bbox 1448 1784 1903 1873; x_wconf 65' lang='lat' dir='ltr'>ministrent?</span> <span class='ocrx_word' id='word_1_132' title='bbox 1942 1826 1980 1869; x_wconf 58' lang='grc' dir='ltr'><strong>ν</strong></span> <span class='ocrx_word' id='word_1_133' title='bbox 2037 1801 2356 1871; x_wconf 89' lang='lat' dir='ltr'>censuit:</span> <span class='ocrx_word' id='word_1_134' title='bbox 2418 1822 2456 1865; x_wconf 61' lang='grc' dir='ltr'>ε</span> <span class='ocrx_word' id='word_1_135' title='bbox 2497 1798 2848 1890; x_wconf 90' lang='lat' dir='ltr'>cogendos</span> 
     </span>
     <span class='ocr_line' id='line_1_15' title="bbox 219 1907 2375 2006; baseline 0.001 -28"><span class='ocrx_word' id='word_1_136' title='bbox 219 1931 248 1971; x_wconf 62' lang='lat'><em>2</em></span> <span class='ocrx_word' id='word_1_137' title='bbox 279 1926 416 1979; x_wconf 86' lang='lat' dir='ltr'>esse</span> <span class='ocrx_word' id='word_1_138' title='bbox 467 1910 557 1981; x_wconf 88' lang='lat' dir='ltr'>ad</span> <span class='ocrx_word' id='word_1_139' title='bbox 614 1912 1075 1984; x_wconf 85' lang='lat' dir='ltr'>residentiam</span> <span class='ocrx_word' id='word_1_140' title='bbox 1108 1938 1144 1978; x_wconf 68' lang='grc' dir='ltr'>ι»</span> <span class='ocrx_word' id='word_1_141' title='bbox 1203 1908 1502 2006; x_wconf 87' lang='lat' dir='ltr'>(Girald.</span> <span class='ocrx_word' id='word_1_142' title='bbox 1548 1913 1682 1984; x_wconf 85' lang='lat' dir='ltr'>loc.</span> <span class='ocrx_word' id='word_1_143' title='bbox 1724 1914 1844 1985; x_wconf 79' lang='lat' dir='ltr'>cit.</span> <span class='ocrx_word' id='word_1_144' title='bbox 1886 1910 1959 2005; x_wconf 64' lang='grc' dir='ltr'>ἓ.</span> <span class='ocrx_word' id='word_1_145' title='bbox 2007 1907 2375 2004; x_wconf 80' lang='lat' dir='ltr'>Parochi).</span> 
     </span>
     <span class='ocr_line' id='line_1_16' title="bbox 332 2019 2849 2117; baseline 0.002 -27"><span class='ocrx_word' id='word_1_146' title='bbox 332 2021 491 2092; x_wconf 91' lang='grc'><strong>222.</strong></span> <span class='ocrx_word' id='word_1_147' title='bbox 551 2019 757 2104; x_wconf 88' lang='lat' dir='ltr'>Quod</span> <span class='ocrx_word' id='word_1_148' title='bbox 803 2032 1040 2097; x_wconf 89' lang='lat' dir='ltr'>autem</span> <span class='ocrx_word' id='word_1_149' title='bbox 1078 2032 1355 2117; x_wconf 89' lang='lat' dir='ltr'>spectat</span> <span class='ocrx_word' id='word_1_150' title='bbox 1391 2026 1484 2097; x_wconf 91' lang='lat' dir='ltr'>ad</span> <span class='ocrx_word' id='word_1_151' title='bbox 1520 2043 1772 2096; x_wconf 91' lang='lat' dir='ltr'>causas</span> <span class='ocrx_word' id='word_1_152' title='bbox 1811 2024 2181 2096; x_wconf 84' lang='lat' dir='ltr'>absentiae</span> <span class='ocrx_word' id='word_1_153' title='bbox 2219 2023 2311 2094; x_wconf 92' lang='lat' dir='ltr'>ab</span> <span class='ocrx_word' id='word_1_154' title='bbox 2349 2021 2695 2117; x_wconf 89' lang='lat' dir='ltr'>Episcopo</span> <span class='ocrx_word' id='word_1_155' title='bbox 2732 2042 2849 2097; x_wconf 93' lang='lat' dir='ltr'>co-</span> 
     </span>
     <span class='ocr_line' id='line_1_17' title="bbox 210 2132 2842 2227; baseline 0.003 -28"><span class='ocrx_word' id='word_1_156' title='bbox 210 2132 628 2217; x_wconf 85' lang='lat' dir='ltr'>gnoscendas</span> <span class='ocrx_word' id='word_1_157' title='bbox 682 2142 752 2207; x_wconf 90' lang='lat' dir='ltr'>et</span> <span class='ocrx_word' id='word_1_158' title='bbox 803 2136 1214 2226; x_wconf 88' lang='lat' dir='ltr'>probandas</span> <span class='ocrx_word' id='word_1_159' title='bbox 1269 2155 1354 2208; x_wconf 82' lang='lat' dir='ltr'>ex</span> <span class='ocrx_word' id='word_1_160' title='bbox 1410 2137 1845 2227; x_wconf 91' lang='lat' dir='ltr'>praescripto</span> <span class='ocrx_word' id='word_1_161' title='bbox 1883 2137 2081 2208; x_wconf 88' lang='lat' dir='ltr'>allati</span> <span class='ocrx_word' id='word_1_162' title='bbox 2119 2135 2509 2209; x_wconf 90' lang='lat' dir='ltr'>Tridentini</span> <span class='ocrx_word' id='word_1_163' title='bbox 2550 2138 2842 2224; x_wconf 89' lang='lat' dir='ltr'>decreti,</span> 
     </span>
     <span class='ocr_line' id='line_1_18' title="bbox 205 2237 2841 2338; baseline 0.004 -30"><span class='ocrx_word' id='word_1_164' title='bbox 205 2237 431 2314; x_wconf 89' lang='lat' dir='ltr'>harum</span> <span class='ocrx_word' id='word_1_165' title='bbox 502 2248 817 2337; x_wconf 84' lang='lat' dir='ltr'>cognitio</span> <span class='ocrx_word' id='word_1_166' title='bbox 871 2254 942 2319; x_wconf 92' lang='lat' dir='ltr'>et</span> <span class='ocrx_word' id='word_1_167' title='bbox 993 2247 1414 2338; x_wconf 86' lang='lat' dir='ltr'>approbatio</span> <span class='ocrx_word' id='word_1_168' title='bbox 1469 2249 1565 2318; x_wconf 90' lang='lat' dir='ltr'>ita</span> <span class='ocrx_word' id='word_1_169' title='bbox 1619 2255 1726 2319; x_wconf 90' lang='lat' dir='ltr'>est</span> <span class='ocrx_word' id='word_1_170' title='bbox 1779 2249 2206 2335; x_wconf 89' lang='lat' dir='ltr'>necessaria,</span> <span class='ocrx_word' id='word_1_171' title='bbox 2264 2255 2345 2319; x_wconf 91' lang='lat' dir='ltr'>ut</span> <span class='ocrx_word' id='word_1_172' title='bbox 2397 2245 2469 2319; x_wconf 89' lang='lat' dir='ltr'>S.</span> <span class='ocrx_word' id='word_1_173' title='bbox 2511 2244 2583 2319; x_wconf 90' lang='lat' dir='ltr'>C.</span> <span class='ocrx_word' id='word_1_174' title='bbox 2628 2246 2841 2318; x_wconf 90' lang='lat' dir='ltr'>Conc.</span> 
     </span>
     <span class='ocr_line' id='line_1_19' title="bbox 204 2350 2847 2449; baseline 0.003 -28"><span class='ocrx_word' id='word_1_175' title='bbox 204 2350 304 2423; x_wconf 87' lang='lat' dir='ltr'>die</span> <span class='ocrx_word' id='word_1_176' title='bbox 354 2356 419 2424; x_wconf 93' lang='lat'>7.</span> <span class='ocrx_word' id='word_1_177' title='bbox 459 2354 621 2429; x_wconf 88' lang='lat' dir='ltr'>Oct.</span> <span class='ocrx_word' id='word_1_178' title='bbox 676 2359 889 2430; x_wconf 75' lang='lat'><strong>1604.</strong></span> <span class='ocrx_word' id='word_1_179' title='bbox 931 2360 1440 2432; x_wconf 83' lang='lat' dir='ltr'>declaraverit:</span> <span class='ocrx_word' id='word_1_180' title='bbox 1487 2380 1523 2422; x_wconf 72' lang='grc' dir='ltr'>(ι</span> <span class='ocrx_word' id='word_1_181' title='bbox 1554 2354 1698 2431; x_wconf 89' lang='lat' dir='ltr'>Nec</span> <span class='ocrx_word' id='word_1_182' title='bbox 1734 2358 2120 2449; x_wconf 89' lang='lat' dir='ltr'>parochum</span> <span class='ocrx_word' id='word_1_183' title='bbox 2157 2358 2542 2431; x_wconf 90' lang='lat' dir='ltr'>habentem</span> <span class='ocrx_word' id='word_1_184' title='bbox 2586 2359 2847 2430; x_wconf 89' lang='lat' dir='ltr'>iustam</span> 
     </span>
     <span class='ocr_line' id='line_1_20' title="bbox 204 2469 2843 2561; baseline 0.006 -33"><span class='ocrx_word' id='word_1_185' title='bbox 204 2487 236 2528; x_wconf 80' lang='lat'>›</span> <span class='ocrx_word' id='word_1_186' title='bbox 272 2482 548 2538; x_wconf 90' lang='lat' dir='ltr'>causam</span> <span class='ocrx_word' id='word_1_187' title='bbox 625 2469 942 2541; x_wconf 90' lang='lat' dir='ltr'>abeundi</span> <span class='ocrx_word' id='word_1_188' title='bbox 994 2477 1192 2543; x_wconf 83' lang='lat' dir='ltr'>extra</span> <span class='ocrx_word' id='word_1_189' title='bbox 1265 2470 1669 2561; x_wconf 86' lang='lat' dir='ltr'>parochiam</span> <span class='ocrx_word' id='word_1_190' title='bbox 1741 2489 1868 2561; x_wconf 88' lang='lat' dir='ltr'>per</span> <span class='ocrx_word' id='word_1_191' title='bbox 1919 2470 2096 2541; x_wconf 91' lang='lat' dir='ltr'>duos</span> <span class='ocrx_word' id='word_1_192' title='bbox 2150 2489 2429 2543; x_wconf 88' lang='lat' dir='ltr'>menses</span> <span class='ocrx_word' id='word_1_193' title='bbox 2483 2479 2607 2543; x_wconf 92' lang='lat' dir='ltr'>aut</span> <span class='ocrx_word' id='word_1_194' title='bbox 2660 2478 2843 2560; x_wconf 81' lang='lat' dir='ltr'>treS,</span> 
     </span>
     <span class='ocr_line' id='line_1_21' title="bbox 201 2579 2847 2675; baseline 0.004 -31"><span class='ocrx_word' id='word_1_195' title='bbox 201 2600 232 2642; x_wconf 83' lang='lat'>›</span> <span class='ocrx_word' id='word_1_196' title='bbox 266 2579 676 2654; x_wconf 78' lang='lat' dir='ltr'>satisfacere</span> <span class='ocrx_word' id='word_1_197' title='bbox 729 2600 901 2654; x_wconf 89' lang='lat' dir='ltr'>suae</span> <span class='ocrx_word' id='word_1_198' title='bbox 954 2583 1458 2670; x_wconf 87' lang='lat' dir='ltr'>conscientiae,</span> <span class='ocrx_word' id='word_1_199' title='bbox 1503 2585 1561 2655; x_wconf 91' lang='lat' dir='ltr'>si</span> <span class='ocrx_word' id='word_1_200' title='bbox 1615 2588 1813 2674; x_wconf 89' lang='lat' dir='ltr'>petat</span> <span class='ocrx_word' id='word_1_201' title='bbox 1851 2582 2235 2670; x_wconf 89' lang='lat' dir='ltr'>licentiam,</span> <span class='ocrx_word' id='word_1_202' title='bbox 2279 2584 2522 2655; x_wconf 91' lang='lat' dir='ltr'>iurans</span> <span class='ocrx_word' id='word_1_203' title='bbox 2564 2601 2847 2675; x_wconf 90' lang='lat' dir='ltr'>gravem</span> 
     </span>
     <span class='ocr_line' id='line_1_22' title="bbox 196 2692 2848 2785; baseline 0.002 -26"><span class='ocrx_word' id='word_1_204' title='bbox 196 2712 228 2753; x_wconf 81' lang='lat'>›</span> <span class='ocrx_word' id='word_1_205' title='bbox 263 2709 332 2761; x_wconf 92' lang='lat' dir='ltr'>se</span> <span class='ocrx_word' id='word_1_206' title='bbox 361 2692 632 2766; x_wconf 90' lang='lat' dir='ltr'>habere</span> <span class='ocrx_word' id='word_1_207' title='bbox 674 2713 990 2782; x_wconf 87' lang='lat' dir='ltr'>causam,</span> <span class='ocrx_word' id='word_1_208' title='bbox 1026 2713 1239 2784; x_wconf 85' lang='lat' dir='ltr'>quam</span> <span class='ocrx_word' id='word_1_209' title='bbox 1281 2713 1421 2765; x_wconf 91' lang='lat' dir='ltr'>non</span> <span class='ocrx_word' id='word_1_210' title='bbox 1459 2694 1794 2785; x_wconf 84' lang='lat' dir='ltr'>expediat</span> <span class='ocrx_word' id='word_1_211' title='bbox 1823 2692 2307 2782; x_wconf 79' lang='lat' dir='ltr'>manifestare,</span> <span class='ocrx_word' id='word_1_212' title='bbox 2341 2702 2421 2766; x_wconf 92' lang='lat' dir='ltr'>ut</span> <span class='ocrx_word' id='word_1_213' title='bbox 2456 2698 2582 2781; x_wconf 88' lang='lat' dir='ltr'>sic,</span> <span class='ocrx_word' id='word_1_214' title='bbox 2628 2698 2848 2784; x_wconf 88' lang='lat' dir='ltr'>petita</span> 
     </span>
     <span class='ocr_line' id='line_1_23' title="bbox 194 2801 2847 2897; baseline 0.002 -26"><span class='ocrx_word' id='word_1_215' title='bbox 194 2823 227 2865; x_wconf 79' lang='lat'>›</span> <span class='ocrx_word' id='word_1_216' title='bbox 262 2801 574 2894; x_wconf 88' lang='lat' dir='ltr'>licentia,</span> <span class='ocrx_word' id='word_1_217' title='bbox 622 2806 876 2878; x_wconf 89' lang='lat' dir='ltr'>abesse</span> <span class='ocrx_word' id='word_1_218' title='bbox 930 2808 1177 2897; x_wconf 82' lang='lat' dir='ltr'>possit,</span> <span class='ocrx_word' id='word_1_219' title='bbox 1224 2807 1386 2877; x_wconf 87' lang='lat' dir='ltr'>licet</span> <span class='ocrx_word' id='word_1_220' title='bbox 1437 2803 1829 2896; x_wconf 88' lang='lat' dir='ltr'>Episcopus</span> <span class='ocrx_word' id='word_1_221' title='bbox 1884 2823 2026 2876; x_wconf 92' lang='lat' dir='ltr'>non</span> <span class='ocrx_word' id='word_1_222' title='bbox 2082 2806 2450 2876; x_wconf 91' lang='lat' dir='ltr'>concedat.</span> <span class='ocrx_word' id='word_1_223' title='bbox 2513 2804 2847 2877; x_wconf 90' lang='lat' dir='ltr'>Similiter</span> 
     </span>
     <span class='ocr_line' id='line_1_24' title="bbox 192 2912 2842 3008; baseline 0.002 -25"><span class='ocrx_word' id='word_1_224' title='bbox 192 2935 224 2976; x_wconf 80' lang='lat'>›</span> <span class='ocrx_word' id='word_1_225' title='bbox 261 2912 504 2987; x_wconf 87' lang='lat' dir='ltr'>abesse</span> <span class='ocrx_word' id='word_1_226' title='bbox 562 2937 712 2988; x_wconf 87' lang='lat' dir='ltr'>non</span> <span class='ocrx_word' id='word_1_227' title='bbox 768 2937 974 3008; x_wconf 89' lang='lat' dir='ltr'>posse</span> <span class='ocrx_word' id='word_1_228' title='bbox 1029 2919 1100 2987; x_wconf 91' lang='lat' dir='ltr'>in</span> <span class='ocrx_word' id='word_1_229' title='bbox 1155 2935 1350 3003; x_wconf 90' lang='lat' dir='ltr'>casu,</span> <span class='ocrx_word' id='word_1_230' title='bbox 1393 2935 1533 3006; x_wconf 90' lang='lat' dir='ltr'>quo</span> <span class='ocrx_word' id='word_1_231' title='bbox 1586 2934 1875 2988; x_wconf 89' lang='lat' dir='ltr'>causam</span> <span class='ocrx_word' id='word_1_232' title='bbox 1930 2916 2423 2987; x_wconf 86' lang='lat' dir='ltr'>rationabilem</span> <span class='ocrx_word' id='word_1_233' title='bbox 2464 2917 2842 3005; x_wconf 88' lang='lat' dir='ltr'>expressit,</span> 
     </span>
     <span class='ocr_line' id='line_1_25' title="bbox 188 3026 2847 3120; baseline -0.001 -22"><span class='ocrx_word' id='word_1_234' title='bbox 188 3047 219 3087; x_wconf 72' lang='lat'><strong>»</strong></span> <span class='ocrx_word' id='word_1_235' title='bbox 254 3045 464 3114; x_wconf 86' lang='lat' dir='ltr'>quam</span> <span class='ocrx_word' id='word_1_236' title='bbox 506 3032 622 3100; x_wconf 77' lang='lat' dir='ltr'>vir</span> <span class='ocrx_word' id='word_1_237' title='bbox 674 3029 938 3120; x_wconf 90' lang='lat' dir='ltr'>probus</span> <span class='ocrx_word' id='word_1_238' title='bbox 989 3035 1059 3101; x_wconf 91' lang='lat' dir='ltr'>et</span> <span class='ocrx_word' id='word_1_239' title='bbox 1114 3048 1382 3118; x_wconf 87' lang='lat' dir='ltr'>aequus</span> <span class='ocrx_word' id='word_1_240' title='bbox 1423 3026 1914 3099; x_wconf 87' lang='lat' dir='ltr'>rationabilem</span> <span class='ocrx_word' id='word_1_241' title='bbox 1955 3028 2330 3114; x_wconf 88' lang='lat' dir='ltr'>iudicaret,</span> <span class='ocrx_word' id='word_1_242' title='bbox 2375 3028 2540 3098; x_wconf 90' lang='lat' dir='ltr'>licet</span> <span class='ocrx_word' id='word_1_243' title='bbox 2575 3027 2847 3116; x_wconf 88' lang='lat' dir='ltr'>rigidus</span> 
     </span>
     <span class='ocr_line' id='line_1_26' title="bbox 187 3133 2845 3230; baseline -0 -22"><span class='ocrx_word' id='word_1_244' title='bbox 187 3156 218 3200; x_wconf 84' lang='lat'>›</span> <span class='ocrx_word' id='word_1_245' title='bbox 251 3133 633 3212; x_wconf 87' lang='lat' dir='ltr'>Praelatus</span> <span class='ocrx_word' id='word_1_246' title='bbox 685 3143 916 3212; x_wconf 90' lang='lat' dir='ltr'>minus</span> <span class='ocrx_word' id='word_1_247' title='bbox 955 3160 1258 3230; x_wconf 86' lang='lat' dir='ltr'>aequam</span> <span class='ocrx_word' id='word_1_248' title='bbox 1299 3141 1591 3226; x_wconf 89' lang='lat' dir='ltr'>iudicat,</span> <span class='ocrx_word' id='word_1_249' title='bbox 1636 3146 1706 3210; x_wconf 93' lang='lat' dir='ltr'>et</span> <span class='ocrx_word' id='word_1_250' title='bbox 1742 3139 2097 3210; x_wconf 88' lang='lat' dir='ltr'>licentiam</span> <span class='ocrx_word' id='word_1_251' title='bbox 2137 3138 2472 3228; x_wconf 89' lang='lat' dir='ltr'>denegat,</span> <span class='ocrx_word' id='word_1_252' title='bbox 2524 3138 2634 3209; x_wconf 86' lang='lat' dir='ltr'>vel</span> <span class='ocrx_word' id='word_1_253' title='bbox 2674 3139 2845 3226; x_wconf 87' lang='lat' dir='ltr'>quia</span> 
     </span>
     <span class='ocr_line' id='line_1_27' title="bbox 180 3251 2848 3341; baseline 0.002 -26"><span class='ocrx_word' id='word_1_254' title='bbox 180 3269 212 3308; x_wconf 83' lang='lat'>›</span> <span class='ocrx_word' id='word_1_255' title='bbox 250 3258 576 3322; x_wconf 76' lang='lat' dir='ltr'>movetur</span> <span class='ocrx_word' id='word_1_256' title='bbox 617 3253 1051 3341; x_wconf 85' lang='lat' dir='ltr'>suspicione,</span> <span class='ocrx_word' id='word_1_257' title='bbox 1093 3253 1280 3341; x_wconf 88' lang='lat' dir='ltr'>quod</span> <span class='ocrx_word' id='word_1_258' title='bbox 1321 3253 1483 3323; x_wconf 86' lang='lat' dir='ltr'>ficta</span> <span class='ocrx_word' id='word_1_259' title='bbox 1521 3253 1638 3338; x_wconf 87' lang='lat' dir='ltr'>sit,</span> <span class='ocrx_word' id='word_1_260' title='bbox 1681 3270 1839 3322; x_wconf 90' lang='lat' dir='ltr'>cum</span> <span class='ocrx_word' id='word_1_261' title='bbox 1882 3259 2117 3323; x_wconf 90' lang='lat' dir='ltr'>tamen</span> <span class='ocrx_word' id='word_1_262' title='bbox 2157 3253 2249 3323; x_wconf 89' lang='lat' dir='ltr'>sit</span> <span class='ocrx_word' id='word_1_263' title='bbox 2284 3270 2495 3339; x_wconf 83' lang='lat' dir='ltr'>vera3</span> <span class='ocrx_word' id='word_1_264' title='bbox 2553 3253 2678 3323; x_wconf 90' lang='lat' dir='ltr'>sed</span> <span class='ocrx_word' id='word_1_265' title='bbox 2719 3251 2848 3321; x_wconf 92' lang='lat' dir='ltr'>ha-</span> 
     </span>
     <span class='ocr_line' id='line_1_28' title="bbox 175 3355 2840 3456; baseline 0.001 -27"><span class='ocrx_word' id='word_1_266' title='bbox 175 3380 207 3422; x_wconf 77' lang='lat'><strong>»</strong></span> <span class='ocrx_word' id='word_1_267' title='bbox 242 3355 408 3432; x_wconf 87' lang='lat' dir='ltr'>bere</span> <span class='ocrx_word' id='word_1_268' title='bbox 443 3381 668 3453; x_wconf 87' lang='lat' dir='ltr'>posse</span> <span class='ocrx_word' id='word_1_269' title='bbox 708 3381 1065 3435; x_wconf 87' lang='lat' dir='ltr'>recursum</span> <span class='ocrx_word' id='word_1_270' title='bbox 1107 3362 1197 3432; x_wconf 90' lang='lat' dir='ltr'>ad</span> <span class='ocrx_word' id='word_1_271' title='bbox 1236 3361 1769 3453; x_wconf 75' lang='lat' dir='ltr'>Superiorem.»</span> <span class='ocrx_word' id='word_1_272' title='bbox 1829 3359 2130 3456; x_wconf 87' lang='lat' dir='ltr'>(Bened.</span> <span class='ocrx_word' id='word_1_273' title='bbox 2158 3359 2351 3434; x_wconf 84' lang='lat' dir='ltr'>XIV.</span> <span class='ocrx_word' id='word_1_274' title='bbox 2385 3364 2433 3433; x_wconf 90' lang='lat' dir='ltr'>l.</span> <span class='ocrx_word' id='word_1_275' title='bbox 2461 3383 2521 3434; x_wconf 86' lang='lat' dir='ltr'>c.</span> <span class='ocrx_word' id='word_1_276' title='bbox 2556 3383 2630 3434; x_wconf 81' lang='lat' dir='ltr'>n.</span> <span class='ocrx_word' id='word_1_277' title='bbox 2657 3357 2840 3456; x_wconf 64' lang='lat' dir='ltr'>n),</span> 
     </span>
     <span class='ocr_line' id='line_1_29' title="bbox 302 3469 2841 3568; baseline 0.001 -26"><span class='ocrx_word' id='word_1_278' title='bbox 302 3472 479 3544; x_wconf 83' lang='grc'><strong>223.</strong></span> <span class='ocrx_word' id='word_1_279' title='bbox 555 3498 596 3538; x_wconf 69' lang='lat' dir='ltr'>&lt;z</span> <span class='ocrx_word' id='word_1_280' title='bbox 633 3470 777 3545; x_wconf 86' lang='lat' dir='ltr'>Nec</span> <span class='ocrx_word' id='word_1_281' title='bbox 834 3493 1036 3564; x_wconf 87' lang='lat' dir='ltr'>posse</span> <span class='ocrx_word' id='word_1_282' title='bbox 1091 3469 1367 3560; x_wconf 83' lang='lat' dir='ltr'>(subdit</span> <span class='ocrx_word' id='word_1_283' title='bbox 1420 3473 1491 3544; x_wconf 90' lang='lat' dir='ltr'>S.</span> <span class='ocrx_word' id='word_1_284' title='bbox 1534 3471 1607 3545; x_wconf 91' lang='lat' dir='ltr'>C.</span> <span class='ocrx_word' id='word_1_285' title='bbox 1651 3471 1764 3568; x_wconf 89' lang='lat' dir='ltr'>C.)</span> <span class='ocrx_word' id='word_1_286' title='bbox 1819 3492 1944 3564; x_wconf 90' lang='lat' dir='ltr'>per</span> <span class='ocrx_word' id='word_1_287' title='bbox 1980 3474 2508 3547; x_wconf 89' lang='lat' dir='ltr'>hebdomadam</span> <span class='ocrx_word' id='word_1_288' title='bbox 2562 3475 2841 3561; x_wconf 85' lang='lat' dir='ltr'>abesse,</span> 
     </span>
     <span class='ocr_line' id='line_1_30' title="bbox 165 3585 2846 3676; baseline 0.001 -24"><span class='ocrx_word' id='word_1_289' title='bbox 165 3604 200 3646; x_wconf 59' lang='grc' dir='ltr'><strong>ν</strong></span> <span class='ocrx_word' id='word_1_290' title='bbox 239 3602 383 3654; x_wconf 91' lang='lat' dir='ltr'>non</span> <span class='ocrx_word' id='word_1_291' title='bbox 439 3588 687 3676; x_wconf 89' lang='lat' dir='ltr'>petita</span> <span class='ocrx_word' id='word_1_292' title='bbox 728 3585 836 3656; x_wconf 90' lang='lat' dir='ltr'>vel</span> <span class='ocrx_word' id='word_1_293' title='bbox 894 3604 1034 3656; x_wconf 91' lang='lat' dir='ltr'>non</span> <span class='ocrx_word' id='word_1_294' title='bbox 1073 3585 1364 3658; x_wconf 88' lang='lat' dir='ltr'>obtenta</span> <span class='ocrx_word' id='word_1_295' title='bbox 1403 3587 1717 3673; x_wconf 89' lang='lat' dir='ltr'>licentia,</span> <span class='ocrx_word' id='word_1_296' title='bbox 1762 3587 1971 3656; x_wconf 88' lang='lat' dir='ltr'>etiam</span> <span class='ocrx_word' id='word_1_297' title='bbox 2013 3587 2252 3658; x_wconf 90' lang='lat' dir='ltr'>relicto</span> <span class='ocrx_word' id='word_1_298' title='bbox 2292 3587 2554 3657; x_wconf 83' lang='lat' dir='ltr'>vicario</span> <span class='ocrx_word' id='word_1_299' title='bbox 2592 3587 2846 3657; x_wconf 88' lang='lat' dir='ltr'>idoneo</span> 
     </span>
     <span class='ocr_line' id='line_1_31' title="bbox 172 3693 2847 3788; baseline 0.003 -29"><span class='ocrx_word' id='word_1_300' title='bbox 172 3715 207 3759; x_wconf 78' lang='lat'><strong>&gt;</strong></span> <span class='ocrx_word' id='word_1_301' title='bbox 245 3694 334 3765; x_wconf 89' lang='lat' dir='ltr'>ab</span> <span class='ocrx_word' id='word_1_302' title='bbox 390 3697 560 3787; x_wconf 87' lang='lat' dir='ltr'>ipso</span> <span class='ocrx_word' id='word_1_303' title='bbox 624 3694 1000 3767; x_wconf 90' lang='lat' dir='ltr'>Ordinario</span> <span class='ocrx_word' id='word_1_304' title='bbox 1071 3697 1489 3788; x_wconf 77' lang='lat' dir='ltr'>approbato,</span> <span class='ocrx_word' id='word_1_305' title='bbox 1562 3693 1711 3769; x_wconf 87' lang='lat' dir='ltr'>Nec</span> <span class='ocrx_word' id='word_1_306' title='bbox 1761 3715 1914 3768; x_wconf 89' lang='lat' dir='ltr'>esse</span> <span class='ocrx_word' id='word_1_307' title='bbox 1968 3697 2271 3769; x_wconf 90' lang='lat' dir='ltr'>liberum</span> <span class='ocrx_word' id='word_1_308' title='bbox 2329 3718 2369 3768; x_wconf 90' lang='lat' dir='ltr'>a</span> <span class='ocrx_word' id='word_1_309' title='bbox 2423 3698 2630 3788; x_wconf 89' lang='lat' dir='ltr'>culpa</span> <span class='ocrx_word' id='word_1_310' title='bbox 2683 3704 2752 3768; x_wconf 91' lang='lat' dir='ltr'>et</span> <span class='ocrx_word' id='word_1_311' title='bbox 2805 3715 2847 3767; x_wconf 93' lang='lat' dir='ltr'>a</span> 
     </span>
     <span class='ocr_line' id='line_1_32' title="bbox 161 3808 2846 3899; baseline -0 -22"><span class='ocrx_word' id='word_1_312' title='bbox 161 3827 196 3868; x_wconf 69' lang='lat'><strong>&gt;</strong></span> <span class='ocrx_word' id='word_1_313' title='bbox 235 3824 474 3894; x_wconf 86' lang='lat' dir='ltr'>poena</span> <span class='ocrx_word' id='word_1_314' title='bbox 536 3809 953 3879; x_wconf 85' lang='lat' dir='ltr'>amissionis</span> <span class='ocrx_word' id='word_1_315' title='bbox 1006 3808 1408 3897; x_wconf 83' lang='lat' dir='ltr'>fructuum,</span> <span class='ocrx_word' id='word_1_316' title='bbox 1478 3810 1600 3898; x_wconf 88' lang='lat' dir='ltr'>qui</span> <span class='ocrx_word' id='word_1_317' title='bbox 1653 3808 1873 3880; x_wconf 86' lang='lat' dir='ltr'>veluti</span> <span class='ocrx_word' id='word_1_318' title='bbox 1926 3826 2051 3899; x_wconf 90' lang='lat' dir='ltr'>per</span> <span class='ocrx_word' id='word_1_319' title='bbox 2121 3815 2429 3898; x_wconf 88' lang='lat' dir='ltr'>quatuor</span> <span class='ocrx_word' id='word_1_320' title='bbox 2496 3808 2846 3878; x_wconf 90' lang='lat' dir='ltr'>mensium</span> 
     </span>
     <span class='ocr_line' id='line_1_33' title="bbox 159 3918 2850 4010; baseline 0.001 -23"><span class='ocrx_word' id='word_1_321' title='bbox 159 3939 193 3982; x_wconf 80' lang='lat'>›</span> <span class='ocrx_word' id='word_1_322' title='bbox 228 3921 569 4009; x_wconf 88' lang='lat' dir='ltr'>spatium</span> <span class='ocrx_word' id='word_1_323' title='bbox 634 3938 722 3991; x_wconf 84' lang='lat' dir='ltr'>ex</span> <span class='ocrx_word' id='word_1_324' title='bbox 777 3921 1057 4010; x_wconf 86' lang='lat' dir='ltr'>urgenti</span> <span class='ocrx_word' id='word_1_325' title='bbox 1109 3920 1491 3990; x_wconf 89' lang='lat' dir='ltr'>admodum</span> <span class='ocrx_word' id='word_1_326' title='bbox 1546 3939 1759 3992; x_wconf 87' lang='lat' dir='ltr'>causa</span> <span class='ocrx_word' id='word_1_327' title='bbox 1813 3918 1905 3990; x_wconf 91' lang='lat' dir='ltr'>ad</span> <span class='ocrx_word' id='word_1_328' title='bbox 1955 3921 2346 3993; x_wconf 85' lang='lat' dir='ltr'>curandam</span> <span class='ocrx_word' id='word_1_329' title='bbox 2404 3937 2606 3989; x_wconf 89' lang='lat' dir='ltr'>suam</span> <span class='ocrx_word' id='word_1_330' title='bbox 2659 3918 2850 3989; x_wconf 84' lang='lat' dir='ltr'>vale-</span> 
     </span>
     <span class='ocr_line' id='line_1_34' title="bbox 153 4027 2851 4120; baseline -0.001 -20"><span class='ocrx_word' id='word_1_331' title='bbox 153 4050 188 4092; x_wconf 76' lang='lat'><strong>›</strong></span> <span class='ocrx_word' id='word_1_332' title='bbox 227 4033 617 4118; x_wconf 86' lang='lat' dir='ltr'>tudinem,</span> <span class='ocrx_word' id='word_1_333' title='bbox 664 4030 908 4101; x_wconf 92' lang='lat' dir='ltr'>morbo</span> <span class='ocrx_word' id='word_1_334' title='bbox 947 4031 1138 4120; x_wconf 84' lang='lat' dir='ltr'>gravi</span> <span class='ocrx_word' id='word_1_335' title='bbox 1178 4031 1516 4117; x_wconf 65' lang='lat' dir='ltr'>instante,</span> <span class='ocrx_word' id='word_1_336' title='bbox 1551 4030 1867 4118; x_wconf 86' lang='lat' dir='ltr'>recessit,</span> <span class='ocrx_word' id='word_1_337' title='bbox 1909 4038 1979 4101; x_wconf 87' lang='lat' dir='ltr'>et</span> <span class='ocrx_word' id='word_1_338' title='bbox 2016 4031 2106 4101; x_wconf 91' lang='lat' dir='ltr'>ad</span> <span class='ocrx_word' id='word_1_339' title='bbox 2142 4029 2553 4101; x_wconf 83' lang='lat' dir='ltr'>huiusmodi</span> <span class='ocrx_word' id='word_1_340' title='bbox 2593 4027 2851 4098; x_wconf 90' lang='lat' dir='ltr'>absen-</span> 
     </span>
     <span class='ocr_line' id='line_1_35' title="bbox 146 4138 2844 4234; baseline -0.001 -22"><span class='ocrx_word' id='word_1_341' title='bbox 146 4162 181 4204; x_wconf 77' lang='lat'>›</span> <span class='ocrx_word' id='word_1_342' title='bbox 222 4143 402 4213; x_wconf 87' lang='lat' dir='ltr'>tiam</span> <span class='ocrx_word' id='word_1_343' title='bbox 465 4161 638 4214; x_wconf 90' lang='lat' dir='ltr'>non</span> <span class='ocrx_word' id='word_1_344' title='bbox 691 4141 894 4231; x_wconf 90' lang='lat' dir='ltr'>petiit</span> <span class='ocrx_word' id='word_1_345' title='bbox 958 4142 1312 4213; x_wconf 90' lang='lat' dir='ltr'>licentiam</span> <span class='ocrx_word' id='word_1_346' title='bbox 1367 4141 1457 4212; x_wconf 86' lang='lat' dir='ltr'>ab</span> <span class='ocrx_word' id='word_1_347' title='bbox 1510 4138 1886 4234; x_wconf 82' lang='lat' dir='ltr'>EpiscopO,</span> <span class='ocrx_word' id='word_1_348' title='bbox 1931 4142 2098 4230; x_wconf 88' lang='lat' dir='ltr'>quia</span> <span class='ocrx_word' id='word_1_349' title='bbox 2134 4140 2321 4212; x_wconf 89' lang='lat' dir='ltr'>bona</span> <span class='ocrx_word' id='word_1_350' title='bbox 2361 4142 2501 4212; x_wconf 85' lang='lat' dir='ltr'>fide</span> <span class='ocrx_word' id='word_1_351' title='bbox 2538 4141 2844 4230; x_wconf 86' lang='lat' dir='ltr'>putavit,</span> 
     </span>
     <span class='ocr_line' id='line_1_36' title="bbox 147 4253 2851 4344; baseline -0.002 -18"><span class='ocrx_word' id='word_1_352' title='bbox 147 4276 182 4318; x_wconf 82' lang='lat'>›</span> <span class='ocrx_word' id='word_1_353' title='bbox 220 4257 697 4328; x_wconf 86' lang='lat' dir='ltr'>evidentiam</span> <span class='ocrx_word' id='word_1_354' title='bbox 735 4272 992 4325; x_wconf 83' lang='lat' dir='ltr'>causae</span> <span class='ocrx_word' id='word_1_355' title='bbox 1030 4255 1203 4324; x_wconf 85' lang='lat' dir='ltr'>satis</span> <span class='ocrx_word' id='word_1_356' title='bbox 1239 4272 1421 4341; x_wconf 89' lang='lat' dir='ltr'>esse,</span> <span class='ocrx_word' id='word_1_357' title='bbox 1456 4255 1589 4324; x_wconf 90' lang='lat' dir='ltr'>nisi</span> <span class='ocrx_word' id='word_1_358' title='bbox 1627 4253 2019 4344; x_wconf 90' lang='lat' dir='ltr'>periculum</span> <span class='ocrx_word' id='word_1_359' title='bbox 2057 4253 2309 4327; x_wconf 84' lang='lat' dir='ltr'>fuisset</span> <span class='ocrx_word' id='word_1_360' title='bbox 2362 4255 2436 4324; x_wconf 92' lang='lat' dir='ltr'>in</span> <span class='ocrx_word' id='word_1_361' title='bbox 2493 4270 2685 4322; x_wconf 91' lang='lat' dir='ltr'>mora</span> <span class='ocrx_word' id='word_1_362' title='bbox 2727 4269 2851 4342; x_wconf 91' lang='lat' dir='ltr'>pe-</span> 
     </span>
     <span class='ocr_line' id='line_1_37' title="bbox 139 4362 2850 4457; baseline -0.004 -14"><span class='ocrx_word' id='word_1_363' title='bbox 139 4393 173 4432; x_wconf 74' lang='lat'><strong>»</strong></span> <span class='ocrx_word' id='word_1_364' title='bbox 213 4371 430 4442; x_wconf 88' lang='lat' dir='ltr'>tendi</span> <span class='ocrx_word' id='word_1_365' title='bbox 493 4367 927 4455; x_wconf 89' lang='lat' dir='ltr'>licentiam,</span> <span class='ocrx_word' id='word_1_366' title='bbox 986 4374 1063 4438; x_wconf 92' lang='lat' dir='ltr'>ut</span> <span class='ocrx_word' id='word_1_367' title='bbox 1113 4385 1329 4457; x_wconf 92' lang='lat' dir='ltr'>supra</span> <span class='ocrx_word' id='word_1_368' title='bbox 1383 4368 1650 4439; x_wconf 83' lang='lat' dir='ltr'>dictum</span> <span class='ocrx_word' id='word_1_369' title='bbox 1706 4373 1840 4437; x_wconf 89' lang='lat' dir='ltr'>est.</span> <span class='ocrx_word' id='word_1_370' title='bbox 1909 4362 2053 4438; x_wconf 90' lang='lat' dir='ltr'>Nec</span> <span class='ocrx_word' id='word_1_371' title='bbox 2103 4367 2429 4438; x_wconf 87' lang='lat' dir='ltr'>sufficere</span> <span class='ocrx_word' id='word_1_372' title='bbox 2484 4362 2850 4438; x_wconf 90' lang='lat' dir='ltr'>licentiam</span> 
     </span>
     <span class='ocr_line' id='line_1_38' title="bbox 135 4475 2844 4569; baseline -0.001 -20"><span class='ocrx_word' id='word_1_373' title='bbox 135 4505 170 4549; x_wconf 79' lang='lat'><strong>&gt;</strong></span> <span class='ocrx_word' id='word_1_374' title='bbox 213 4485 535 4556; x_wconf 87' lang='lat' dir='ltr'>tacitam</span> <span class='ocrx_word' id='word_1_375' title='bbox 569 4533 592 4568; x_wconf 92' lang='lat'>,</span> <span class='ocrx_word' id='word_1_376' title='bbox 656 4480 783 4552; x_wconf 93' lang='lat' dir='ltr'>sed</span> <span class='ocrx_word' id='word_1_377' title='bbox 855 4488 1176 4569; x_wconf 88' lang='lat' dir='ltr'>oportere</span> <span class='ocrx_word' id='word_1_378' title='bbox 1230 4497 1386 4550; x_wconf 89' lang='lat' dir='ltr'>esse</span> <span class='ocrx_word' id='word_1_379' title='bbox 1438 4495 1847 4568; x_wconf 86' lang='lat' dir='ltr'>expressam</span> <span class='ocrx_word' id='word_1_380' title='bbox 1916 4478 2115 4549; x_wconf 86' lang='lat' dir='ltr'>iuxta</span> <span class='ocrx_word' id='word_1_381' title='bbox 2169 4478 2468 4550; x_wconf 83' lang='lat' dir='ltr'>formam</span> <span class='ocrx_word' id='word_1_382' title='bbox 2523 4475 2844 4549; x_wconf 91' lang='lat' dir='ltr'>eiusdem</span> 
     </span>
     <span class='ocr_line' id='line_1_39' title="bbox 128 4585 2848 4683; baseline -0.002 -18"><span class='ocrx_word' id='word_1_383' title='bbox 128 4616 165 4657; x_wconf 82' lang='lat'>›</span> <span class='ocrx_word' id='word_1_384' title='bbox 204 4593 531 4667; x_wconf 87' lang='lat' dir='ltr'>Concilii</span> <span class='ocrx_word' id='word_1_385' title='bbox 605 4595 788 4663; x_wconf 78' lang='lat' dir='ltr'>sess.</span> <span class='ocrx_word' id='word_1_386' title='bbox 828 4589 950 4662; x_wconf 79' lang='lat'>23.</span> <span class='ocrx_word' id='word_1_387' title='bbox 993 4611 1147 4683; x_wconf 82' lang='lat' dir='ltr'>cap.</span> <span class='ocrx_word' id='word_1_388' title='bbox 1194 4590 1262 4663; x_wconf 75' lang='lat'>4.</span> <span class='ocrx_word' id='word_1_389' title='bbox 1294 4616 1331 4657; x_wconf 83' lang='lat'><strong>»</strong></span> <span class='ocrx_word' id='word_1_390' title='bbox 1389 4585 1500 4660; x_wconf 89' lang='lat' dir='ltr'>Ita</span> <span class='ocrx_word' id='word_1_391' title='bbox 1534 4587 1882 4679; x_wconf 87' lang='lat' dir='ltr'>reperitur</span> <span class='ocrx_word' id='word_1_392' title='bbox 1921 4588 2040 4659; x_wconf 85' lang='lat' dir='ltr'>lib.</span> <span class='ocrx_word' id='word_1_393' title='bbox 2086 4587 2204 4663; x_wconf 72' lang='lat'>10.</span> <span class='ocrx_word' id='word_1_394' title='bbox 2245 4591 2499 4665; x_wconf 82' lang='lat' dir='ltr'>decret.</span> <span class='ocrx_word' id='word_1_395' title='bbox 2542 4589 2848 4662; x_wconf 82' lang='lat' dir='ltr'>eiusdem</span> 
     </span>
    </p>
   </div>
   <div class='ocr_carea' id='block_1_3' title="bbox 119 4699 2149 4803">
    <p class='ocr_par' dir='ltr' id='par_1_3' title="bbox 119 4699 2149 4803">
     <span class='ocr_line' id='line_1_40' title="bbox 119 4699 2149 4803; baseline -0.001 -25"><span class='ocrx_word' id='word_1_396' title='bbox 119 4705 398 4803; x_wconf 76' lang='lat' dir='ltr'>Conqr.</span> <span class='ocrx_word' id='word_1_397' title='bbox 437 4724 647 4802; x_wconf 74' lang='lat' dir='ltr'>paq.</span> <span class='ocrx_word' id='word_1_398' title='bbox 691 4704 894 4790; x_wconf 70' lang='lat'><strong>100..</strong></span> <span class='ocrx_word' id='word_1_399' title='bbox 933 4706 1124 4797; x_wconf 88' lang='lat' dir='ltr'>apud</span> <span class='ocrx_word' id='word_1_400' title='bbox 1160 4702 1428 4777; x_wconf 90' lang='lat' dir='ltr'>Girald.</span> <span class='ocrx_word' id='word_1_401' title='bbox 1471 4704 1600 4777; x_wconf 85' lang='lat' dir='ltr'>loc.</span> <span class='ocrx_word' id='word_1_402' title='bbox 1643 4705 1764 4778; x_wconf 84' lang='lat' dir='ltr'>cit.</span> <span class='ocrx_word' id='word_1_403' title='bbox 1806 4699 1879 4798; x_wconf 62' lang='grc' dir='ltr'>ἓ.</span> <span class='ocrx_word' id='word_1_404' title='bbox 1926 4703 2149 4788; x_wconf 84' lang='lat' dir='ltr'>Quod.</span> 
     </span>
    </p>
   </div>
  </div>
 </body>
</html>
