3497 5235
536 341 653 407 448
1287 340 1660 403 natantium
1698 339 1753 400 Β.
1782 337 1965 414 Oongr.
1993 337 2140 399 ῦοιιο.
2181 339 2451 416 monitio.

679 480 850 551 355.
908 474 1141 553 Tertio
1194 479 1346 552 loco
1400 481 1640 554 vicarii
1680 479 2072 572 parochiali
2108 481 2389 552 sarcina
2435 479 2734 572 gravati,
2772 479 2924 551 sive
2959 479 3009 551 ii
3048 496 3210 569 per*-

530 591 730 683 petui
784 591 958 679 sint,
1015 591 1163 663 sive
1217 591 1307 664 ad
1362 597 1619 665 nutum
1672 593 1986 665 amoveri
2041 592 2342 683 possint,
2382 599 2536 665 tum
2583 591 3014 681 saeculareS,
3060 598 3212 663 tum

525 702 918 796 regulareS,
975 699 1234 776 Missae
1284 722 1413 797 pro
1466 704 1729 797 populo
1782 704 2257 796 applicandae
2310 722 2526 777 onere
2560 711 3015 796 premuntur,
3066 722 3213 775 non

529 815 837 889 exclusis
874 815 986 903 iis,
1021 818 1145 905 qui
1181 816 1561 907 parochiae
1597 819 1884 889 vacanti
1922 817 2390 908 deputantur,
2423 817 2653 891 donec
2680 816 3017 909 parochia
3056 816 3213 907 ipsa

529 946 660 1000 suo
694 928 826 1000 rite
863 933 1138 1000 rectore
1175 927 1507 1016 donetur,
1549 937 1760 1020 prout
1799 930 2246 1020 apertissime
2282 932 2534 1003 statuit
2585 927 2857 1002 Bened.
2890 925 3090 999 XIV.
3131 930 3204 999 in

529 1038 826 1112 Constit.
876 1041 1046 1115 Cam
1098 1060 1363 1131 semper
1412 1038 1487 1135 ἓ.
1538 1042 1709 1116 Cum
1745 1042 1959 1113 enim.
2015 1038 2367 1124 Quoniam
2417 1060 2583 1115 vcro
2638 1043 2831 1115 idem
2879 1038 3213 1116 Pontifex

533 1171 616 1225 eo
666 1152 818 1224 loco
873 1153 1115 1225 citavit
1170 1172 1379 1226 casus
1434 1156 1507 1226 in
1559 1153 1772 1227 Conc.
1816 1149 2006 1227 Trid.
2048 1156 2438 1244 praevisos,
2482 1153 2747 1244 quibus
2799 1155 3050 1227 vicarii
3087 1155 3215 1228 de-

530 1265 768 1359 putari
804 1263 1147 1353 debeant,
1203 1284 1348 1339 non
1401 1268 1536 1340 erit
1587 1266 1719 1339 abs
1772 1286 1846 1339 re
1900 1267 2316 1358 singulatim
2355 1268 2643 1339 eosdem
2695 1283 3097 1357 recensere,
3139 1274 3214 1340 et

532 1377 952 1450 dilucidare.
994 1374 1269 1450 Primus
1307 1387 1414 1453 est
1459 1380 1533 1450 in
1568 1381 1746 1453 Sess.
1777 1379 1847 1452 6.
1886 1399 2043 1469 cap.
2066 1381 2142 1453 2.
2176 1379 2257 1452 de
2288 1379 2636 1469 Reform„
2672 1379 2798 1452 ubi
2834 1382 3205 1467 statuitur,

530 1496 637 1578 ut,
694 1490 753 1560 si
807 1489 969 1580 quis
1019 1487 1449 1564 beneficium
1505 1510 1747 1563 curam
1803 1493 2203 1564 animarum
2258 1491 2613 1564 adnexam
2667 1491 3011 1565 obtinens
3064 1510 3209 1564 non

527 1600 863 1689 resideat,
903 1597 1416 1694 Episcoporum
1471 1591 1783 1675 officium
1834 1605 1925 1675 sit
1979 1623 2065 1676 ex
2134 1602 2532 1695 Apostolica
2594 1603 3050 1694 delegatione
3103 1605 3212 1676 vi-

525 1713 796 1786 carium
850 1713 1225 1804 deputare,
1281 1716 1432 1804 qui,
1493 1717 1858 1808 assignata
1914 1734 2270 1808 congrua,
2325 1717 2724 1788 animarum
2780 1735 3029 1787 curam
3082 1735 3210 1807 op-

523 1831 828 1916 portune
864 1833 1089 1917 regat.
1135 1824 1507 1900 Secundus
1560 1847 1769 1901 casus
1805 1834 1913 1901 est
1951 1830 2027 1901 in
2065 1831 2245 1902 Sess.
2291 1828 2360 1900 7.
2406 1848 2565 1920 cap.
2606 1829 2679 1901 5.
2720 1829 2804 1901 de
2850 1829 3207 1923 Reform„

520 1937 646 2010 ubi
702 1945 1020 2028 cavetur,
1064 1947 1171 2026 ut,
1211 1941 1270 2012 si
1324 1941 1615 2031 quando
1668 1960 1858 2014 unus
1910 1941 2241 2014 sacerdos
2294 1960 2381 2013 ex
2449 1941 2855 2032 Apostolica
2909 1940 3210 2033 dispen-

524 2051 802 2123 satione
852 2051 1063 2144 plura
1113 2050 1463 2125 beneficia
1519 2059 1766 2125 curata
1819 2053 2033 2125 simul
2093 2053 2444 2144 obtineat,
2503 2053 2630 2127 ubi
2683 2055 2836 2145 ipse
2890 2056 3207 2127 residere

528 2171 869 2255 nequeat,
911 2182 1041 2256 per
1089 2161 1517 2257 Episcopum
1571 2165 1813 2239 idonei
1865 2166 2109 2239 vicarii
2164 2165 2645 2257 deputentur,
2702 2185 2797 2238 ne
2847 2166 3204 2239 beneficia

528 2275 793 2349 debitis
827 2277 1344 2350 defraudentur
1393 2277 1785 2369 obsequiis.
1828 2273 2107 2351 Tertius
2142 2297 2351 2351 casus
2388 2286 2493 2350 est
2532 2281 2713 2352 Sess.
2754 2278 2878 2351 21.
2921 2297 3088 2371 cap.
3133 2278 3201 2351 6.

525 2387 608 2459 de
661 2389 1012 2481 Reform„
1052 2389 1173 2462 ubi
1229 2390 1556 2481 parochis
1625 2390 1982 2469 illiteratis
2034 2398 2106 2464 et
2158 2393 2552 2482 imperitiS,
2608 2392 2789 2464 alias
2852 2390 3203 2464 honestae

524 2500 714 2572 vitae
769 2499 982 2574 laude
1036 2502 1404 2594 praeditiS,
1479 2502 1928 2576 coadiutores
2001 2509 2126 2576 aut
2176 2504 2424 2576 vicarii
2493 2503 2841 2595 assignari
2895 2501 3194 2590 debent,

523 2623 734 2704 prout
787 2616 1115 2707 superius
1167 2616 1561 2690 innuimus.
1600 2612 1912 2699 Quartus
1948 2636 2157 2690 casus
2200 2625 2309 2691 est
2367 2620 2548 2691 sess.
2584 2616 2710 2690 211.
2753 2637 2913 2708 cap.
2954 2615 3081 2689 28.
3122 2615 3203 2687 cle

528 2726 872 2817 Reform„
915 2730 990 2801 in
1033 2746 1177 2819 quo
1227 2730 1564 2821 parochia
1610 2747 1738 2802 suo
1791 2738 2063 2803 rectore
2115 2728 2409 2802 viduata
2445 2746 2826 2801 oeconomo
2880 2726 3194 2819 regenda

521 2839 859 2930 traditur,
901 2841 1129 2915 donec
1164 2841 1548 2933 parochiae
1600 2841 1734 2933 ipsi
1798 2861 1972 2914 suus
2022 2848 2254 2915 rector
2303 2840 2655 2914 stabiliter
2707 2841 3188 2932 praeficiatur.

521 2946 827 3032 Quintus
863 2953 1176 3045 denique
1211 2973 1420 3026 casus
1465 2962 1570 3028 est
1612 2956 1791 3028 Sess.
1822 2954 1947 3028 25.
1989 2973 2147 3046 cap.
2191 2954 2309 3027 16.
2352 2954 2434 3027 de
2472 2954 2820 3043 Reform„
2860 2972 3011 3044 quo
3042 2971 3195 3043 pro-

519 3062 838 3154 hibetur,
874 3083 963 3139 ne
991 3064 1343 3139 beneficia
1382 3073 1627 3140 curata
1666 3069 1739 3140 in
1777 3067 2126 3159 simplicia
2162 3072 2700 3156 convertantur3
2742 3075 2818 3139 at
2853 3068 2911 3138 si
2952 3072 3187 3139 contra

523 3176 1046 3250 institutionem
1101 3196 1342 3249 eorum
1397 3178 1470 3251 id
1524 3179 1789 3252 factum
1843 3177 2086 3267 fuerit,
2130 3188 2201 3254 et
2238 3198 2406 3251 cura
2446 3178 2851 3252 animarum
2894 3179 2974 3249 in
3011 3179 3201 3250 vica-

521 3288 705 3360 rium
744 3291 1091 3364 translata
1128 3290 1369 3378 fuerit,
1410 3292 1721 3364 vicarius
1758 3292 1879 3363 hic
1911 3311 1951 3362 a
1987 3288 2260 3364 Bened.
2287 3286 2481 3363 XIV.
2521 3290 2709 3364 inter
2745 3308 2868 3363 eos
2901 3307 3205 3363 enume-

521 3407 746 3490 ratur,
814 3404 938 3492 qui
989 3400 1276 3475 Missam
1329 3422 1455 3495 pro
1507 3404 1774 3497 populo
1826 3403 2189 3477 celebrare
2242 3403 2556 3493 debent,
2623 3403 2874 3476 eodem
2938 3419 3203 3493 nempe

521 3515 757 3600 mod0,
799 3533 941 3606 quo
993 3514 1261 3589 debent
1314 3523 1386 3590 et
1439 3514 1559 3588 alii
1612 3516 1687 3589 in
1732 3522 2042 3606 quatuor
2092 3514 2691 3590 antecedentibus
2743 3513 3037 3588 casibus
3084 3532 3213 3586 re-

522 3625 802 3699 censiti.

666 3739 837 3810 356.
879 3736 1091 3812 Hisce
1142 3740 1575 3830 constitutiS,
1617 3739 1798 3814 illud
1849 3741 2177 3832 sequitur
2227 3740 2302 3813 in
2353 3740 2627 3835 primis,
2681 3741 2880 3832 quod
2932 3743 2991 3813 si
3044 3740 3220 3812 ani—

518 3869 794 3923 marum
847 3870 1019 3925 cura
1070 3869 1295 3944 penes
1348 3853 1637 3942 aliquod
1701 3850 2135 3944 Capitulum,
2191 3850 2657 3946 Dignitatem,
2714 3860 2844 3926 aut
2896 3851 3221 3944 quodvis

525 3962 723 4035 aliud
772 3961 1203 4035 beneficium
1254 3963 1510 4037 habitu
1560 3965 1868 4054 residet,
1930 3972 2094 4039 actu
2146 3983 2311 4039 vero
2363 3982 2585 4056 penes
2639 3965 2983 4038 vicarium
3042 3964 3225 4038 sive

527 4081 949 4167 perpetuum
993 4077 1141 4149 sive
1178 4084 1745 4169 temporaneum,
1795 4075 2009 4150 Missa
2046 4097 2171 4170 pro
2207 4080 2470 4170 populo
2507 4098 2547 4149 a
2584 4084 2860 4151 rectore
2895 4078 3223 4166 actuali,

528 4188 819 4260 minime
870 4207 1035 4261 vero
1089 4188 1180 4261 ab
1225 4188 1581 4263 habituali
1627 4191 2059 4284 applicanda
2094 4192 2187 4263 sit
2222 4192 2616 4265 secundum
2671 4209 2783 4279 ea,
2827 4208 3012 4281 quae
3042 4196 3245 4263 sta-—

525 4303 662 4374 tuit
710 4298 980 4373 Bened.
1021 4298 1214 4373 xlv.
1271 4299 1568 4375 Constit.
1632 4302 1802 4378 Cum
1852 4323 2117 4395 semper
2165 4302 2241 4399 §.
2307 4305 2480 4379 Cum
2528 4304 2744 4376 enim.
2801 4300 2979 4375 Nam
3024 4321 3245 4378 cum

527 4413 599 4483 in
653 4412 1043 4486 cathedrali
1108 4414 1509 4507 Vicoequen.
1552 4433 1722 4487 cura
1772 4414 2166 4488 habitualis
2220 4433 2442 4507 penes
2477 4413 2908 4511 Capitulum,
2948 4420 3256 4488 actua-

527 4524 617 4618 lis
667 4543 891 4617 penes
942 4526 1282 4598 vicarium
1336 4515 1735 4617 quotannis
1758 4530 2084 4601 renovari
2135 4526 2244 4600 vel
2286 4527 2688 4601 confirmari
2740 4528 3016 4598 solitum
3077 4544 3259 4600 ex-

524 4643 750 4710 staret
802 4634 960 4731 (qui
1011 4639 1426 4729 ceteroquin
1477 4639 1566 4712 de
1622 4639 1887 4731 gremio
1936 4635 2240 4731 Capituli
2279 4637 2679 4731 eligebatur
2731 4655 2888 4710 cum
2940 4653 3263 4714 annua

522 4752 1006 4841 praestatione
1057 4759 1497 4825 scutatorum
1549 4751 2032 4848 quindecim),
2093 4771 2177 4825 ac
2226 4750 2705 4842 dubitaretur,
2771 4775 2810 4820 ‹
2852 4750 2970 4836 An,
3010 4758 3137 4823 et
3209 4775 3267 4826 a
