3497 5235
596 260 718 323 364
1345 263 1711 322 humotionis
1751 262 1803 320 8.
1832 262 2014 336 Gongr.
2042 262 2187 322 (Ione.
2227 263 2498 339 expositio.

746 397 911 468 178.
954 394 1062 467 Ex
1114 398 1263 469 iure
1317 414 1674 468 sacrorum
1722 414 2078 469 canonum
2129 402 2201 470 et
2249 395 2538 470 Concilii
2592 394 3015 484 Tridentini,
3058 395 3241 468 nulla

594 508 977 601 peculiaris
1033 509 1257 580 forma
1308 508 1644 580 solemnis
1695 507 2080 580 constituta
2134 513 2267 598 est,
2333 528 2550 600 quam
2604 527 2883 582 servare
2936 506 3242 581 debeant

595 614 957 713 Episcopi,
1000 618 1596 710 quandocumque
1632 620 1842 694 alicui
1880 637 2224 713 personae
2259 621 2407 692 sive
2452 619 3067 713 poenitentialem,
3106 620 3245 692 sive

594 730 1070 823 theologalem
1107 730 1590 823 praebendam
1625 731 1945 805 conferre
1982 729 2320 805 debeant.
2360 728 2703 813 Quocirca
2748 731 2882 803 hoc
2930 731 3241 822 inspecto

595 840 774 929 iure,
816 843 989 914 satis
1046 849 1179 931 est,
1221 849 1301 915 ut
1351 842 1524 935 ipsis
1575 844 1885 936 legitime
1937 848 2255 934 constet,
2321 843 2513 935 quod
2583 844 2947 917 candidati
3000 844 3242 917 eadem

593 955 1013 1047 praebenda
1066 957 1263 1027 iuxta
1293 974 1651 1029 sacrorum
1702 975 2056 1030 canonum
2090 957 2530 1055 praescripta
2566 956 2763 1048 digni
2816 957 2988 1045 sint,
3030 962 3244 1047 atque

594 1068 887 1161 insuper
943 1088 1027 1143 ea
1084 1070 1469 1143 idoneitate
1519 1070 1854 1162 praediti,
1894 1088 2080 1160 quae
2131 1069 2344 1144 officii
2394 1069 2679 1160 utrique
2730 1068 2948 1141 adfixi
3000 1086 3244 1142 mune-

525 1216 534 1223 ·
590 1181 791 1253 ribus
844 1182 1208 1255 cumulate
1275 1180 1626 1255 obeundis
1677 1200 1809 1273 par
1873 1180 2253 1254 habeatur.
2297 1177 2801 1253 Verumtamen
2859 1179 2937 1251 in
3003 1174 3240 1270 Italia,

592 1295 890 1384 eiusque
929 1295 1424 1368 adiacentibus
1458 1294 1709 1367 insulis
1745 1311 2130 1366 concursus
2162 1292 2728 1385 praemittendus
2753 1298 2863 1364 est
2897 1309 2980 1363 eo
3008 1290 3241 1379 modo,

592 1424 733 1496 quo
771 1406 859 1480 de
892 1407 1245 1499 parochiis
1280 1407 1799 1499 praescriptum
1836 1410 2113 1480 exstat:
2170 1404 2243 1477 id
2295 1405 2486 1478 enim
2528 1402 2800 1476 Bened.
2843 1397 3050 1474 XIII.
3093 1421 3249 1496 spe·

590 1518 750 1590 ciali
804 1519 960 1611 lege
1016 1519 1320 1591 sancivit
1369 1520 1447 1591 in
1497 1517 1791 1592 Constit.
1850 1519 2069 1609 incip.
2114 1516 2512 1592 Pastoralis
2564 1515 2803 1609 officii,
2855 1532 3074 1606 quam
3126 1515 3248 1588 da-

587 1629 826 1703 bimus
878 1632 952 1702 in
1004 1631 1144 1725 vol.
1187 1633 1319 1704 ΙΙΙ.
1371 1631 1507 1703 sub
1547 1650 1744 1703 num.
1787 1630 1857 1702 7.

741 1743 903 1815 179.
947 1739 1298 1824 Quoniam
1335 1761 1499 1815 vero
1534 1743 1606 1814 in
1636 1741 2086 1814 conferendis
2122 1740 2434 1814 ecclesiis
2471 1738 3003 1832 parochialibus
3035 1737 3242 1810 hodie

588 1854 1104 1926 inhaerendum
1143 1859 1252 1926 est
1294 1850 1795 1927 Constitutioni
1845 1871 1974 1926 seu
2025 1849 2280 1926 Literis
2316 1853 2689 1944 encyclicis
2739 1849 3011 1923 Bened.
3051 1844 3232 1921 XIV.

585 1967 803 2057 incip.
853 1966 1022 2040 Cum
1058 1966 1238 2038 illud
1287 1965 1427 2038 diei
1471 1966 1584 2036 14.
1626 1965 1960 2066 Decemb.
1999 1965 2248 2053 1742„
2289 1982 2475 2055 quae
2510 1964 2841 2037 omnibus
2875 1960 3240 2054 Episcopis

587 2080 799 2151 etiam
855 2086 1051 2151 extra
1104 2074 1386 2151 Italiam
1439 2079 1751 2152 directae
1801 2084 1998 2168 sunt,
2046 2078 2350 2167 ideoque
2384 2077 2707 2149 similiter
2741 2074 2835 2147 ab
2873 2075 3047 2167 ipsis
3101 2090 3240 2145 ser-

587 2192 734 2262 vari
772 2190 1081 2279 debent3
1139 2208 1228 2262 ne
1264 2190 1436 2281 quid
1488 2190 1624 2263 hac
1675 2191 1750 2261 in
1802 2208 1877 2262 re
1929 2190 2140 2280 desit,
2178 2188 2311 2261 has
2362 2206 2648 2278 quoque
2684 2187 3075 2260 referemus
3127 2202 3238 2256 vo-

588 2301 853 2374 lumine
891 2299 1029 2372 III.
1069 2302 1203 2374 sub
1244 2321 1441 2373 num.
1485 2303 1608 2374 28.
1648 2320 1731 2374 eo
1770 2302 2021 2397 magiS,
2064 2301 2255 2393 quod
2291 2302 2365 2372 in
2400 2301 2714 2392 ipsarum
2753 2298 3236 2389 paroeciarum

584 2413 988 2501 collatione,
1029 2413 1117 2485 de
1153 2413 1416 2504 quibus
1459 2414 1675 2505 paulo
1728 2421 1888 2505 post
1938 2431 2335 2486 sermonem
2387 2410 2841 2499 habebimus,
2898 2427 3043 2481 non
3097 2425 3236 2479 me-

583 2524 803 2596 diocri
853 2522 1221 2617 Episcopis
1274 2527 1433 2598 usui
1484 2533 1555 2598 et
1604 2526 1896 2598 utilitati
1949 2543 2071 2597 eas
2123 2523 2272 2596 fore
2322 2539 2743 2614 persuasum
2810 2520 3229 2594 habeamus.

573 2715 574 2718 a
734 2638 897 2710 180.
940 2635 1135 2720 Quae
1170 2639 1415 2729 itaque
1465 2639 1689 2712 forma
1726 2657 1854 2731 per
1903 2656 2148 2711 omnes
2181 2645 2423 2731 partes
2474 2638 2700 2710 teneri
2736 2637 2915 2709 solet
2948 2655 3077 2729 pro
3115 2653 3231 2726 pa-

583 2748 865 2839 rochiiS‚
905 2750 1156 2822 eadem
1205 2770 1333 2843 pro
1387 2751 1820 2845 praebendis
1872 2751 2252 2844 theologali
2304 2770 2386 2824 ac
2421 2751 2920 2841 poenitentiali
2968 2750 3228 2823 servari

581 2860 821 2934 debet.
864 2860 1096 2937 Pauca
1149 2871 1345 2952 sunt,
1405 2867 1479 2937 in
1533 2866 1796 2956 quibus
1848 2867 2138 2958 aliquod
2192 2869 2377 2942 inter
2445 2877 2785 2961 utrasque
2854 2871 3224 2943 discrimen

580 2973 1083 3064 interponitur,
1125 2982 1207 3048 ut
1240 2994 1326 3048 ex
1361 2979 1889 3068 comparatione
1924 2977 2218 3052 Constit.
2267 2981 2663 3053 Pastoralis
2698 2982 2905 3075 officii
2955 2989 3027 3054 et
3060 2979 3221 3052 Con·

577 3086 726 3158 stit.
778 3087 947 3161 Cum
981 3087 1161 3159 illud
1213 3094 1452 3178 aperte
1488 3089 1885 3181 colligitur3
1936 3092 2036 3163 sic
2071 3109 2183 3163 ex.
2230 3111 2331 3183 gr.
2374 3092 2445 3163 in
2481 3092 2838 3185 parochiis
2874 3092 3220 3164 examina-

576 3202 765 3271 tores
815 3198 1083 3272 debent
1133 3217 1287 3272 esse
1340 3202 1761 3292 synodales;
1817 3209 1892 3274 at
1941 3205 2211 3275 veroin
2248 3203 2680 3294 praebendis
2729 3201 3109 3295 theologali
3156 3207 3223 3273 et

575 3311 1164 3403 poenitentiariae
1219 3310 1563 3402 deputare
1599 3313 1765 3386 licet
1818 3316 2337 3387 examinatores
2388 3316 2604 3388 etiam
2639 3332 2784 3386 non
2818 3311 3215 3405 synodales,

574 3421 958 3493 dummodo
1009 3422 1153 3494 sint
1193 3423 1444 3495 saltem
1481 3424 1829 3498 licentiati
1866 3444 1949 3498 ac
1987 3426 2191 3498 valde
2242 3427 2478 3517 periti.
2520 3423 2610 3497 Hi
2645 3431 2890 3497 tamen
2926 3431 3220 3516 quatuor

574 3551 870 3604 numero
921 3550 1076 3605 esse
1130 3533 1397 3607 debent
1428 3588 1448 3624 ,
1513 3535 1683 3608 dum
1734 3544 1982 3610 contra
2038 3538 2111 3608 in
2163 3539 2509 3630 paroeciis
2562 3545 2704 3610 tres
2773 3539 2991 3609 etiam
3056 3536 3217 3607 satis

577 3661 732 3717 esse
785 3652 1061 3735 queunt
1111 3664 1198 3718 ex
1250 3648 1402 3719 iure
1453 3645 1661 3721 Cone.
1704 3645 1895 3720 Trid.
1942 3650 2122 3722 SesS.
2160 3649 2282 3721 211.
2325 3667 2482 3740 cap.
2539 3647 2653 3722 18.
2695 3648 2778 3721 de
2817 3650 3121 3734 Reform.

726 3758 891 3830 181.
932 3754 1543 3839 Quemadmodum
1596 3761 1671 3832 in
1714 3761 2066 3851 parochiis
2118 3761 2330 3834 datur
2366 3761 2749 3853 appellatio
2803 3761 2895 3832 ab
2950 3759 3214 3833 irratio-

575 3869 798 3942 nabili
836 3870 1094 3943 iudicio
1130 3868 1460 3964 Episcopi
1513 3877 1585 3945 et
1621 3873 1808 3944 mala
1846 3873 2187 3946 relatione
2223 3875 2816 3962 examinatorum,
2860 3874 2964 3944 sic
3013 3871 3209 3944 etiam

572 3980 985 4056 conceditur
1039 3982 1204 4070 illis,
1247 3984 1369 4073 qui
1424 3985 1494 4055 in
1534 4002 1881 4057 concursu
1935 3985 2438 4077 theologalium
2478 4001 2560 4055 ac
2607 3982 3210 4074 poenitentialium

569 4092 1141 4185 praebendarum
1179 4111 1335 4166 sese
1373 4101 1698 4186 gravatos
1748 4112 1905 4168 esse
1939 4097 2288 4184 sentiunt,
2322 4093 2922 4185 quemadmodum
2959 4092 3209 4186 passim

575 4204 815 4279 videre
865 4213 972 4279 est
1024 4205 1098 4278 in
1150 4203 1508 4279 Thesauro
1557 4204 1880 4280 Resolut.
1940 4206 2011 4280 S.
2053 4206 2306 4300 Congr.
2373 4206 2618 4295 Conc.,
2674 4225 2755 4280 ac
2806 4204 3209 4298 praesertim

571 4315 646 4386 in
699 4317 1004 4390 Alerien.
1052 4319 1320 4392 Canon.
1368 4320 1760 4392 Poenitent.
1805 4320 1923 4391 19.
1970 4319 2132 4410 Apr.
2179 4320 2425 4405 1777.,
2483 4318 2556 4389 in
2613 4318 3041 4390 Urbevetana
3092 4314 3201 4384 11.

570 4421 734 4498 Iulii
791 4429 1005 4500 1846.
1045 4426 1197 4502 Hac
1250 4431 1323 4502 in
1376 4449 1450 4502 re
1505 4430 1849 4503 nonnulla
1901 4429 2409 4522 perpendenda
2461 4434 2657 4501 sunt.

720 4539 887 4610 182.
929 4536 1013 4612 In
1065 4541 1230 4613 folio
1286 4545 1359 4616 S.
1423 4544 1653 4619 Marci
1703 4549 1768 4615 et
1818 4542 2177 4614 Bisinian.
2241 4541 2629 4614 Concursus
2699 4540 2793 4611 ad
2853 4541 3037 4613 diem
3082 4536 3195 4607 22.

571 4643 734 4720 Iulii
792 4650 1000 4722 1850.
1041 4650 1114 4746 ἓ.
1167 4654 1415 4725 Verum
1466 4655 1721 4744 triplex
1772 4671 1928 4725 esse
1978 4658 2261 4743 tempus
2306 4650 2830 4742 inspiciendum
2882 4651 3197 4733 traditur,
