3497 5235
978 326 1100 404 0⁸1».
1124 329 1221 388 111.
1259 329 1332 388 Do
1370 329 1506 387 olore
1545 327 1818 388 ιιοοὼτί.
1858 330 1914 405 §-
1938 328 2015 387 11.
2710 326 2828 391 469

178 458 373 531 ctiva.
413 455 669 547 Itaque
722 465 1030 549 quatuor
1092 460 1271 533 baec
1337 462 1765 534 concinnata
1817 469 1986 534 sunt
2058 461 2326 535 dubia:
2396 485 2435 528 ι
2472 459 2533 533 Ι.
2579 458 2832 535 Utrum

182 598 220 641 ›
252 571 422 644 haec
473 572 911 644 consuetudo
962 572 1352 645 secundam
1398 569 1683 646 Missam
1730 572 2141 646 celebrandi
2192 573 2563 646 toleranda
2618 575 2713 647 sit
2754 575 2834 646 in

184 707 220 750 ν
253 679 576 753 omnibus
625 682 1011 772 praedictis
1060 683 1232 755 locis
1284 684 1610 773 adnexiS,
1652 684 1777 755 ubi
1833 684 1948 756 liic
2002 702 2153 756 mos
2212 685 2311 757 ita
2366 684 2696 774 invaluit,
2752 690 2836 757 ut

186 818 221 862 ›
255 794 555 886 populns
607 795 826 867 etiam
877 796 989 867 ius
1041 796 1132 867 ad
1205 795 1401 868 illam
1454 796 1882 888 exigendam
1953 797 2311 870 existimet
2380 816 2455 870 se
2516 792 2833 869 habere'f

187 929 222 973 ›
256 901 349 975 11.
388 900 637 977 Utrum
689 906 1044 996 parochus
1094 908 1497 981 necessario
1547 908 1812 980 debeat
1856 908 2054 979 illam
2102 908 2493 980 secundam
2547 905 2835 981 Missam

187 1040 222 1084 ιι
257 1016 609 1107 applicare
660 1036 787 1108 pro
840 1019 1102 1111 populo
1148 1020 1358 1092 sicuti
1411 1019 1742 1110 primam,
1785 1018 1897 1091 vel
1934 1018 2232 1091 liberam
2286 1020 2594 1091 retineat
2642 1019 2835 1092 illius

187 1152 222 1196 ›
257 1130 799 1220 applicationem
852 1148 1013 1201 cum
1065 1130 1422 1221 stipendio
1440 1126 1471 1200 ’Ξ
1508 1126 1644 1202 111.
1687 1127 1939 1203 Utrum
1979 1130 2338 1202 licentiam
2392 1129 2565 1202 dare
2617 1135 2835 1220 queat

186 1267 224 1310 ›
257 1238 644 1334 Episcopus
694 1240 786 1312 ad
841 1241 1033 1312 illam
1084 1243 1474 1315 secundam
1528 1240 1817 1314 Missam
1861 1241 2369 1314 celebrandam
2417 1242 2493 1313 in
2547 1240 2836 1314 casibus

184 1377 219 1421 ›
253 1351 625 1438 similibus,
666 1358 737 1424 et
789 1353 861 1423 in
913 1352 1130 1441 locis,
1187 1353 1309 1425 ubi
1361 1354 1525 1426 talis
1594 1353 2036 1426 consuetudo
2108 1371 2341 1443 usque
2405 1353 2642 1425 adbuc
2695 1371 2833 1425 usu

183 1488 219 1531 ν
256 1482 392 1535 non
446 1457 794 1535 invaluit?
847 1461 968 1535 IV.
1021 1460 1273 1537 Utrum
1327 1466 1737 1557 praesertim
1792 1465 2232 1555 praedictam
2274 1464 2633 1537 licentiam
2670 1482 2840 1536 con·

184 1601 219 1645 ›
256 1575 505 1648 cedere
556 1577 777 1668 possit
828 1583 1147 1666 tempore
1196 1577 1633 1650 collectionis
1685 1578 2053 1665 messium,
2116 1595 2280 1649 cum
2333 1576 2620 1669 plurimi
2670 1593 2840 1667 ope-

182 1712 218 1755 »
255 1687 415 1759 rarii
470 1687 545 1758 in
596 1705 739 1758 uno
808 1688 1142 1780 praedio,
1199 1707 1327 1762 seu
1380 1689 1548 1759 villa
1600 1695 2075 1777 concurrant,
2133 1689 2255 1778 qui
2310 1695 2499 1760 certe
2551 1685 2838 1759 Missam

184 1824 220 1868 »
257 1817 399 1869 non
451 1799 828 1886 audirent,
885 1800 1024 1871 nisi
1080 1801 1432 1890 parochus
1500 1800 1894 1873 secundam
1965 1801 2037 1872 in
2091 1817 2175 1872 eo
2227 1799 2380 1871 loco
2429 1798 2698 1875 diceret
2748 1816 2838 1870 ex

182 1935 220 1979 ι
256 1929 366 1998 eo,
405 1911 597 2000 quod
630 1911 816 1983 alius
863 1911 1193 1984 sacerdos
1231 1913 1322 1984 ad
1366 1912 1562 1983 illam
1601 1911 1978 1984 dicendam
2016 1910 2266 1983 haberi
2306 1929 2449 1982 non
2487 1904 2754 2002 possit?
2792 1934 2833 1978 ν

176 2023 246 2094 S.
287 2019 503 2114 Cong.
543 2023 945 2114 rescripsit:
991 2045 1030 2088 ι
1070 2023 1173 2096 Ad
1222 2020 1284 2096 Ι.
1327 2032 1398 2097 et
1452 2020 1591 2095 ΙΙΙ.
1634 2023 2084 2112 affirmative,
2142 2023 2403 2096 iudicio
2454 2019 2832 2114 Episcopi,

180 2159 217 2202 v
251 2133 453 2207 nulla
505 2134 754 2209 habita
805 2137 1082 2209 ratione
1132 2137 1702 2227 consuetudiniS,
1743 2144 1818 2210 et
1869 2144 2233 2226 quatenus
2278 2138 2353 2208 in
2407 2153 2839 2226 unoquoque

179 2269 217 2314 >
255 2264 428 2317 casu
493 2255 920 2321 concurrant
988 2250 1566 2321 circumstantiae
1618 2249 2065 2322 necessariae
2134 2249 2227 2320 ad
2296 2247 2596 2320 formam
2661 2246 2841 2320 Con-

176 2384 214 2428 »
252 2358 485 2430 stitut.
526 2354 1034 2431 Benedictinae
1085 2367 1159 2432 et
1208 2359 1709 2433 declarationis
1760 2358 1833 2432 S.
1875 2361 2221 2453 Congreg.
2271 2361 2411 2433 diei
2470 2361 2584 2432 14.
2628 2357 2842 2433 Octo-

173 2494 214 2538 »
250 2468 403 2540 bris
442 2470 655 2542 1843.
697 2471 963 2543 relatae
1003 2472 1073 2542 in
1116 2472 1566 2545 Cameracen.
1607 2474 1810 2549 Miss.
1843 2492 1977 2564 pro
2002 2492 2167 2565 pop.
2212 2475 2332 2545 25.
2373 2469 2572 2564 Sept.
2618 2474 2834 2546 1858.

172 2604 212 2649 ι
256 2580 359 2653 Ad
410 2576 509 2652 11.
552 2578 824 2655 Dentur
873 2581 1340 2655 resolutiones
1392 2585 1465 2656 in
1506 2584 1955 2659 Cameracen.
2005 2586 2126 2658 25.
2170 2583 2569 2679 Septembr.
2618 2585 2834 2659 1858.

175 2718 216 2762 ›
253 2691 365 2765 Ad
417 2688 541 2764 lv,
580 2690 944 2767 Provisum
1000 2695 1072 2767 in
1127 2696 1747 2786 praecedentibus.
1794 2722 1833 2765 »

1284 2931 1717 2986 APPENDIX.

743 3067 1128 3123 Recentiora
1165 3069 1471 3136 quaedam
1508 3069 1767 3123 decreta
1802 3072 1881 3125 de
1917 3071 2262 3125 binatione.

323 3252 392 3323 1.
431 3249 614 3324 Data
664 3254 1094 3326 resolutione
1129 3256 1268 3327 diei
1321 3257 1443 3327 23.
1484 3252 1714 3327 Martii
1775 3257 1987 3328 1861.
2029 3255 2425 3349 Episcopus
2458 3251 2546 3326 N.
2590 3273 2677 3327 ex
2709 3251 2841 3327 Hi·

163 3364 427 3453 spania
479 3365 873 3454 quaesivit:
945 3387 983 3433 ‹
1028 3365 1131 3438 An
1184 3367 1508 3456 parochis
1560 3363 1847 3439 Missam
1914 3368 2216 3439 alteram
2287 3368 2659 3439 fundatam
2711 3385 2841 3457 ap-

168 3476 522 3567 »plicare
591 3481 662 3548 et
723 3477 1033 3568 integros
1100 3478 1578 3569 primissariae
1649 3479 1919 3550 reditus
1981 3479 2274 3569 exiguos
2329 3496 2453 3569 pro
2522 3478 2842 3570 applica-

167 3610 209 3654 »
250 3587 443 3659 tione
491 3588 701 3659 simul
738 3594 810 3660 et
843 3589 1105 3660 intuitu
1142 3587 1404 3660 laboris
1439 3594 1508 3660 et
1561 3589 1986 3661 incommodi
2023 3589 2129 3685 (in
2167 3591 2404 3678 specie
2442 3609 2568 3683 pro
2614 3590 2840 3662 divini

164 3721 208 3767 ι
249 3697 453 3770 verbi
491 3696 1049 3793 praedicatione)
1099 3701 1463 3791 percipere
1497 3699 1706 3773 liceat
1758 3700 2032 3789 absque
2088 3699 2521 3792 obligatione
2573 3701 2837 3773 dictam

163 3832 208 3876 ›
248 3805 540 3880 Missam
594 3810 967 3883 fundatam
1020 3811 1135 3884 die
1199 3810 1426 3883 feriali
1479 3830 1605 3903 pro
1656 3810 2159 3884 fundatoribus
2229 3812 2687 3903 applicandi3
2744 3831 2840 3884 an

162 3942 207 3986 »
250 3920 530 3993 reditus
581 3921 925 3997 fundatae
977 3924 1455 4016 primissariae
1505 3923 1861 4015 stipendio
1915 3924 2229 3996 manuali
2267 3943 2396 3996 seu
2447 3925 2838 4014 eleemosy-

159 4052 205 4099 ›
248 4050 396 4105 nae
450 4034 526 4105 in
574 4034 764 4108 dicto
816 4035 1097 4108 decreto
1149 4036 1479 4108 exclusae
1532 4042 1953 4126 congruant,
1995 4044 2068 4110 et
2101 4037 2260 4109 ideo
2296 4037 2520 4107 altera
2558 4036 2671 4107 die
2706 4052 2836 4127 pro

161 4165 206 4209 »
248 4142 765 4218 fundatoribus
813 4143 1024 4218 Missa
1078 4147 1505 4238 applicanda
1557 4142 1700 4219 sit?

323 4280 363 4323 ›
402 4253 578 4327 Cum
632 4258 975 4329 eiusmodi
1031 4256 1528 4330 fundationum
1582 4259 1819 4351 exigui
1854 4258 2129 4331 reditus
2179 4257 2505 4349 plurimis
2540 4258 2613 4329 in
2668 4256 2841 4330 locis

161 4388 206 4432 »
245 4373 331 4440 et
381 4367 475 4439 ad
526 4368 1090 4459 compensandos
1139 4369 1350 4440 simul
1388 4369 1780 4460 peculiares
1817 4369 2095 4441 labores
2146 4375 2217 4441 et
2271 4368 2362 4440 ad
2416 4368 2842 4441 solvendum

159 4500 205 4547 ›
248 4479 693 4569 stipendium
764 4498 891 4571 pro
956 4479 1257 4553 fundata
1326 4477 1537 4551 Missa
1590 4481 1815 4554 altera
1863 4483 2002 4553 ·die
2054 4481 2486 4573 applicanda
2552 4480 2844 4553 minime

155 4612 201 4659 ›
242 4589 645 4680 sufficiant,
685 4599 758 4664 et
807 4593 1212 4665 sacerdotes
1246 4592 1358 4663 bis
1394 4592 1466 4662 in
1505 4592 1911 4684 regionibus
1949 4591 2144 4663 haud
2190 4610 2350 4664 raro
2385 4598 2533 4663 tam
2574 4610 2845 4685 paupe-

150 4726 198 4770 »
240 4721 371 4776 res
419 4704 591 4794 sint,
633 4711 713 4777 ut
746 4701 1032 4777 Missam
1085 4702 1716 4778 hebdomadarium
1756 4704 1973 4797 gratis
2025 4703 2390 4797 applicare
2446 4714 2837 4797 nequeant,
