3497 5235
656 197 877 273 0411.
918 200 992 258 Do
1030 201 1295 277 Ιιιίιοορο,
1335 202 1742 276 hebioni-eope,
1784 203 2011 263 Ptimoto
2053 206 2109 263 ot
2147 204 2473 263 Patrium.
2516 206 2568 279 ξ.
2595 205 2645 261 4.
2687 273 2701 288 ·
2867 205 2991 269 219

316 332 519 399 minus
569 333 650 399 ob
697 334 818 399 boc
864 337 1039 419 gravi
1090 354 1296 422 poena
1344 355 1453 402 eos
1499 335 1734 420 punire
1785 335 2017 415 debet,
2070 339 2187 404 nisi
2238 337 2748 404 moderationem
2807 358 2991 406 exce·

318 435 484 503 dant.
516 472 562 483 -
601 440 751 501 166.
794 440 939 502 166.
977 437 1239 514 Quando
1286 437 1633 524 peculiaria
1684 438 2147 524 impedimenta
2199 440 2528 523 synodum
2580 459 2813 528 cogere
2862 461 2994 511 non

311 540 540 616 sinant,
581 543 646 606 S.
689 542 762 605 C.
802 539 1150 626 Episcopos
1180 540 1499 618 bortatur,
1538 551 1607 606 ut
1637 542 1981 627 suppleant
2013 562 2132 629 per
2165 541 2448 609 remedia
2483 562 2514 607 a
2548 542 2789 609 Bened.
2820 546 2987 612 xlv.

318 641 563 709 tradita.
622 645 701 707 Et
747 643 1124 726 praesertim
1172 660 1293 727 per
1335 642 1691 728 spiritualia
1740 643 2071 722 exercitia,
2123 643 2199 710 ad
2249 663 2412 731 quae
2447 662 2666 710 omnes
2700 644 2781 712 de
2817 648 2992 713 clero

317 745 434 811 viri
483 763 610 830 per
660 745 880 810 orbem
930 744 1253 813 accedant.
1285 782 1329 795 -
1364 749 1511 813 167.
1553 745 1910 832 Aliquando
1962 751 2026 816 S.
2068 750 2140 814 C.
2180 751 2252 815 C.
2292 747 2588 814 concedit
2637 747 2997 816 facultatem

315 845 631 913 adunandi
686 845 1011 934 Synodos,
1061 846 1212 913 solis
1271 847 1522 914 vicariis
1585 847 1856 915 foraneis
1918 860 2026 915 aut
2082 848 2489 915 districtuum
2536 850 2793 917 decanis
2840 871 2992 919 con-

313 950 570 1015 vocatis.
603 986 646 996 -
683 952 833 1016 168.
870 951 1014 1015 169.
1055 949 1205 1017 Sine
1237 950 1415 1016 iustis
1446 951 1648 1016 causis
1681 973 1713 1017 a
1750 951 2020 1034 Synodis
2068 951 2493 1018 convocandis
2524 972 2605 1018 ne
2638 953 2994 1022 abstineant

315 1051 613 1139 Episcopi
662 1052 837 1117 iuxta
885 1052 1220 1140 egregium
1271 1050 1514 1118 Bened.
1554 1056 1716 1120 xlv.
1758 1055 2100 1121 monitum.
2130 1092 2173 1103 -
2208 1058 2357 1121 170.
2394 1056 2577 1121 Hisce
2610 1058 2992 1142 praesertim

315 1154 512 1221 nostri
562 1155 701 1220 aevi
752 1156 1149 1241 temporibus
1198 1154 1489 1240 Synodus
1538 1176 1952 1244 quocumque
2004 1156 2071 1222 in
2121 1158 2363 1245 oppido
2399 1158 2703 1225 celebrari
2739 1172 2986 1247 potest;

315 1256 423 1324 sed
470 1258 650 1324 locus
682 1259 1144 1345 congruentior
1190 1272 1286 1323 est
1333 1257 1733 1324 cathedralis.
1764 1297 1807 1308 -
1845 1264 1992 1326 171.
2034 1261 2264 1326 Vicarii
2299 1261 2635 1327 Generales
2677 1261 2812 1328 sine
2844 1281 2992 1349 spe-

315 1360 447 1425 ciali
495 1360 797 1426 mandato
846 1372 1181 1445 nequeunt
1228 1360 1551 1427 celebrare
1587 1361 1904 1445 Synodos.
1957 1365 2181 1448 Neque
2229 1362 2492 1429 Praelati
2543 1365 2810 1431 Nullius
2853 1366 2993 1432 sine

313 1462 657 1547 privilegio
707 1462 1094 1548 Apostolico.
1149 1464 1501 1551 Episcopus
1550 1466 1615 1529 in
1664 1463 1946 1531 ferendis
1992 1466 2244 1552 legibus
2289 1465 2701 1551 synodalibus
2736 1467 2993 1555 Capitu-

316 1565 446 1629 lum
496 1574 757 1630 tenetur
799 1564 1050 1642 audire,
1101 1565 1214 1631 sed
1264 1584 1391 1633 non
1438 1567 1642 1652 sequi.
1699 1568 2067 1654 Capitulum
2117 1568 2681 1634 constitutionibus
2728 1569 2993 1655 aliisque

318 1666 590 1753 legibus,
643 1667 756 1733 etsi
811 1666 985 1732 iactis
1030 1668 1169 1733 sine
1218 1668 1353 1734 eius
1401 1688 1680 1747 assensu,
1729 1668 2090 1735 subiicitur.
2122 1707 2165 1717 -
2200 1673 2351 1736 172.
2405 1673 2495 1737 De
2543 1690 2686 1737 casu
2734 1671 2993 1758 speciali

319 1788 541 1837 causae
591 1770 895 1835 Asculan.
933 1778 993 1835 et
1029 1772 1333 1836 Larinen.
1388 1774 1528 1837 Non
1575 1782 1790 1857 potest
1836 1771 1974 1836 fieri
2024 1773 2154 1848 lex,
2209 1784 2276 1838 ut
2323 1773 2540 1838 clerici
2582 1783 2713 1838 acta
2750 1772 2991 1857 Synodi

321 1892 538 1940 emere
587 1884 950 1939 teneantur.
978 1910 1022 1921 —
1060 1877 1209 1940 173.
1244 1875 1358 1953 Qui
1410 1876 1583 1941 locus
1615 1876 1866 1941 Vicario
1899 1875 2187 1940 Generali
2224 1875 2562 1941 conveniat
2595 1877 2658 1942 in
2694 1874 2996 1960 Synodo!

323 1976 432 2061 qui
482 1975 777 2064 capitulo
825 1976 1310 2064 collegiataet-
1362 1980 1511 2044 174.
1554 1981 1700 2043 175.
1750 1975 2114 2043 Beneficiati
2161 1978 2483 2064 simplices
2548 1988 2612 2043 et
2671 1978 2995 2065 simplices

319 2078 682 2145 sacerdotes
746 2079 1004 2164 Synodo
1064 2080 1284 2146 adesse
1331 2079 1604 2168 cogendi
1666 2098 1798 2144 non
1852 2089 2039 2156 sunt,
2104 2078 2220 2145 nisi
2281 2079 2443 2145 adsit
2488 2080 2915 2146 consuetudo.
2954 2116 2997 2128 -

323 2185 469 2248 176.
509 2183 777 2260 Quinam
813 2202 850 2247 e
882 2183 1304 2270 Regularibus
1339 2194 1404 2248 et
1436 2182 1691 2268 quando
1725 2181 1986 2267 Synodo
2033 2181 2250 2248 adesse
2297 2181 2600 2271 adstringi
2648 2180 2914 2269 possint.
2952 2218 2995 2231 -

325 2288 477 2352 177.
508 2285 804 2363 Quando,
859 2296 927 2351 et
973 2284 1051 2351 ad
1100 2305 1253 2372 quas
1300 2304 1539 2371 poenas
1587 2296 1806 2351 contra
1855 2286 2201 2373 Regulares
2247 2297 2610 2352 recusantes
2642 2285 2996 2371 Episcopus

318 2388 678 2475 procedere
709 2388 932 2476 possit.
985 2388 1244 2454 Parochi
1280 2388 1663 2454 dioeceseon
1697 2387 1962 2453 Nullius
1991 2390 2068 2456 ad
2103 2388 2430 2472 Synodum
2483 2388 2812 2454 vicinioris
2842 2388 2999 2473 Epi-

321 2491 498 2576 scopi
548 2491 858 2558 accedere
917 2502 1242 2558 tenentur.
1280 2527 1324 2541 -
1376 2495 1525 2558 178.
1581 2494 1771 2557 Casus
1831 2491 2121 2578 specialis
2182 2509 2401 2557 causae
2460 2493 2916 2557 Cremonensis.
2954 2527 2997 2539 -

323 2596 478 2661 179.
509 2593 753 2662 Bened.
783 2596 950 2660 xlv.
989 2612 1148 2681 opus
1181 2593 1746 2662 celebratissimum
1780 2593 1851 2659 de
1887 2593 2129 2677 Synodo
2162 2594 2533 2660 dioecesana
2567 2591 2991 2660 elucubravit.

481 2798 646 2869 148.
688 2794 1082 2871 Tridentini
1117 2795 1364 2870 Patres
1403 2797 1572 2890 Cap.
1602 2795 1679 2868 2.
1722 2795 2036 2868 ses3.24.
2070 2796 2154 2868 de
2184 2797 2490 2889 Reform.
2534 2796 2632 2866 ita
2670 2795 3000 2868 decreve-

323 2916 521 2981 runt.
568 2931 606 2975 ‹
644 2906 1114 2981 Provincialia
1165 2907 1472 2983 Concilia
1525 2907 1755 2980 sicubi
1806 2910 2068 2980 omissa
2120 2915 2316 2995 sunt,
2357 2927 2485 2999 pro
2538 2907 2997 2980 moderandis

323 3046 365 3088 ›
409 3021 754 3109 moribuS,
785 3021 1220 3112 corrigendis
1246 3019 1685 3107 excessibus,
1718 3021 2214 3092 controversiis
2240 3020 2780 3110 componendis,
2807 3019 3001 3090 aliis-

321 3157 363 3200 »
407 3151 551 3223 que
604 3153 694 3205 ex
746 3133 968 3203 sacris
1019 3131 1416 3204 canonibus
1462 3132 1822 3222 permissis
1873 3137 2334 3203 renoventur.
2375 3128 2607 3212 Quare
2644 3127 2997 3221 Metropo-

323 3270 363 3310 »
407 3246 617 3317 litani
671 3263 796 3338 per
847 3248 1145 3337 seipSOS‚
1185 3263 1340 3332 seu,
1381 3245 1524 3315 illis
1566 3243 1880 3334 legitime
1933 3242 2324 3335 impeditiS,
2363 3240 2834 3335 coepiscopus
2870 3260 3001 3312 an-

317 3384 358 3424 »
404 3357 677 3446 tiquior
727 3359 914 3429 intra
968 3376 1236 3429 annum
1314 3358 1407 3428 ad
1461 3357 1698 3426 minus
1750 3375 1789 3423 a
1857 3354 1997 3425 fine
2050 3354 2450 3445 praesentis
2517 3353 2859 3442 concilii,
2927 3360 2999 3425 et

320 3496 360 3536 »
408 3470 679 3541 deinde
731 3468 1054 3559 quolibet
1106 3470 1359 3541 saltem
1411 3467 1718 3540 triennio
1772 3473 1931 3557 post
1984 3472 2309 3539 octavam
2360 3463 2677 3538 Paschae
2730 3463 3000 3536 Resur-

315 3609 359 3649 »
405 3582 748 3654 rectionis
797 3578 885 3676 D.
925 3576 1013 3651 N.
1055 3576 1118 3651 I.
1161 3577 1268 3668 C.,
1307 3596 1433 3651 seu
1485 3579 1624 3650 alio
1677 3577 2149 3650 commodiore
2204 3585 2557 3669 tempore,
2625 3595 2752 3668 pro
2805 3571 3000 3647 more

311 3721 356 3764 ›
403 3695 846 3788 provinciae,
888 3711 1033 3764 non
1068 3691 1594 3783 praetermittat
1631 3685 1995 3780 Synodum
2032 3689 2106 3759 in
2141 3689 2507 3778 provincia
2542 3707 2672 3759 sua
2717 3702 2993 3779 cogere,

310 3832 356 3875 ›
406 3825 556 3896 quo
609 3803 944 3897 Episcopi
994 3821 1242 3875 omnes
1293 3809 1363 3874 et
1414 3802 1563 3889 alii,
1623 3802 1745 3891 qui
1799 3801 1888 3871 de
1938 3800 2090 3871 iure
2154 3799 2261 3871 vel
2315 3797 2837 3872 consue-tudine
2893 3798 3004 3868 in-

305 3944 351 3987 »
401 3927 681 3992 teresse
733 3916 1055 4001 debent,
1113 3915 1428 4005 exceptis
1480 3914 1616 4000 iis,
1681 3911 1947 4002 quibus
2016 3929 2175 3983 cum
2231 3912 2628 3984 imminenti
2683 3911 3000 4004 periculo

302 4057 348 4100 ›
399 4027 1024 4102 transfretandum
1062 4032 1277 4114 esset,
1310 4027 1686 4099 convenire
1721 4024 2012 4095 omnino
2047 4028 2455 4094 teneantur.
2489 4019 2634 4095 Nec
2668 4020 3003 4114 Episcopi

300 4171 345 4211 ›
397 4139 1050 4235 comprovinciales
1101 4146 1480 4231 praetextu
1517 4136 1899 4209 cuiuslibet
1935 4133 2474 4207 consuetudinis
2511 4135 2603 4205 ad
2651 4141 3005 4225 metropo-

295 4281 343 4318 ι
391 4256 713 4326 litanam
787 4252 1158 4324 ecclesiam
1229 4251 1304 4321 in
1355 4257 1715 4341 posterum
1794 4246 2129 4318 accedere
2184 4246 2388 4317 inviti
2448 4246 2997 4337 compellantur.

289 4395 334 4436 ›
387 4363 671 4437 Itidem
721 4362 1085 4455 Episcopi,
1128 4362 1254 4452 qui
1304 4362 1484 4434 nulli
1542 4358 2082 4449 Arcbiepiscopo
2135 4356 2641 4446 subiiciuntur‚
2685 4359 3005 4449 aliquem

283 4505 331 4549 ν
385 4476 725 4548 vicinum
778 4473 1406 4567 Metropolitanum
1477 4470 1694 4544 semel
1747 4469 2061 4559 eligant,
2121 4469 2195 4537 in
2249 4468 2454 4539 cuius
2504 4464 2790 4560 Synodo
2841 4489 3008 4564 pro-

282 4619 332 4662 »
381 4589 698 4661 vinciali
754 4606 915 4660 cum
968 4587 1127 4658 aliis
1179 4587 1522 4657 interesse
1574 4581 1917 4669 debeant,
1959 4584 2029 4651 et
2082 4597 2269 4668 quae
2321 4579 2422 4652 ibi
2468 4582 2799 4656 ordinata
2852 4581 3008 4654 fue-
