3497 5235
621 291 736 355 124
1372 291 1739 351 instructioni·
1780 287 1831 345 Β.
1859 287 2042 362 Oongr.
2070 293 2217 354 Onne.
2256 296 2526 371 expo-itio.

759 429 921 499 121.
981 425 1180 501 Inter
1214 428 1633 520 praecipuas
1666 447 1902 516 curaS‚
1943 429 2207 519 quibus
2242 427 2409 504 Pius
2459 429 2595 504 PP.
2629 429 2756 504 tx.
2798 433 2918 506 fel.
2953 454 3096 509 rec.
3139 457 3265 531 pro

608 540 949 633 singulari
1000 559 1128 613 suo
1163 540 1399 612 studio
1433 559 1598 632 erga
1634 541 2156 614 ecclesiasticae
2195 543 2612 634 disciplinae
2648 551 3264 621 conservationem

608 660 680 725 et
731 671 1090 725 sacrarum
1141 653 1597 725 scientiarum
1652 653 1918 726 cultum
1973 654 2306 728 continue
2360 658 2839 747 premebatur,
2879 662 3261 733 seminaria

611 784 752 837 non
811 766 1139 838 ultimum
1208 765 1577 838 habebant
1649 766 1918 854 locum,
1984 768 2084 840 uti
2148 769 2545 859 complura,
2619 770 3009 843 identidem
3070 773 3261 845 edita

606 879 924 951 eiusdem
987 885 1143 951 acta
1200 884 1579 951 testantur.
1636 874 2087 950 Potissimum
2159 898 2322 951 vero
2392 900 2553 954 aere
2614 900 2742 952 suo
2814 885 3262 975 gymnasium

606 992 869 1080 erexit,
926 999 1141 1081 atque
1211 990 1537 1063 fundavit
1606 987 2091 1082 Senogalliae‚
2166 1001 2355 1081 quae
2423 999 2624 1066 tanto
2675 995 2825 1066 cive
2887 995 3258 1087 gloriatur,

604 1104 934 1193 idemque
1003 1103 1370 1174 sodalibus
1422 1123 1460 1175 e
1514 1103 1864 1176 Societate
1918 1100 2119 1192 Iesu,
2194 1106 2361 1176 viris
2429 1106 2695 1198 optime
2752 1108 2840 1179 de
2892 1107 3263 1198 republica

602 1215 909 1286 literaria
964 1221 1036 1287 et
1088 1213 1401 1288 Ecclesia
1454 1216 1722 1288 meritis
1760 1215 2269 1288 moderandum
2308 1215 2792 1306 demandavit,
2834 1239 2917 1291 ac
2950 1216 3265 1291 Summis

600 1325 1061 1401 Pontificibus
1112 1327 1516 1400 immediate
1569 1328 1969 1400 subiectum
2023 1348 2178 1402 osse
2234 1329 2452 1402 voluit
2488 1331 2638 1401 suis
2674 1327 2928 1403 Literis
2972 1329 3267 1421 Aposto-

603 1441 755 1513 licis
790 1440 1009 1534 incip.
1048 1441 1484 1534 Senoqalliae
1525 1442 1589 1511 1.
1617 1441 1814 1531 Sept.
1846 1442 2056 1512 1853.
2089 1435 2304 1537 (Acta
2332 1442 2454 1514 Pii
2483 1441 2609 1514 IX.
2650 1442 2794 1514 Vol.
2828 1443 2879 1513 1.
2906 1440 3254 1538 p.523.).

602 1550 995 1626 Dolendum
1047 1560 1285 1626 tamen
1336 1553 1529 1641 quod
1575 1552 1871 1626 infando
1907 1572 2085 1625 ausu
2122 1551 2593 1646 Subalpinum
2635 1553 3056 1645 gubernium
3095 1573 3257 1626 cum

606 1665 676 1735 in
727 1663 860 1737 boc
911 1666 1368 1737 seminarium
1407 1670 1556 1736 tum
1596 1666 1668 1740 in
1705 1665 1844 1736 alia
1883 1666 2206 1739 instituta
2245 1686 2285 1736 a
2320 1664 2536 1738 SSiiio
2576 1665 2656 1737 D.
2688 1662 2775 1737 N.
2809 1661 3259 1758 Seuogalliae

601 1782 835 1849 erecta
871 1777 1250 1868 sacrilegas
1288 1794 1542 1850 manus
1579 1775 1954 1849 immittere
1990 1787 2132 1850 non
2168 1776 2764 1850 reformidaverit:
2820 1784 3261 1872 quapropter

600 1890 954 1961 Sanctitas
1005 1887 1146 1960 Sua
1197 1907 1282 1960 eo
1332 1887 1694 1959 redactam
1747 1907 1824 1959 se
1876 1891 2283 1983 comperiit,
2352 1896 2429 1962 ut
2484 1888 2918 1982 Apostolicas
2980 1887 3261 1962 Literas

599 2001 865 2088 ederet,
921 2000 1185 2091 quibus
1234 2000 1471 2071 omnia
1525 2001 1663 2071 iam
1718 2008 1933 2073 antea
1989 2002 2648 2074 munificentissime
2697 2003 3084 2075 constituta
3130 2002 3264 2074 ab·

600 2120 904 2205 rogaret.
961 2111 1133 2186 Vide
1193 2111 1622 2204 Apostolicas
1673 2110 1952 2184 Literas
2005 2114 2341 2205 incipien.
2384 2114 2674 2186 Maioris
2718 2114 3260 2206 Senoqalliensis

603 2224 698 2296 ΙΙ.
745 2225 904 2299 Kal.
951 2225 1227 2300 Decem.
1275 2228 1490 2298 1862.
1545 2222 1761 2324 (Acta
1800 2228 1921 2300 Pii
1958 2229 2085 2300 IX.
2128 2229 2342 2300 Pars.
2381 2228 2438 2298 Ι.
2480 2227 2617 2299 vol.
2653 2229 2784 2299 ΙΙΙ.
2836 2247 3004 2319 paq.
3040 2221 3261 2322 533.)

599 2338 1070 2412 Seminarium
1122 2341 1337 2411 etiam
1375 2339 1588 2412 Pium
1622 2359 1659 2411 a
1699 2359 1826 2411 suo
1867 2341 2147 2414 nomine
2201 2346 2693 2432 nuncupatum
2730 2341 2801 2409 in
2840 2339 3025 2409 alma
3067 2336 3261 2412 Urbe

599 2452 926 2526 fundavit
977 2454 1068 2526 ad
1122 2453 1348 2527 Aedes
1401 2453 1473 2526 S.
1518 2452 1972 2544 ApollinariS‚
2014 2472 2154 2543 quo
2191 2453 2617 2527 electissima
2668 2451 3109 2544 singulorum
3151 2458 3260 2524 to-

602 2567 740 2640 tius
791 2567 1195 2660 pontificiae
1245 2567 1532 2640 ditionis
1585 2566 1871 2658 ingenia
1922 2564 2014 2638 ad
2065 2565 2461 2639 studiorum
2499 2563 2925 2639 curriculum
2964 2581 3262 2636 accura-

598 2681 739 2752 tius
790 2681 1299 2771 perficiendum
1353 2682 1818 2770 recipiuntur,
1883 2679 2176 2755 sancitis
2243 2679 2788 2772 sapientissimis
2839 2677 2933 2749 ad
2982 2678 3259 2750 bonum

598 2792 750 2862 eius
802 2792 1113 2882 regimen
1166 2791 1836 2880 constitutioriibu5‚
1894 2791 2285 2881 additaque
2356 2790 2808 2862 iurisiurandi
2865 2792 3063 2881 lege,
3120 2798 3252 2877 ut,

595 2903 992 2976 studiorum
1042 2904 1387 2978 curriculo
1437 2905 1745 2995 explet0‚
1805 2905 1895 2975 ad
1946 2923 2114 2979 suas
2166 2906 2470 2994 quisque
2522 2905 2883 2977 dioeceses
2920 2902 3249 2988 redeant,

599 3016 839 3106 ibique
899 3022 1253 3108 perpetuo
1325 3022 1708 3105 maneant,
1775 3035 1910 3092 ceu
1962 3016 2315 3107 colligitur
2383 3035 2465 3087 ex
2524 3014 2941 3106 Apostolicis
2993 3011 3264 3086 Literis

593 3130 930 3220 incipien.
969 3130 1139 3203 Cum
1169 3131 1470 3201 Romani
1498 3129 1683 3201 datis
1719 3129 1834 3201 die
1861 3129 1952 3199 27
1966 3182 1983 3199 .
2010 3123 2172 3200 Iun.
2203 3129 2415 3199 1853.
2448 3122 2493 3222 (
2494 3128 2539 3197 l.
2568 3147 2630 3199 c.
2661 3128 2799 3200 vol.
2826 3129 2885 3198 1.
2910 3121 3259 3221 p.‹173.).

594 3237 896 3331 Insuper
945 3243 1105 3312 aliis
1156 3239 1413 3313 Literis
1463 3242 1606 3314 diei
1676 3243 1747 3313 3.
1792 3237 1950 3312 Oct.
2007 3240 2325 3312 eiusdem
2380 3240 2550 3311 anni
2604 3241 2822 3331 incip.
2882 3239 2989 3310 Ad
3054 3237 3267 3327 piam

590 3346 682 3446 (l.
725 3371 786 3423 c.
825 3370 897 3441 p.
938 3349 1151 3448 533.)
1200 3355 1545 3426 rationem
1582 3353 1981 3426 studiorum
2036 3353 2109 3423 iu
2161 3352 2421 3424 scholis
2474 3349 2819 3427 Pontificii
2875 3351 3263 3423 Seminarii

593 3461 895 3536 Romani
946 3466 1041 3538 ad
1110 3468 1181 3537 S.
1247 3466 1666 3556 Apollinaris
1713 3467 2129 3554 constituit,
2187 3484 2268 3538 eo
2320 3467 2737 3558 praesertim
2785 3463 3114 3551 consili0‚
3178 3471 3265 3536 ut

591 3583 993 3650 servaretur
1044 3579 1135 3650 ab
1191 3580 1498 3653 alumnis
1561 3580 1922 3652 seminarii
1973 3576 2077 3652 Pii
2133 3586 2202 3651 et
2255 3580 2456 3669 aliis,
2516 3581 2639 3670 qui
2699 3577 2775 3651 S.
2823 3577 3267 3669 Apollinaris

595 3692 961 3781 gymnasia
1012 3692 1405 3765 celebrant.
1465 3689 1732 3763 Eodem
1770 3691 2058 3781 auspice
2112 3709 2194 3761 ac
2246 3697 2573 3781 patrono,
2614 3690 2995 3765 seminaria
3033 3689 3263 3762 etiam

596 3803 668 3874 in
720 3800 908 3875 Urbe
955 3805 1259 3877 excitata
1295 3812 1463 3877 sunt
1500 3822 1627 3895 pro
1664 3801 1971 3874 alumnis
2004 3803 2322 3894 gentium
2360 3810 2790 3877 exterarum.
2831 3798 3029 3874 Inter
3065 3819 3270 3891 quae

594 3915 875 3988 silentio
927 3917 1312 4007 praeterire
1364 3935 1506 3988 non
1559 3933 1934 4005 possumus
2004 3933 2237 4005 neque
2307 3915 2675 4007 collegium
2738 3910 3269 3987 Pio-Latinum

594 4025 1084 4102 Americanum
1139 4047 1327 4101 anno
1385 4028 1598 4100 1858.
1651 4027 1808 4100 eius
1859 4028 2210 4120 sapientia
2263 4024 2531 4100 Romae
2585 4028 3080 4114 constitutum,
3135 4046 3275 4099 ae-

591 4139 803 4213 dibus
856 4141 1223 4234 coeinptiS‚
1281 4139 1712 4215 bibliotheca
1768 4141 2168 4212 lectissimis
2224 4139 2699 4212 voluminibus
2731 4139 2989 4226 ditata,
3032 4141 3269 4211 rusti-

590 4252 889 4324 cationis
939 4252 1145 4324 domo
1182 4252 1557 4340 attributa,
1597 4257 1668 4323 et
1703 4251 2038 4325 censibus
2076 4253 2423 4327 addictis:
2483 4270 2713 4343 neque
2749 4248 3098 4325 Gallicum
3138 4272 3271 4326 se-

591 4367 965 4440 minarium
1021 4367 1185 4439 item
1245 4364 1440 4437 Alma
1477 4365 1552 4439 in
1588 4362 1778 4437 Urbe
1825 4373 2172 4453 erectum,
2227 4364 2768 4457 congregationi
2822 4361 2895 4435 S.
2938 4362 3273 4455 Spiritus

587 4483 658 4549 et
707 4476 964 4551 SSn’iae
1015 4476 1216 4551 Cord.
1275 4475 1354 4550 B.
1398 4474 1493 4550 Μ.
1535 4475 1620 4548 V.
1680 4478 1815 4551 sub
1868 4478 2098 4553 tutela
2149 4475 2353 4550 Card.
2418 4475 2669 4553 Vicarii
2740 4479 3197 4555 commissum
3232 4535 3263 4571 ,

591 4590 805 4662 veluti
842 4591 1195 4682 colligitur
1246 4609 1333 4663 ex
1391 4590 1802 4681 Apostolicis
1852 4588 2110 4663 Literis
2161 4591 2377 4683 incip.
2422 4591 2503 4664 In
2558 4591 2839 4664 sublimi
2888 4589 3085 4665 Prid.
3127 4587 3261 4667 Id.

593 4698 732 4776 Iul.
782 4702 992 4774 1859.
1051 4697 1259 4796 (Vide
1296 4702 1472 4776 Acta
1508 4703 1627 4775 Pii
1664 4702 1791 4777 IX.
1839 4703 1924 4775 P.
1961 4703 2020 4775 I.
2074 4702 2217 4775 Vol.
2254 4700 2386 4776 III.
2419 4722 2590 4797 paq.
2626 4700 2811 4800 90.).
