3497 5235
527 290 599 354 12
726 364 733 371 ,
1323 290 1395 351 D·
1434 292 1733 351 visitstione
1773 291 2038 351 Sacrorum
2076 291 2336 351 himinum.

520 433 630 499 tos
682 428 988 499 visitare.
1050 455 1087 493 «
1124 423 1483 517 Numquid
1535 445 1657 499 vos
1708 427 1891 499 ultra
1929 426 2096 499 Daci
2131 422 2570 499 consistunt?
2623 433 2691 500 et
2744 434 2980 501 tamen
3030 445 3149 503 eo-

525 562 563 606 »
602 557 753 609 rum
810 535 1327 629 Metropolitani
1378 543 1450 610 et
1499 538 1683 609 idem
1738 539 2209 610 iuramentum
2264 543 2616 623 asserunt,
2673 544 2743 611 et
2793 539 3149 631 Apostolo-

527 676 563 718 ι
603 668 755 721 rum
809 646 1085 719 Limina
1137 666 1261 739 per
1311 647 1578 738 legatos
1627 666 1818 736 suoS‚
1875 666 2019 720 non
2072 655 2347 720 tantum
2397 664 2524 738 per
2571 649 2984 738 triennium,
3023 647 3149 722 sed

432 798 435 801 2
527 784 563 829 ›
601 762 900 851 singulis
954 762 1168 831 annis
1218 761 1533 831 visitant.
1570 785 1606 826 ιι

666 873 785 943 25.
844 866 1202 961 Eugenius
1253 866 1420 959 111„
1479 872 1598 961 qui
1654 872 2138 961 pontificatum
2191 872 2492 962 adeptus
2526 878 2634 944 est
2670 890 2857 944 anno
2902 870 3146 957 1145„

524 982 889 1073 epistolam
942 981 1126 1055 clero
1179 989 1248 1052 et
1301 982 1560 1074 populo
1620 982 2060 1053 Atrebatensi
2114 984 2562 1073 conscripsit,
2619 1000 2703 1054 ex
2757 1001 2898 1073 qua
2959 980 3158 1054 colli-

528 1096 738 1186 gitur,
793 1090 1215 1185 Episcopum
1275 1094 1803 1166 Atrebatensem
1857 1112 2043 1165 anno
2095 1095 2367 1166 circiter
2409 1094 2618 1166 1148.
2659 1092 2956 1167 Romam
2994 1111 3155 1184 pro-

526 1204 783 1277 fectum
821 1221 1000 1288 esse,
1060 1205 1422 1294 multaque
1473 1203 1759 1275 Summo
1811 1201 2129 1277 Pontifici
2183 1204 2271 1275 de
2322 1212 2510 1277 statu
2547 1224 2718 1278 suae
2753 1205 3153 1278 dioeceseos

524 1316 848 1387 retulisse
898 1310 1087 1413 (Vct.
1131 1315 1372 1407 script.
1428 1320 1483 1387 t.
1523 1314 1595 1386 2.
1648 1334 1724 1406 p.
1765 1313 1935 1386 228.
1981 1315 2184 1387 Gesta
2227 1316 2492 1387 Trevir.
2535 1309 2922 1413 Archiep.).

669 1427 788 1498 26.
846 1423 1250 1497 Hadrianus
1302 1420 1455 1512 1V.,
1513 1427 1632 1515 qui
1683 1424 2173 1517 pontificatum
2225 1426 2385 1497 iniit
2430 1428 2906 1515 ann01154.,
2947 1424 3156 1497 vehe-

528 1545 799 1609 menter
852 1538 1328 1626 conqueritur,
1372 1537 1560 1625 quod
1611 1531 2002 1627 Imperator
2052 1532 2446 1608 Fridericus
2496 1533 2589 1626 I.‚
2648 1555 2949 1627 quocum
3004 1555 3159 1627 gra-

526 1650 852 1721 vissimae
903 1648 1376 1720 dissensiones
1429 1648 2002 1733 intercesserant,
2057 1646 2364 1718 edictum
2419 1647 2956 1739 promulgasset,
3015 1664 3155 1737 quo

527 1756 888 1832 Romanas
940 1758 1537 1849 peregrinationes
1595 1756 2088 1829 interdicebat.
2146 1752 2255 1829 Ita
2309 1760 2527 1853 enim,
2565 1759 2792 1830 eidem
2860 1759 3159 1852 perscri-

529 1871 745 1943 bebat
798 1869 1093 1962 epistola
1146 1868 1213 1939 4.
1273 1869 1364 1940 ad
1426 1865 1854 1941 Fridericum
1923 1863 2424 1958 Imperatorem
2491 1865 2719 1966 (apud
2771 1869 3158 1943 Labbaeum

534 1989 699 2054 tom.
737 1980 851 2053 13.
893 1981 1022 2052 col.
1060 1979 1174 2051 18.
1217 1979 1383 2051 edit.
1431 1974 1729 2074 Venet.).·
1786 2001 1822 2045 ‹
1863 1977 2045 2050 Sane
2099 1980 2288 2068 quod
2339 1981 2782 2072 postmodum
2822 1997 3157 2072 personas

535 2118 573 2162 ν
612 2092 1124 2164 ecclesiasticas
1170 2109 1216 2160 a
1268 2090 1508 2163 debita
1556 2097 2047 2163 sacrosanctae
2097 2087 2464 2165 Romanae
2510 2089 2864 2165 Ecclesiae
2916 2093 3157 2164 visita-

540 2228 576 2271 »
615 2204 847 2292 tione,
904 2208 983 2274 ut
1034 2203 1313 2290 dicitur,
1369 2220 1694 2275 revocare
1746 2203 2055 2292 iussisti,
2109 2203 2167 2274 si
2219 2205 2315 2275 ita
2368 2210 2499 2292 est,
2555 2222 2769 2294 quam
2830 2204 3159 2275 inconve-

539 2340 577 2384 ν
621 2315 891 2386 nienter
943 2323 1176 2385 actum
1229 2315 1344 2401 sit,
1400 2319 1550 2401 tua,
1606 2313 1702 2384 fili
1757 2314 1831 2384 in
1882 2310 2150 2384 Christo
2202 2314 2633 2404 charissime,
2690 2316 3043 2401 discreti0,
3083 2318 3164 2385 ut

540 2450 578 2494 ν
619 2425 1009 2514 credimus,
1065 2426 1523 2516 recognoscit.
1579 2421 1759 2495 Nam
1808 2425 1867 2495 si
1921 2423 2189 2514 aliquid
2241 2426 2432 2517 apud
2483 2444 2610 2497 nos
2672 2425 3164 2497 amaritudinis

543 2562 580 2605 »
620 2538 963 2625 habebaS,
1022 2556 1143 2629 per
1183 2538 1463 2609 nuntios
1514 2544 1584 2608 et
1637 2537 1875 2608 literas
1909 2543 2069 2608 tuas
2104 2536 2308 2609 nobis
2344 2536 2572 2609 fuerat
2608 2537 3156 2609 intimandum.»

540 2646 671 2721 Hic
720 2653 1083 2743 speciatim
1122 2649 1441 2721 adnotari
1481 2648 1692 2722 debet
1745 2647 2160 2720 vocabulum
2196 2648 2371 2720 illud
2407 2649 2669 2731 debita,
2703 2650 2893 2720 unde
2928 2655 3164 2719 osten-

541 2761 758 2847 ditur,
800 2762 1269 2833 visitationem
1306 2760 1400 2842 ab
1424 2755 1855 2850 Imperatore
1882 2756 2232 2832 Friderico
2271 2760 2741 2850 interdictam,
2775 2779 2916 2832 non
2953 2758 3168 2830 fuisse

543 2879 779 2944 actum
830 2872 1302 2944 voluntarium
1338 2878 1409 2944 et
1445 2871 1772 2961 liberum,
1811 2870 1937 2942 sed
1970 2869 2419 2963 obligationis
2469 2874 2608 2944 vim
2659 2870 3043 2943 habentem
3097 2873 3168 2940 et

543 2992 916 3075 propterea
970 2983 1470 3055 necessarium.

690 3096 810 3168 27.
851 3091 1047 3167 Inter
1084 3089 1477 3166 Innocentii
1513 3088 1646 3163 111.
1688 3090 2055 3185 Rescripta
2091 3113 2312 3166 unum
2347 3099 2605 3183 exstat,
2644 3093 2832 3185 quod
2867 3091 3172 3186 pertinet

546 3206 637 3280 ad
691 3204 1165 3278 Patriarcham
1222 3202 1758 3293 Antiochenum,
1816 3206 1937 3296 qui
1991 3222 2149 3276 cum
2200 3206 2396 3277 iuxta
2433 3204 2931 3296 obligationem
2966 3217 3194 3273 suamw

548 3323 799 3408 quarto
852 3332 1134 3406 quoque
1185 3333 1371 3386 anno
1425 3316 1516 3387 ad
1566 3315 1918 3388 visitanda
1971 3314 2457 3407 Apostolorum
2511 3314 2815 3403 Limina,
2870 3313 3175 3386 redden-

548 3430 857 3517 damque
909 3428 1249 3497 rationem
1302 3424 1389 3497 de
1440 3426 2050 3500 administratione
2099 3429 2436 3500 ecclesiae
2486 3445 2657 3500 suae
2706 3423 3004 3497 Romam
3056 3441 3180 3495 ve-

550 3542 701 3613 nire
753 3537 1141 3623 debuisset,
1199 3553 1429 3626 neque
1481 3537 1581 3624 id,
1636 3539 1844 3610 certis
1896 3539 2414 3630 impedimentis
2464 3536 3002 3625 obsistentibuS,
3058 3551 3182 3607 ex-

549 3659 835 3726 secutus
886 3648 1159 3734 fnisset,
1214 3651 1704 3723 excusationes
1739 3669 1905 3722 suas
1938 3647 2256 3722 Pontifici
2295 3652 2618 3739 miserat3
2677 3651 2800 3741 qui
2846 3666 3020 3721 sane
3058 3662 3181 3718 eas

552 3762 858 3855 benigne
910 3760 1220 3848 admisit,
1276 3761 1401 3832 sed
1452 3760 1660 3832 simul
1715 3758 2194 3832 Patriarcbam
2229 3761 2622 3850 admonuit,
2679 3779 2769 3833 ne
2822 3762 2895 3832 in
2946 3765 3183 3849 poste-

553 3893 707 3948 rum
758 3893 886 3946 suo
936 3872 1164 3945 officio
1202 3871 1501 3945 deesset.
1543 3871 1731 3945 Facti
1770 3874 1985 3944 series
2022 3874 2396 3964 exponitur
2447 3876 2518 3945 in
2557 3872 2866 3946 Historia
2904 3868 3175 3959 Pontis.

560 3987 818 4059 Iurisd.
854 4003 1066 4076 quam
1096 3984 1317 4056 edidit
1358 3979 1646 4057 Roussel
1683 3979 1843 4079 (lib.
1865 3985 1938 4057 3.
1962 4004 2119 4076 cap.
2145 3984 2211 4055 1.
2240 4005 2313 4057 n.
2335 3980 2488 4081 11).
2526 3986 2685 4057 Vide
2706 3983 2960 4057 Bened.
2989 3978 3178 4053 XIV.

560 4097 609 4169 i.
641 4115 702 4167 c.
745 4096 865 4167 lib.
901 4095 1019 4169 13.
1062 4114 1216 4187 cap.
1253 4094 1322 4167 6.

699 4208 822 4279 28.
860 4204 1211 4278 Honorius
1247 4201 1382 4277 ΙΙΙ.
1426 4202 1730 4278 Gerardo
1767 4203 2110 4299 Episcopo
2146 4202 2554 4279 Tridentino
2589 4224 2716 4298 per
2750 4202 3186 4296 Apostolicas

557 4314 831 4391 Literas
867 4317 1070 4389 datas
1106 4313 1352 4389 Idibus
1390 4313 1677 4389 Ianuar.
1711 4317 1919 4389 1224.
1965 4319 2300 4410 incipien.
2345 4319 2471 4391 Dei
2497 4316 2978 4410 providentia,
3006 4330 3190 4405 quae

562 4431 894 4523 leguntur
938 4416 1128 4521 apud
1167 4428 1557 4522 Ugbellium
1596 4426 1773 4525 (vol.
1815 4431 1892 4502 V.
1924 4451 2094 4524 paq.
2123 4430 2288 4504 604.
2321 4431 2487 4503 edit.
2530 4427 2803 4528 Vertat.)
2839 4428 3185 4519 indulget,

565 4565 603 4608 ι
642 4549 721 4615 ut
774 4561 895 4634 per
943 4562 1018 4615 se
1087 4542 1194 4614 vel
1266 4562 1389 4635 per
1442 4545 1772 4616 nuntium
1825 4544 2105 4614 nonnisi
2158 4542 2247 4614 de
2298 4543 2605 4615 triennio
2674 4542 2748 4614 in
2799 4541 3191 4613 triennium

569 4676 607 4728 ν
652 4655 930 4733 visitare
982 4649 1229 4728 Sedem
1269 4655 1730 4749 Apostolicam
1785 4659 2220 4728 teneatur».
