3497 5235
522 262 602 326 52
1265 259 1637 321 mantioni-
1672 261 1725 321 8.
1757 223 1937 337 doner.
1967 260 2112 322 ῦοιο.
2152 258 2421 338 expositio.

669 398 739 472 4.
780 395 979 472 Idem
1027 394 1352 470 Pontifex
1401 415 1583 470 nova
1634 398 1806 470 item
1858 397 2130 471 ratione
2183 398 2551 473 constituit
2598 396 2919 474 Bavarici
2971 401 3177 493 regni

524 517 911 603 dioeceseS‚
966 512 1297 604 precibus
1348 511 1604 585 ductus
1652 512 2084 584 serenissimi
2128 507 2449 587 Bavarici
2497 514 2683 605 regis
2737 532 2864 605 per
2899 511 3177 588 Literas

532 628 961 721 Apostolicas
1019 623 1433 697 Benedictus
1488 623 1667 694 Deus
1720 623 1905 713 prid.
1941 617 2050 697 Id.
2085 621 2261 698 Nov.
2303 625 2474 697 anni
2514 625 2731 696 1817.

669 740 741 811 5.
782 736 1076 811 Petente
1129 732 1432 807 victorio
1483 730 1978 824 Emmanuele‚
2034 734 2404 811 Sardiniae
2456 753 2647 829 rege,
2706 756 2833 829 per
2882 736 3177 829 Aposto-

525 854 700 926 licas
762 848 1037 923 Literas
1088 846 1290 920 Beati
1343 847 1546 919 Petri
1613 843 1803 918 XVI.
1862 844 2029 920 Kal.
2092 847 2267 941 Aug.
2324 847 2642 923 eiusdem
2710 851 2880 922 anni
2954 850 3169 922 1817.

526 965 861 1039 ecclesias
910 959 1378 1033 Novarienses
1430 963 1503 1030 et
1553 955 2105 1050 Viglevanenses
2155 960 2507 1035 subtraxit
2575 980 2617 1033 a
2688 960 3172 1035 iurisdictione

535 1073 1053 1165 Arcbiepiscopi
1105 1067 1678 1160 MediolanensiS‚
1735 1070 2167 1162 easdemque
2216 1073 2799 1164 metropolitanae
2836 1073 3175 1147 ecclesiae

530 1185 1007 1259 vercellarum
1045 1183 1532 1273 suffraganeas
1569 1182 1980 1270 eonstituit3
2038 1183 2205 1255 item
2242 1183 2486 1273 aliqua
2519 1184 2674 1257 loca
2711 1188 2780 1257 et
2812 1184 3180 1275 paroecias

531 1318 573 1370 a
626 1297 927 1371 dioecesi
981 1292 1491 1369 Mediolanensi
1545 1298 1616 1364 et
1673 1290 2025 1366 Ticinensi
2076 1294 2449 1385 disiunxit,
2488 1302 2560 1369 et
2595 1295 2900 1369 dioecesi
2949 1292 3185 1368 Nova-

529 1410 791 1499 riensi,
856 1408 967 1480 vel
1021 1404 1517 1497 Viglevanensi
1579 1405 1990 1498 aggregavit
2055 1407 2610 1496 coniunxitque:
2683 1425 2771 1480 ex
2822 1424 2960 1498 quo
3013 1424 3184 1479 eon-

532 1523 848 1596 ventioni
884 1538 1044 1591 mox
1082 1517 1347 1589 relatae
1400 1534 1561 1589 cum
1610 1513 2072 1609 Propraeside
2122 1518 2556 1609 reipublicae
2604 1515 2899 1592 Italicae
2935 1517 3179 1609 aliqua

533 1633 936 1707 immutatio
986 1629 1186 1702 illata
1239 1634 1373 1701 est.

678 1746 748 1816 6.
789 1742 923 1817 Per
964 1739 1238 1816 Literas
1289 1738 1726 1829 Apostolicas
1779 1741 2198 1834 incipientes
2250 1745 2332 1816 In
2394 1761 2711 1837 supremo
2758 1739 2941 1816 Non.
2998 1739 3187 1815 Mar-

533 1861 613 1932 tii
654 1857 865 1929 1817.
922 1852 1297 1929 conventio
1348 1869 1507 1924 cum
1561 1852 1932 1943 utriusque
1986 1848 2263 1926 Siciliae
2333 1872 2499 1946 rege
2566 1856 2744 1929 inita
2808 1854 3185 1930 confirma-

534 1970 799 2042 tionem
870 1964 1127 2039 babuit
1156 2015 1177 2051 ‚
1233 1981 1376 2052 qua
1428 1967 1712 2035 cautum
1776 1972 1927 2053 est,
1983 1971 2063 2038 ut
2115 1965 2289 2037 citra
2359 1965 2662 2056 pharum
2731 1984 2911 2038 nova
2978 1966 3184 2039 fieret

536 2082 953 2156 dioeceseon
1006 2074 1582 2164 circumscriptio.
1641 2071 1728 2147 In
1781 2076 2048 2149 ditione
2123 2093 2287 2150 vero
2336 2084 2540 2151 trans
2608 2077 2908 2169 pharum
2978 2078 3184 2151 sedes

538 2186 1173 2281 archiepiscopales
1209 2192 1278 2258 et
1314 2187 1750 2278 episcopales
1787 2194 2246 2261 conservatae
2281 2197 2479 2281 sunt,
2512 2198 2728 2281 atque
2762 2189 2941 2262 adeo
2968 2192 3184 2262 etiam

538 2306 912 2377 adauctae.
971 2298 1317 2371 Abbatiae
1384 2298 1667 2388 aliquae
1719 2301 2039 2382 Nullius,
2099 2318 2288 2391 quae
2354 2301 2800 2393 angustiores
2859 2305 3064 2372 erant
3114 2306 3188 2372 et

538 2415 1028 2510 pauperioreS‚
1068 2408 1539 2498 dioecesibu5‚
1571 2429 1875 2501 quarum
1912 2413 1985 2484 in
2020 2410 2287 2484 finibus
2321 2410 2898 2500 continebantur,
2930 2413 3189 2484 unien-

541 2528 675 2600 dae
712 2531 941 2598 erant.
998 2522 1292 2596 Petente
1342 2522 1476 2594 boc
1524 2522 1773 2595 eodem
1817 2524 2334 2615 religiosissimo
2368 2543 2533 2617 rege
2571 2525 2750 2597 aliae
2787 2542 3072 2614 quoque
3108 2526 3183 2599 in

543 2640 779 2713 Sicilia
832 2635 1468 2727 archiepiscopales
1517 2642 1585 2708 et
1638 2636 2075 2728 episcopales
2125 2637 2505 2711 cathedrae
2550 2643 2827 2710 erectae
2865 2635 3180 2712 fuerunt.

688 2753 758 2822 7.
799 2746 992 2821 Nova
1045 2750 1337 2840 insuper
1387 2748 1940 2839 circumscriptio
1985 2749 2399 2823 dioeceseon
2438 2747 2529 2820 ab
2565 2747 2815 2822 eodem
2846 2747 3188 2823 Pontifice

543 2864 854 2957 perfecta
908 2868 1016 2934 est
1083 2862 1157 2933 in
1225 2878 1437 2952 regno
1498 2855 1870 2934 Borussico
1920 2879 2047 2952 per
2101 2861 2534 2953 Apostolicas
2592 2858 2868 2934 Literas
2922 2863 3021 2934 De
3072 2881 3189 2933 sa·-

544 2980 682 3050 lute
732 2977 1142 3049 animarum
1196 2968 1424 3045 xvll.
1482 2969 1647 3044 Kal.
1695 2971 1869 3065 Aug.
1917 2974 2128 3045 1822.
2182 2971 2603 3045 Dioeceseon
2653 2969 3187 3045 Hannoveriani

545 3090 742 3182 regni
795 3086 1511 3176 circumscriptionem
1566 3087 1837 3176 peregit
1896 3103 1956 3156 S.
1997 3103 2093 3156 m.
2138 3081 2281 3157 Leo
2316 3079 2481 3155 XII.
2557 3101 2681 3176 per
2754 3082 3187 3175 Apostolicas

543 3199 817 3275 Literas
867 3200 1084 3291 incip.
1145 3200 1469 3288 Impense
1524 3196 2000 3269 Romanorum
2045 3191 2207 3268 VII.
2248 3194 2413 3267 Kal.
2462 3195 2624 3287 Apr.
2673 3195 2884 3268 1824.

690 3314 761 3384 8.
805 3307 1001 3383 Idem
1055 3307 1386 3381 Summus
1433 3306 1757 3380 Pontifex
1795 3326 1919 3398 per
1955 3305 2229 3381 Literas
2267 3307 2701 3399 Apostolicas
2763 3308 2961 3392 Quod
3011 3307 3194 3381 iam-

544 3427 669 3498 diu
717 3419 885 3495 XII.
942 3419 1105 3493 Kal.
1165 3418 1361 3510 Sept.
1422 3420 1593 3491 anni
1652 3420 1863 3491 1827.
1922 3420 2464 3492 conventionem
2516 3437 2673 3491 cum
2738 3438 2904 3510 rege
2965 3414 3189 3512 Belgii

546 3534 1013 3621 confirmavit,
1071 3549 1197 3623 per
1248 3547 1464 3621 quam
1501 3530 1640 3603 alia
1678 3531 2055 3604 conventio
2089 3532 2260 3602 anni
2302 3531 2513 3622 1891.
2554 3531 2730 3603 inita
2768 3533 2954 3604 inter
2987 3532 3194 3604 Sum-

545 3667 739 3719 mum
764 3644 1174 3718 Pontificem
1210 3640 1409 3716 Pium
1438 3638 1597 3715 VII.
1641 3650 1711 3716 et
1750 3642 2170 3734 gubernium
2204 3639 2675 3750 Gallicanum,
2716 3661 2900 3733 quae
2934 3643 3010 3715 in
3045 3663 3196 3717 me-

544 3758 1011 3834 ridionalibus
1061 3757 1260 3849 regni
1311 3750 1576 3848 Belgici
1627 3755 2007 3847 provinciis
2058 3753 2379 3846 vigebat,
2435 3755 2528 3828 ad
2597 3755 3194 3846 septentrionales

543 3871 945 3966 provincias
998 3869 1335 3961 ampliata
1389 3873 1461 3939 et
1511 3867 1871 3958 applicata
1923 3871 2055 3939 est.

690 3988 762 4058 9.
806 3985 1065 4057 SSmus
1114 3980 1197 4054 D.
1231 3976 1318 4051 N.
1352 3974 1520 4052 Pius
1542 3976 1677 4051 ΡΡ.
1709 3976 1839 4050 ΙΧ.
1881 3985 2041 4070 post
2075 3978 2326 4053 initam
2352 3996 2512 4052 cum
2548 3979 2970 4071 imperatore
3004 3975 3197 4052 Rus-

546 4100 810 4172 siarum
845 4094 1383 4170 conventionem
1436 4110 1564 4164 sua
1616 4089 2131 4167 Constitutione
2181 4092 2401 4184 incip.
2448 4091 2880 4164 Universalis
2925 4091 3064 4164 diei
3101 4087 3187 4164 V.

543 4209 726 4285 Non.
768 4206 933 4282 Iulii
974 4208 1184 4280 1848.
1227 4205 1847 4295 metropolitanam
1907 4204 2275 4279 ecclesiam
2345 4200 2922 4275 Mobiloviensem
2990 4203 3198 4275 insti-

546 4325 711 4415 tuit,
768 4323 973 4414 eique
1021 4327 1296 4411 septem
1345 4316 1831 4410 suffraganeas
1882 4317 2214 4391 ecclesias
2248 4315 2575 4402 subiecit,
2617 4331 2918 4403 quarum
2954 4320 3188 4405 sexta,

546 4453 801 4526 nempe
830 4432 1356 4521 ChersonensiS,
1383 4429 1469 4506 de
1498 4449 1678 4504 novo
1716 4449 1845 4523 per
1869 4430 2154 4503 easdem
2183 4426 2458 4501 Literas
2487 4423 2887 4499 creabatur.
2921 4422 3196 4500 Deinde

549 4566 675 4642 per
726 4546 1158 4640 Apostolicas
1210 4542 1484 4618 Literas
1543 4545 1881 4636 incipien.
1948 4541 2055 4615 Ad
2106 4541 2454 4614 vicariam
2513 4534 2696 4610 Non.
2757 4533 3197 4627 Septembris

550 4678 668 4735 an.
717 4658 928 4732 1851.
987 4655 1522 4732 conventionem
1576 4675 1736 4729 cum
1789 4655 2030 4749 regina
2065 4650 2568 4743 Hispaniarum
2606 4649 2749 4722 iam
2785 4649 3196 4723 conclusam
