3497 5235
544 301 660 366 460
1287 300 1658 360 lustrationis
1700 301 1754 360 8.
1784 299 1967 374 (longr.
1999 301 2146 362 Oeno.
2187 300 2457 376 expositio.

694 441 766 510 3.
828 462 866 506 ›
905 437 1126 512 Emus
1194 446 1267 512 et
1317 434 1544 510 Rt‘nus
1596 433 1681 507 D.
1723 434 2121 508 Cardinalis
2171 435 2461 508 Alexius
2510 432 2796 525 Billiet‚
2857 434 3214 527 Archiepi-

550 575 588 618 »
628 569 888 643 scopus
955 549 1477 622 Camberiensis
1528 571 1569 622 a
1624 547 1837 620 Sacra
1908 545 2204 621 Rituum
2275 547 2835 640 congregatione
2906 534 3245 637 sequens

550 689 588 732 »
628 663 927 735 dubium
979 662 1328 735 declarari
1382 662 1629 753 petiit:
1674 663 1745 732 in
1783 660 2231 733 dioecesibus
2275 657 2686 733 Sabaudiae
2738 667 3215 751 opportunum

549 803 588 843 »
629 776 855 847 visum
895 780 1046 863 est,
1087 781 1167 845 ut
1204 774 1327 845 illa
1365 771 1574 845 Missa
1629 771 1887 845 diebus
1937 769 2324 843 Dominicis
2376 778 2448 844 et
2501 771 2774 844 festivis
2822 770 3217 860 applicetur

549 911 589 958 ›
629 905 755 978 pro
807 888 1069 979 populo
1094 939 1114 975 ,
1173 889 1285 957 cui
1339 886 1650 980 populus
1683 886 1837 975 ipse
1875 885 2158 956 adstare
2195 883 2590 969 consuevit,
2630 889 2702 954 et
2740 881 3000 954 idcirco
3044 881 3217 952 haec

553 1022 591 1062 ι»
633 998 1016 1089 applicatio
1069 998 1151 1071 fit
1202 1019 1243 1069 a
1295 1000 1583 1086 vicari0‚
1641 997 1931 1087 quando
1967 996 2028 1067 is
2062 996 2488 1069 alternative
2521 991 2810 1066 Missam
2846 992 3219 1084 parochia-

550 1134 589 1177 »
629 1110 769 1182 lem
823 1108 1162 1182 celebrat.
1220 1107 1408 1181 Hinc
1459 1110 1871 1199 quaeritur:

688 1220 752 1293 Ι.
797 1249 834 1292 ›
884 1223 985 1294 An
1037 1223 1382 1295 eiusmodi
1439 1241 1612 1294 usus
1663 1222 1933 1293 servari
1987 1226 2059 1292 et
2109 1221 2402 1293 retineri
2454 1212 2728 1311 possit?

691 1328 793 1404 ΙΙ.
840 1358 878 1403 >
920 1331 1172 1407 Utrum
1225 1334 1608 1427 applicatio
1678 1334 1830 1405 fieri
1899 1350 2179 1422 semper
2231 1332 2494 1404 debeat
2544 1350 2587 1401 a
2640 1329 2950 1421 parocho
3003 1328 3217 1400 etiam

552 1470 589 1513 ›
627 1446 965 1537 privatim
1016 1440 1472 1518 celebrante?
1629 1520 1632 1523 ,

702 1581 741 1624 »
782 1554 855 1628 S.
900 1554 993 1627 R.
1032 1554 1108 1628 C.
1151 1558 1266 1629 die
1301 1558 1424 1629 20.
1464 1553 1802 1629 Decemb.
1851 1558 2065 1630 1864.
2123 1554 2660 1629 rescribendum
2714 1552 3042 1625 censuit:

699 1693 737 1737 ι
780 1667 884 1741 Ad
936 1666 1047 1739 1.:
1101 1666 1469 1762 Negative.
1538 1667 1639 1741 Ad
1688 1665 1842 1739 11.:
1908 1666 2337 1741 Affirmative
2389 1668 2587 1739 iuxta
2660 1666 2841 1736 alias
2898 1664 3211 1736 decreta.

550 1804 588 1849 >
629 1778 1057 1875 (Gardellini
1111 1800 1309 1853 num.
1351 1776 1639 1876 5341).

692 1892 763 1962 4.
811 1916 850 1959 ν
889 1887 976 1963 In
1013 1891 1355 1964 relatione
1406 1899 1640 1966 status
1690 1892 2033 1965 ecclesiae
2084 1887 2172 1962 N.
2214 1889 2612 1981 Episcopus
2664 1887 3037 1979 exposuit,
3095 1907 3222 1960 an-

548 2026 586 2071 »
627 2004 900 2093 tiquam
957 2003 1190 2095 vigere
1243 2004 1866 2092 consuetudinem,
1908 2011 1987 2076 ut
2041 2003 2331 2096 parochi
2372 2004 2444 2074 in
2480 1999 2869 2074 Dominicis
2913 2001 3218 2091 aliisque

545 2138 583 2182 ι
624 2113 824 2186 festis
875 2114 1134 2188 diebus
1186 2116 1275 2188 de
1330 2124 1711 2207 praecepto
1765 2123 2060 2188 cantent
2126 2112 2415 2187 Missam
2483 2112 3213 2202 Confraternitatum,

546 2248 585 2291 ν
626 2243 812 2315 quae
865 2227 940 2297 in
992 2243 1238 2298 eorum
1276 2227 1799 2316 paroecialibus
1836 2228 2153 2303 ecclesiis
2188 2233 2468 2301 erectae
2503 2234 2702 2315 sunt,
2744 2224 3219 2316 eamdemque

550 2362 588 2403 ι»
628 2333 916 2408 Missam
971 2357 1113 2410 non
1166 2339 1457 2429 quidem
1511 2358 1636 2432 pro
1690 2340 1956 2431 populo
1991 2341 2167 2431 ipsis
2203 2340 2577 2412 commisso
2629 2335 3035 2429 applicare,
3094 2336 3220 2408 sed

549 2473 587 2517 »
630 2448 831 2519 iuxta
884 2456 1196 2521 mentem
1251 2469 1522 2540 eorum,
1566 2451 1831 2541 quibus
1867 2450 2359 2524 solemnitates
2394 2449 2788 2524 celebrant.
2831 2448 3010 2520 Cum
3054 2466 3217 2521 vero

551 2584 590 2628 ι»
630 2556 1025 2654 Episcopus
1066 2561 1140 2632 in
1176 2581 1322 2634 una
1358 2563 1695 2655 pastorali
1750 2563 2108 2655 encyclica
2162 2563 2568 2636 huiusmodi
2622 2561 3215 2635 consuetudinem

548 2698 587 2739 ›
628 2671 934 2744 abusum
988 2675 1387 2762 vocaverit,
1461 2676 1953 2766 parochosqne
2025 2675 2134 2748 vel
2206 2692 2334 2766 per
2383 2694 2503 2763 se,
2559 2675 2719 2762 vel,
2775 2674 2835 2744 si
2891 2672 3215 2764 impediti

544 2808 583 2851 ν
625 2782 916 2872 fuerint,
973 2803 1101 2876 per
1151 2786 1373 2857 alium
1425 2783 1712 2858 Missam
1768 2805 1895 2877 pro
1947 2788 2212 2877 populo
2265 2788 2625 2877 applicare
2695 2785 2924 2858 teneri
2980 2785 3213 2858 decla·

543 2920 582 2963 »
623 2903 874 2983 rasset‚
932 2896 1221 2987 paroohi
1276 2915 1421 2969 non
1474 2899 1683 2989 pauci
1736 2904 2412 2988 repraesentarunt,
2455 2897 2526 2969 id
2563 2897 2715 2969 fieri
2772 2914 2917 2967 non
2954 2914 3206 2987 posse3

544 3031 581 3073 »
623 3025 847 3095 quare
900 3008 1127 3079 visum
1167 3008 1692 3098 quodammodo
1727 3017 1836 3082 est
1873 3006 2249 3101 Episcop0,
2292 3027 2498 3100 posse
2536 3008 2885 3101 parochos
2921 3014 3208 3080 cantare

541 3143 580 3186 ν
620 3114 907 3191 Missam
961 3118 1668 3208 Confraternitatum,
1726 3123 2052 3194 eamdem
2106 3121 2556 3212 applicantes
2606 3137 2735 3210 pro
2785 3119 3085 3213 popu10,
3133 3124 3205 3190 et

541 3255 580 3298 »
620 3230 837 3302 aliam
888 3227 1175 3303 Missam
1230 3231 1591 3304 celebrare
1643 3232 1759 3305 die
1812 3232 2040 3305 feriali
2094 3233 2278 3305 infra
2317 3231 2848 3304 hebdomadam
2883 3249 3050 3302 cum
3084 3250 3206 3324 ap-

539 3366 577 3410 »
617 3342 1004 3432 plicatione
1057 3342 1255 3414 iuxta
1307 3343 1779 3415 intentionem
1834 3342 2541 3418 Confraternitatum.
2616 3345 2912 3416 SSmum
2966 3345 3206 3433 itaque

538 3477 577 3520 ν
619 3451 704 3523 D.
748 3450 835 3524 N.
893 3452 1320 3545 adprecatus
1370 3459 1506 3542 est,
1563 3461 1643 3527 ut
1696 3455 2062 3528 declarare
2098 3457 2545 3547 dignaretur,
2588 3474 2680 3526 an
2718 3455 2913 3527 dicta
2952 3453 3211 3547 agendi

538 3589 576 3633 ι
617 3566 799 3636 ratio
851 3564 1137 3656 probari
1195 3573 1609 3654 mereretur,
1666 3585 1875 3639 secus
1928 3569 2328 3658 provideret
2383 3568 2737 3659 sapientia
2791 3587 2953 3656 sua,
3005 3571 3209 3658 prout

540 3700 578 3743 2>
622 3675 876 3747 melius
929 3677 1003 3748 in
1055 3675 1353 3749 Domino
1404 3680 1742 3771 expedire
1799 3680 2210 3751 iudicasset.
2269 3678 2634 3770 Proposito
2689 3679 2906 3770 igitur
2957 3678 3199 3751 dubio:

544 3810 582 3854 »
624 3785 730 3857 An
783 3794 855 3859 et
907 3791 1262 3877 quomodo
1313 3783 1753 3863 sustineatur
1821 3792 2265 3864 consuetudo
2318 3794 2391 3865 in
2445 3787 2670 3864 casu?
2723 3788 2797 3863 S.
2857 3789 2935 3862 C.
2993 3789 3201 3862 Conc.

541 3921 580 3964 »
623 3898 737 3970 die
775 3902 897 3971 30.
941 3898 1103 3972 Maii
1147 3903 1360 3972 1867.
1402 3902 1811 3993 respondit:
1869 3899 2239 3995 Negative‚
2298 3909 2369 3976 et
2406 3903 2498 3975 ad
2536 3909 2873 3976 mentem.
2921 3927 2959 3972 >
2998 3900 3205 3998 <Acta

537 4010 611 4081 S.
655 4011 856 4083 Sedis
909 4013 1047 4083 vol.
1089 4009 1227 4083 ΙΙΙ.
1267 4032 1434 4105 pag.
1475 4010 1666 4109 97.).

684 4124 756 4194 5.
803 4146 840 4188 ι
879 4121 1273 4216 Episcopus
1308 4121 1395 4195 N.
1439 4145 1479 4196 a
1516 4123 1589 4196 S.
1634 4124 1710 4197 C.
1754 4123 1828 4197 C.
1870 4127 2323 4216 sequentium
2354 4126 2733 4200 dubiorum
2776 4128 3207 4201 solutionem

539 4259 578 4302 ι»
620 4235 1080 4326 efflagitavit:

683 4343 746 4417 1.
792 4372 829 4415 ›
895 4346 995 4418 An
1047 4348 1401 4438 parochus
1453 4348 1567 4420 die
1619 4347 1801 4421 festo
1855 4369 1895 4420 a
1932 4368 2062 4421 sua
2114 4350 2451 4440 parochia
2489 4349 2758 4422 absens
2808 4349 3214 4423 satisfaciat

537 4482 573 4524 »
617 4477 792 4530 suae
853 4458 1271 4551 obligationi
1339 4457 1627 4532 Missam
1702 4461 2131 4534 celebrando
2185 4480 2311 4553 pro
2363 4461 2627 4553 populo
2682 4464 2757 4534 in
2809 4462 3002 4553 loco,
3067 4461 3218 4533 ubi

533 4593 571 4638 >
614 4569 835 4661 degit.
893 4591 1020 4644 seu
1073 4575 1311 4663 potius
1363 4580 1694 4646 teneatur
1744 4573 2181 4656 substituere
2233 4575 2497 4663 alium,
2558 4577 2680 4666 qui
2736 4573 3012 4650 Missam
3058 4593 3221 4666 pro

536 4703 574 4748 »
614 4682 877 4772 populo
929 4684 1119 4754 dicat
1171 4685 1247 4754 in
1299 4686 1583 4775 propria
1637 4681 1987 4759 ecclesia?
