3497 5235
1086 297 1207 373 (lep.
1234 297 1330 354 m.
1367 298 1441 354 D·
1481 294 1616 357 olm
1658 296 1931 358 sumni.
1972 298 2028 374 ἓ.
2057 299 2109 357 8.
2818 298 2938 365 405

255 427 446 496 nandi
497 438 649 496 sunt
693 428 859 496 sicut
904 439 970 497 et
1016 431 1210 497 ceteri
1261 440 1566 499 rectores.
1622 433 1790 508 Quae
1835 430 2030 498 modo
2080 431 2245 498 dicta
2290 440 2464 510 sunt,
2499 432 2712 498 valent
2745 432 2937 500 etiam

254 552 375 621 pro
423 533 741 599 canonicis
788 532 1207 601 coadiuvandi
1252 534 1510 619 parochi
1546 553 1745 601 onere
1779 535 2077 620 gravatis.
2118 571 2160 584 -
2191 538 2347 600 289.
2387 534 2448 603 Si
2485 553 2601 621 per
2632 536 2938 604 vicarium

257 647 753 724 temporaneum
801 661 832 705 a
880 639 1158 725 parocho
1205 639 1684 728 dependentem
1731 639 1880 705 satis
1930 638 2279 705 animarum
2337 657 2522 704 curae
2579 640 2938 706 consultum

256 759 385 806 non
438 752 555 819 est,
612 741 682 808 fit
727 743 901 807 locus
950 740 1255 808 erectioni
1307 742 1580 807 vicariae
1625 751 1982 828 perpetuae
2016 761 2046 805 a
2080 740 2361 827 parocho
2411 740 2931 828 independentis.

256 842 438 920 Quod
487 844 801 929 probatur
845 844 1007 929 aptis
1054 850 1161 913 SS.
1204 846 1327 911 CC.
1367 848 1563 911 Conc.
1600 863 1668 908 ac
1717 844 1934 929 Episc.
1974 854 2039 910 et
2075 842 2305 929 Regul.
2343 844 2862 910 resolutionibus.
2891 882 2937 895 -

258 948 414 1011 290.
467 946 536 1012 ld
588 948 781 1014 licere
828 948 1143 1036 Episcopo
1193 947 1395 1014 edixit
1443 950 1507 1014 S.
1549 950 1620 1014 C.
1668 948 1738 1014 C.
1794 947 1859 1013 in
1906 949 2251 1013 Brioeinen.
2293 948 2481 1014 etiam
2517 947 2579 1013 in
2613 947 2938 1034 parochia-

254 1047 446 1127 libus,
501 1069 664 1134 quae
698 1050 1077 1116 monasterio
1112 1050 1387 1138 regulari
1420 1049 1637 1117 unitae
1670 1050 1801 1116 sint
1823 1099 1842 1128 ,
1881 1050 2169 1136 quamvis
2204 1052 2580 1136 Superiores
2616 1051 2936 1138 regulares

251 1152 738 1232 contradicant,
787 1155 1164 1241 praesertim
1209 1154 1259 1219 si
1312 1173 1589 1243 congrua
1635 1164 1928 1221 sumatur
1974 1173 2053 1219 ex
2104 1153 2287 1219 bonis
2335 1172 2545 1240 neque
2595 1153 2671 1218 ad
2718 1172 2937 1219 mona-

253 1256 551 1334 sterium,
602 1276 813 1342 neque
860 1258 937 1323 ad
984 1256 1346 1342 parochiam
1377 1256 1829 1343 spectantibus.
1868 1295 1915 1307 -
1945 1258 2100 1321 ²9¹.
2151 1256 2485 1343 Appositio
2517 1254 2738 1320 vicarii
2776 1266 2933 1320 tem-

252 1359 549 1446 poranei,
602 1359 702 1425 vel
750 1359 967 1444 potius
1014 1358 1312 1446 perpetui
1363 1359 1657 1445 Episcopi
1710 1358 1948 1425 iudicio
1983 1359 2201 1424 relicta
2234 1368 2349 1424 est.
2397 1358 2934 1444 Quotiescumque

254 1465 440 1531 S.·C.
493 1462 562 1528 in
611 1462 1016 1528 relationibus
1049 1462 1129 1529 de
1159 1472 1323 1529 statu
1358 1462 1729 1529 dioeceseos
1780 1459 2223 1547 expendendis
2271 1460 2607 1546 comperit,
2659 1460 2934 1548 aliquam

251 1563 619 1650 parochiam
667 1583 700 1629 a
748 1563 1099 1632 rectoribus
1156 1565 1605 1632 amovibilibus
1660 1562 2081 1629 administrari
2140 1562 2388 1640 solere,
2453 1562 2777 1649 Episcopis
2837 1564 2933 1630 in·

256 1667 500 1744 culcat,
553 1677 624 1732 ut
673 1666 971 1746 videant,
1023 1686 1099 1733 an
1133 1667 1330 1754 magis
1379 1666 1678 1753 expediat
1730 1666 2031 1732 vicarium
2080 1677 2465 1753 perpetuum
2512 1667 2923 1733 constituere.

256 1804 298 1817 -
329 1770 485 1833 292.
542 1768 606 1835 Si
655 1770 946 1854 parochia
998 1781 1207 1835 certos
1254 1789 1381 1836 non
1414 1771 1638 1836 habeat
1672 1769 1931 1846 limites,
1973 1769 2085 1835 sed
2122 1770 2484 1857 promiscue
2531 1772 2928 1836 Sacramenta

250 1869 804 1949 administrantur,
858 1872 1195 1939 mandatur
1242 1873 1599 1959 Episcopis,
1651 1882 1723 1938 ut
1774 1872 2102 1937 consulant
2150 1890 2226 1937 eo
2274 1872 2492 1949 modo,
2546 1871 2656 1956 qui
2702 1872 2931 1938 melior

250 1974 318 2039 in
370 1977 639 2041 Domino
685 1974 1007 2042 videatur.
1056 1975 1447 2061 Temporalis
1479 1978 1578 2043 vel
1614 1977 1918 2063 perpetui
1955 1973 2175 2039 vicarii
2210 1973 2559 2059 deputandi
2595 1974 2931 2041 arbitrium

247 2076 571 2164 Episcopo
607 2077 898 2144 relictum
937 2078 1339 2166 intelligitur,
1376 2079 1629 2164 quando
1662 2078 1956 2165 parochia
1994 2077 2311 2165 capitulo,
2348 2076 2659 2143 beneficio
2693 2076 2929 2163 aliique

249 2180 365 2265 pio
412 2179 554 2246 loco
602 2179 790 2246 suerit
835 2181 1246 2266 postmodum
1298 2182 1496 2257 unita,
1547 2181 1814 2247 minime
1861 2199 2019 2246 vero
2066 2179 2325 2266 quando
2359 2199 2434 2245 ex
2470 2178 2790 2266 primaeva
2832 2179 2927 2246 in-

245 2282 587 2350 stitutione
634 2284 973 2370 parochiae
1019 2285 1096 2350 ad
1133 2284 1523 2373 Capitulum,
1562 2281 1969 2359 beneficium,
2008 2283 2286 2348 aliumve
2322 2280 2499 2367 pium
2538 2281 2748 2348 locum
2780 2300 2929 2368 per-

248 2386 438 2451 tinet.
491 2422 535 2435 -
581 2389 732 2452 293.
800 2387 1222 2455 Nihilominus
1269 2386 1334 2454 in
1381 2389 1502 2455 hoc
1557 2387 1841 2453 secundo
1901 2404 2043 2451 casu
2091 2388 2156 2452 S.
2196 2387 2402 2471 Cong.
2456 2387 2651 2453 Cone.
2703 2382 2931 2450 suadet

248 2487 611 2575 Episcopis‚
664 2501 768 2568 ut,
817 2492 867 2557 si
919 2491 1001 2557 ita
1050 2492 1248 2580 magis
1295 2491 1615 2579 expediat,
1669 2489 2037 2577 Capitulum
2086 2488 2323 2553 aliosve
2369 2507 2447 2553 eo
2492 2486 2822 2564 inducant,
2857 2495 2930 2553 ut

245 2593 554 2677 perpetui
604 2593 864 2681 parochi
916 2595 1351 2663 constitutioni
1400 2613 1721 2662 assensum
1769 2592 2139 2679 praebeant.
2186 2631 2229 2643 -
2277 2595 2436 2660 294.
2491 2596 2784 2682 Congrua
2832 2590 2928 2659 vi-

246 2695 570 2762 cariorum
634 2698 711 2763 ab
772 2698 1103 2784 Episcopis
1169 2697 1648 2766 determinanda
1706 2716 1828 2763 nec
1886 2716 2076 2783 supra
2142 2706 2450 2774 centum,
2504 2714 2717 2781 neque
2768 2694 2926 2761 infra

246 2802 711 2890 quinquaginta
745 2819 984 2873 scutata
1017 2817 1314 2873 monetae
1346 2818 1684 2895 argenteae
1718 2810 2037 2873 Romanae
2063 2823 2198 2870 esse
2226 2804 2447 2871 debet.
2470 2842 2514 2855 -
2543 2806 2693 2869 295.
2735 2807 2925 2867 Emo-

245 2902 536 2972 lumenta
582 2909 960 2995 parochialia
1011 2910 1127 2975 alia
1174 2921 1322 2977 sunt
1370 2909 1635 2996 proprie
1685 2909 1922 2974 incerta
1970 2918 2163 2994 atque
2205 2908 2586 2983 eventualia,
2624 2906 2737 2970 alia
2768 2922 2923 2970 vero

247 3021 424 3070 non:
481 3028 683 3097 eaque
732 3012 1055 3079 distinctio
1104 3014 1483 3100 explicatur.
1519 3048 1562 3060 -
1594 3014 1751 3077 296.
1786 3011 2166 3096 Praecipuae
2199 3009 2622 3097 proprietates
2656 3005 2924 3073 vicariae

243 3122 605 3196 perpetuae
655 3115 1048 3182 referuntur.
1100 3154 1143 3166 -
1190 3120 1340 3181 297.
1395 3116 1507 3192 Qui
1558 3117 1740 3202 plura
1789 3113 2153 3190 desiderat,
2223 3111 2404 3177 adeat
2458 3110 2841 3177 Ferrarium.
2879 3145 2925 3158 -

245 3212 404 3277 298.
462 3217 905 3283 parochiarum
979 3219 1457 3287 dismembratio
1527 3218 1801 3286 habetur
1869 3215 2069 3282 veluti
2121 3213 2377 3292 odiosa,
2444 3226 2509 3281 et
2556 3212 2805 3279 nonnisi
2857 3212 2925 3277 in

238 3312 605 3382 subsidium
655 3319 1073 3399 admittenda,
1124 3320 1576 3388 accedentibus
1624 3321 1925 3386 nimirum
1962 3318 2343 3407 gravissimis
2384 3315 2669 3383 utilitatis
2701 3335 2768 3381 ac
2810 3333 2923 3380 ne-

247 3417 563 3485 cessitatis
596 3423 815 3488 causis.
846 3460 889 3472 -
914 3426 1068 3490 299.
1104 3426 1251 3490 Tale
1286 3436 1379 3491 est
1414 3425 1635 3511 populi
1673 3434 2115 3510 augmentum,
2150 3422 2264 3489 sed
2302 3421 2700 3508 potissimum
2735 3421 2923 3506 longa

243 3516 573 3588 distantia.
607 3562 650 3574 -
685 3529 835 3592 300.
888 3528 1124 3605 Quanta
1172 3547 1329 3593 vero
1375 3527 1607 3595 debeat
1653 3546 1791 3593 esse
1839 3526 2202 3593 huiusmodi
2253 3525 2573 3601 distantia,
2626 3522 2922 3609 praelini-

238 3630 385 3687 tnm
436 3643 567 3692 non
614 3640 754 3706 est;
806 3649 1083 3717 namque
1132 3630 1451 3696 ordinarie
1502 3650 1534 3695 a
1580 3631 1803 3696 maiori
1839 3631 1940 3695 vel
1977 3629 2210 3708 minori
2260 3628 2791 3715 parochianorum
2829 3625 2925 3690 in-

240 3729 595 3795 commodo
664 3742 758 3797 est
827 3731 1243 3800 dimetienda.
1297 3771 1340 3783 -
1387 3735 1541 3799 30¹.
1595 3737 1657 3801 S.
1700 3736 1771 3800 G.
1828 3737 2027 3799 Conc.
2079 3731 2706 3798 dismembrationem
2771 3727 2921 3793 alias

239 3831 613 3911 concessit,
665 3833 858 3914 alias,
911 3848 976 3903 et
1020 3837 1272 3924 saepius
1321 3837 1660 3924 denegavit
1716 3838 1888 3903 iuxta
1939 3837 2137 3902 varias
2197 3835 2339 3901 lacti
2391 3832 2913 3900 circumstantias.

229 3938 468 4001 -302,
524 3938 780 4003 Parochi
839 3958 909 4003 ac
962 3943 1207 4027 patroni
1261 3941 1326 4007 in
1374 3940 1939 4007 dismembratione
2009 3940 2309 4006 audiendi
2368 3949 2556 4014 sunt,
2632 3932 2919 4022 quamvis

223 4054 510 4103 necesse
558 4058 687 4105 non
720 4042 803 4106 sit
843 4041 1333 4109 irrationabilem
1369 4062 1590 4110 eorum
1625 4042 1978 4111 dissensum
2013 4044 2367 4110 attendere.
2398 4081 2441 4092 -
2474 4044 2624 4108 303.
2666 4043 2732 4103 ln
2769 4055 2919 4102 con·

216 4139 576 4206 stitutione
624 4143 895 4209 vicariae
927 4158 1305 4232 perpetuae,
1344 4157 1408 4212 et
1444 4147 1507 4213 in
1541 4145 2108 4212 dismembratione
2140 4163 2456 4231 congruae
2491 4141 2776 4228 parochi,
2818 4157 2919 4204 ec-

211 4242 467 4308 clesiae
520 4243 770 4311 tuitioni
806 4246 1071 4331 aliisque
1106 4247 1304 4314 divini
1342 4250 1549 4314 cultus
1586 4247 1882 4336 expensis
1915 4246 2373 4312 consulendum
2409 4256 2590 4311 est.-
2617 4247 2771 4308 304.
2811 4244 2922 4307 Sa-

212 4344 534 4412 cerdotes
583 4348 1203 4432 quilibet⁸e‹:clesiae
1253 4350 1591 4437 parochiali
1640 4350 1874 4415 addicti
1930 4348 2171 4415 debent
2203 4346 2478 4436 parocho
2511 4345 2795 4412 auxiliari
2836 4362 2920 4408 ex

215 4450 646 4526 necessitate,
683 4449 731 4513 si
769 4450 920 4516 haec
969 4454 1302 4518 necessitas
1335 4453 1517 4519 adsit.
1556 4489 1599 4501 ·—
1632 4455 1786 4518 303.
1824 4454 2037 4536 Itaque
2070 4450 2511 4517 huiuscemodi
2549 4447 2919 4513 sacerdotes

205 4568 367 4617 non
414 4564 566 4617 sunt
615 4553 910 4641 cogendi,
964 4555 1078 4620 nisi
1132 4576 1210 4621 ex
1257 4575 1436 4621 causa
1486 4553 1894 4619 necessitatis.
1935 4590 1978 4602 -
2011 4557 2162 4620 306.
2206 4553 2480 4618 Huiusce
2523 4548 2917 4617 necessitatis

210 4654 476 4718 limites
524 4653 691 4719 circa
742 4667 992 4742 tempus
1038 4657 1280 4743 aliaque
1328 4655 1623 4721 adiuncta
1674 4655 1946 4721 taxative
1993 4654 2319 4743 praefiniri
2372 4666 2728 4741 nequeunt.
