3497 5235
614 252 698 317 50

1151 387 1952 480 INSTRUGTIONIS
2014 390 2094 481 S.
2135 390 2224 481 G.
2269 382 2540 481 OONO
2550 392 2735 480 [LII

830 593 985 713 DE
1055 593 1795 715 VISITATIONE
1857 591 2472 716 SACRORUM
2542 594 3044 716 LIMINUM

1573 814 1915 901 ExPo
1934 812 2318 943 srno.

1777 1014 2110 1062 W

1572 1228 1884 1331 “CAPUT
1919 1250 2277 1332 Plutum

595 1418 709 1494 -De
752 1418 953 1514 primo
999 1420 1343 1497 relationis
1387 1419 1603 1515 eapite
1647 1422 1731 1496 acl
1779 1423 2031 1497 statum
2075 1423 2402 1498 Ecclesiae
2430 1424 2833 1500 materialem
2862 1425 3241 1518 pertinente

1450 1639 1513 1715 1.
1570 1639 1938 1718 Institutio
1988 1642 2432 1721 dioeceseon.

748 1827 1168 1893 Suuuamun.
1231 1826 1287 1888 t.
1338 1821 1727 1890 Dioeceseon
1775 1824 2111 1904 institutio,
2163 1845 2509 1914 earumque
2554 1821 2943 1915 subsequens
2996 1820 3259 1896 historia

615 1926 921 1998 narranda
968 1934 1064 1992 est
1109 1924 1174 1991 in
1219 1924 1523 1991 relatione
1553 1935 1747 1993 status
1770 1962 1813 1975 -
1838 1930 1900 1992 2.
1931 1931 2059 1994 Hae
2089 1928 2406 2015 siquidem
2438 1929 2698 1996 notitiae
2734 1949 2768 1996 e
2802 1931 3045 2020 gremio
3079 1930 3259 1999 dioe-

617 2049 845 2100 ceseon
891 2029 1171 2117 ipsarum
1219 2026 1394 2094 facile
1440 2027 1645 2115 colligi
1696 2040 1983 2116 possunt:
2038 2050 2395 2118 quanquam
2463 2020 2767 2117 speciales
2835 2051 2965 2099 non
3026 2025 3258 2099 desunt

616 2134 772 2202 sacri
821 2149 1368 2220 quarumcumque
1400 2130 1727 2199 nationum
1759 2131 2275 2219 historiographi.
2309 2169 2352 2182 -
2380 2137 2442 2199 3.
2480 2126 2681 2201 Hodie
2714 2148 2933 2201 omnes
2967 2134 3098 2201 fere
3130 2138 3259 2202 Eu-

618 2255 812 2324 ropae
859 2233 1185 2300 dioeceses
1230 2231 1642 2298 mutationem
1686 2253 1901 2321 passae
1944 2246 2129 2313 sunt,
2180 2247 2250 2301 ut
2317 2235 2544 2303 accidit
2612 2234 2694 2303 de
2761 2236 2975 2302 Gallia.
3006 2239 3135 2303 -ι,
3175 2240 3261 2305 de

618 2336 896 2415 Bavaria,
925 2373 968 2386 -
991 2340 1054 2401 5.
1091 2334 1173 2401 de
1203 2334 1613 2413 pedemonte,
1639 2371 1683 2385 -
1716 2338 1781 2402 6.
1820 2335 1901 2402 de
1947 2346 2213 2422 utraque
2261 2337 2492 2416 Sicilia,
2520 2374 2564 2387 -
2590 2340 2650 2404 7.
2691 2336 2772 2404 de
2804 2357 3001 2427 regno
3036 2340 3260 2408 Berus-

620 2440 750 2505 sico
797 2448 862 2506 et
905 2437 1409 2513 Hannoveriano,
1438 2440 1561 2504 -8.
1600 2435 1681 2502 de
1727 2456 1928 2524 regno
1975 2439 2252 2527 Belgico‚
2285 2475 2328 2490 -
2357 2443 2421 2505 9.
2460 2440 2541 2507 de
2588 2438 2904 2507 nonnullis
2935 2439 3256 2511 catholicis

618 2541 872 2615 Russiae
918 2538 1332 2607 dioecesibus.
1380 2541 1469 2604 De
1517 2540 1945 2606 conventione
1975 2559 2119 2606 cum
2154 2540 2368 2629 regina
2401 2542 2761 2629 Hispaniam
2798 2532 2880 2608 de
2913 2541 3258 2611 hierarchia

617 2643 906 2714 restituta
952 2644 1015 2708 in
1057 2643 1277 2732 Anglia
1311 2651 1377 2709 et
1405 2640 1755 2710 Hollandia.
1782 2680 1826 2694 -
1855 2646 1957 2710 10.
1987 2644 2281 2729 Plerique
2313 2645 2604 2733 Episcopi
2644 2641 2931 2713 referunt
2966 2659 3255 2733 quoque,

625 2746 727 2816 cui
772 2746 899 2814 sint
943 2745 1437 2833 Archiepiscopo
1466 2743 1757 2812 subiecti.

767 2954 833 3026 1.
874 2950 1192 3026 Ecclesia
1240 2950 1507 3026 nedum
1556 2950 2004 3026 venerandae
2047 2953 2495 3043 antiquitatis
2532 2948 3077 3028 retinentissima
3116 2963 3252 3045 est,

616 3065 742 3141 sed
795 3073 868 3139 et
916 3072 1230 3138 veterum
1280 3069 1897 3136 monumentorum
1948 3063 2184 3135 studia
2262 3065 2551 3138 mirifice
2621 3065 2790 3139 fovit
2851 3070 3250 3159 semperet

620 3175 1162 3249 commendavit.
1216 3170 1408 3245 Nihil
1459 3174 1701 3264 itaque
1755 3174 2060 3264 mirum,
2117 3175 2176 3246 si
2240 3176 2315 3247 in
2375 3173 2895 3267 Instructione‚
2951 3173 3039 3252 de
3119 3195 3260 3270 qua

616 3289 921 3379 agimuS,
976 3286 1516 3359 fundamentum
1568 3285 1780 3359 veluti
1834 3287 2269 3377 praeiactum
2323 3287 2559 3377 inerit,
2613 3290 3141 3385 praecipiende,
3182 3294 3261 3363 ut

616 3401 692 3473 in
741 3397 987 3492 primis
1038 3393 1288 3491 (idque
1329 3396 1869 3490 intelligendum
1921 3405 2029 3471 est
2078 3418 2296 3490 quam
2332 3399 2742 3473 brevissime
2793 3402 2942 3473 fieri
2995 3393 3258 3496 potest)

617 3511 1031 3585 dioeceseon
1067 3509 1414 3583 institutio
1448 3516 1900 3597 narraretur3
1956 3509 2030 3582 id
2063 3517 2198 3599 est,
2239 3512 2400 3601 quis
2434 3512 2773 3584 ecclesiae
2811 3512 3020 3586 fuerit
3055 3511 3263 3585 insti-

615 3628 836 3710 tutor,
892 3639 1033 3712 quo
1086 3628 1427 3711 tempore,
1483 3637 1669 3709 quae
1721 3637 1832 3691 res
1885 3629 2274 3694 memoratu
2327 3621 2584 3714 dignae
2633 3621 2860 3696 eidem
2914 3621 3256 3697 ecelesiae

617 3734 1068 3824 contigerint,
1127 3750 1269 3805 uno
1318 3730 1575 3804 verbo:
1634 3749 1819 3821 quae
1870 3732 1960 3804 sit
1998 3751 2038 3803 a
2075 3733 2301 3822 prima
2355 3735 2620 3826 origine
2672 3735 2987 3808 eiusdem
3039 3729 3262 3808 histo-

615 3846 750 3917 ria.
807 3843 1050 3918 Plures
1102 3844 1292 3918 enim
1346 3850 1813 3917 numerantur
1862 3842 2226 3932 ecclesiae,
2284 3863 2467 3936 quae
2519 3846 2825 3936 aliquem
2860 3867 2925 3920 e.
2968 3865 3035 3939 g.
3083 3844 3266 3938 Apo-

616 3957 955 4029 stolorum
1010 3954 1474 4048 discipulum,
1521 3957 1647 4026 aut
1696 3954 1913 4025 alium
1965 3955 2355 4044 quemlihet
2417 3956 2564 4029 sive
2634 3959 3057 4045 sanctitate,
3114 3958 3267 4029 sive

616 4069 965 4159 doctrina,
1022 4075 1146 4142 aut
1195 4068 1334 4140 alia
1385 4067 1646 4140 virtute
1695 4067 2153 4160 conspicuum
2204 4069 2459 4158 virum,
2518 4068 2724 4159 quasi
2758 4087 2964 4141 suum
2999 4077 3264 4162 paren-

617 4188 763 4254 tem
815 4186 1228 4274 agnoscant.
1288 4177 1470 4253 Sunt
1519 4178 1734 4252 etiam
1787 4178 1996 4269 aliae,
2051 4198 2236 4271 quae
2289 4182 2362 4254 in
2412 4182 2589 4255 serie
2647 4179 3083 4270 Antistitum‚
3135 4181 3263 4271 qui

617 4310 741 4367 eas
791 4293 1183 4367 successive
1218 4298 1684 4386 occuparunt,
1741 4292 1918 4365 tales
1968 4312 2136 4386 prae
2187 4312 2262 4366 se
2314 4294 2545 4368 ferant
2595 4294 2806 4382 vit-05,
2862 4296 2986 4386 qui
3038 4293 3271 4366 incla-

615 4405 890 4477 ruerint
938 4412 1090 4478 tum
1141 4404 1354 4479 rebus
1389 4405 1646 4478 eximie
1696 4422 1823 4496 pro
1874 4405 2210 4497 religione
2261 4408 2502 4498 gestis,
2556 4413 2708 4479 tum
2760 4405 2920 4477 aliis
2972 4407 3270 4478 omnino

619 4517 888 4589 meritis
939 4523 1010 4589 et
1059 4517 1422 4606 laudibus3
1478 4523 1558 4589 ut
1608 4534 1675 4589 e.
1711 4537 1778 4609 g.
1812 4518 2047 4591 evenit
2084 4519 2171 4619 de
2209 4518 2743 4613 metropolitana
2781 4516 3078 4590 ecclesia
3116 4511 3268 4589 Me-

617 4629 1044 4721 diolanensi,
1085 4647 1269 4722 quae
1308 4627 1388 4700 D.
1433 4625 1824 4716 AmbrosiO,
1867 4626 2219 4702 Ecclesiae
2257 4630 2563 4719 doctore,
2603 4635 2675 4701 et
2711 4628 2784 4702 S.
2809 4627 3052 4701 Carolo
3088 4617 3272 4701 Bor-
