3497 5235
1067 245 1188 321 0⁸?-
1214 247 1312 306 111.
1350 247 1423 305 De
1464 246 1600 305 clero
1640 246 1912 305 numeri.
1954 249 2008 323 g.
2033 247 2080 304 1.
2785 245 2904 308 285

397 377 601 452 Aliter
634 386 877 451 autem
927 398 1003 452 se
1053 398 1170 451 res
1220 380 1440 453 habet
1492 382 1581 452 de
1635 382 1996 453 canonicis
2027 380 2398 471 jubilatis;
2456 380 2545 452 de
2578 380 2773 453 hisce
2810 381 2907 452 si-

285 490 522 582 quidem
573 490 649 561 in
703 481 1180 566 Praenestina
1238 492 1514 564 dubior.
1559 492 1774 583 jubil.
1814 493 1956 564 diei
2007 494 2127 564 21.
2169 490 2346 564 Nov.
2393 492 2605 565 1835.
2648 499 2904 582 quarto

281 601 396 675 loco
443 601 742 674 dubium
775 603 1355 695 proponebatur:
1419 624 1454 668 σι
1486 598 1608 672 1v.
1651 600 1900 675 Utrum
1939 604 2262 676 canonici
2296 603 2584 694 Jubilati
2621 605 2901 695 possint

281 713 523 785 »choro
575 713 1049 786 inservientes
1100 733 1230 806 pro
1282 715 1442 786 aliis
1493 732 1639 787 non
1688 714 2016 805 iubilatis
2049 715 2385 806 supplere
2422 715 2625 803 adeo,
2663 720 2749 787 ut
2783 714 2902 786 isti

282 849 308 893 ι
338 843 462 897 non
510 825 657 897 sint
709 831 1188 915 punctatnrae
1239 825 1529 898 obnoxii
1581 827 1656 896 in
1710 820 1922 898 casu?
1954 850 1993 893 »
2046 822 2205 897 Emi
2238 822 2486 898 Patres
2521 826 2906 917 rescripse-

274 943 437 1028 runt:
494 960 533 1003 ‹
572 935 1050 1025 Affirmative‚
1107 938 1422 1027 exceptis
1473 936 1770 1026 diebus,
1826 937 2090 1027 quibus
2137 937 2489 1027 jubilatus
2538 942 2902 1009 teneretur

282 1071 310 1115 ›
337 1066 448 1139 per
495 1067 601 1121 se.
638 1072 677 1115 »

393 1158 486 1231 Ad
536 1159 675 1231 hoc
725 1158 815 1230 de
866 1158 1380 1232 substitutione
1440 1165 1939 1250 argumentum
1994 1158 2187 1248 quod
2256 1158 2565 1247 attinet,
2624 1156 2899 1230 consuli

278 1270 451 1342 etiam
478 1277 717 1363 potest
752 1271 1071 1362 synodus
1110 1271 1473 1363 Fulqinat.
1497 1272 1935 1362 Baptistelli,
1960 1272 2274 1363 Append.
2308 1290 2465 1362 cap.
2507 1271 2641 1343 ΙΙΙ.
2670 1267 2746 1365 ἓ.
2777 1268 2903 1342 20.

273 1400 406 1475 paq.
443 1382 562 1455 52.
604 1389 671 1456 et
721 1388 1030 1474 sequent.

1076 1632 1217 1685 Art.
1243 1631 1325 1685 11.
1362 1632 1456 1685 De
1493 1632 2060 1687 distributionibuS.

380 1861 796 1926 Sounion.
847 1858 953 1921 27.
1010 1854 1543 1922 Distributionum
1591 1873 1780 1920 usum
1826 1857 1936 1921 lvo
1986 1855 2389 1922 Carnotensis
2422 1855 2486 1922 in
2517 1874 2695 1922 suam
2727 1855 2904 1921 dioe-

279 1957 434 2025 cesim
479 1959 771 2037 invexit3
823 1957 921 2023 ius
968 1957 1372 2044 pontificium
1421 1967 1486 2023 et
1530 1955 1826 2042 Synodus
1872 1957 2238 2024 Tridentina
2286 1957 2589 2025 eumdem
2635 1957 2712 2024 ad
2761 1958 2904 2024 uni·

276 2079 486 2127 versam
531 2059 876 2126 Ecclesiam
927 2058 1383 2127 extenderunt.
1432 2063 1558 2125 Eae
1592 2058 2078 2126 constituendae
2107 2070 2258 2126 sunt
2290 2080 2411 2147 per
2440 2061 2908 2149 separationem

273 2165 464 2229 tertiae
509 2162 709 2249 partis
759 2161 1081 2229 fructuum
1134 2160 1648 2228 beneficiorum..
1678 2198 1722 2210 -
1756 2165 1865 2227 28.
1906 2162 2151 2228 Alicubi
2202 2161 2682 2230 distributiones
2741 2174 2909 2230 stant

271 2263 390 2331 loco
424 2264 856 2352 praebendae.
886 2302 930 2313 -
963 2268 1070 2332 29.
1107 2265 1290 2330 Hisce
1338 2263 1402 2331 in
1449 2264 1693 2332 casibus
1725 2283 1848 2330 una
1881 2275 1947 2330 et
1978 2265 2173 2331 altera
2208 2265 2733 2333 distributionum
2765 2287 2909 2355 pars

270 2368 639 2450 praebendae
702 2377 992 2434 naturam
1038 2367 1336 2445 assumit,
1403 2365 1588 2433 tertia
1649 2365 1979 2453 propriam
2027 2365 2552 2435 distributionum
2614 2379 2909 2436 naturam

268 2470 473 2536 retinet
503 2470 611 2547 ita,
649 2479 721 2536 ut
759 2479 894 2536 toto
925 2488 1090 2534 auno
1126 2468 1234 2555 qui
1265 2479 1416 2536 sunt
1461 2479 1830 2554 praesentes
1879 2486 2135 2536 omnem
2177 2469 2706 2539 distributionum
2736 2492 2916 2540 sum-

266 2589 406 2638 mam
450 2574 724 2659 capiant,
779 2571 888 2658 qui
937 2571 1228 2639 absentes
1263 2571 1513 2638 tertiam
1551 2573 1987 2640 tantummodo
2020 2573 2535 2641 amittant.-30.
2575 2573 2909 2644 Ordinario

266 2672 418 2742 adest
462 2676 526 2742 in
577 2674 889 2761 Capitulis
935 2694 1130 2739 massa
1178 2669 1568 2751 communis,
1619 2694 1701 2741 ex
1748 2693 1871 2760 qua
1918 2674 2406 2743 distributiones
2453 2676 2904 2745 desumuntur.

261 2779 420 2843 -31.
458 2777 622 2843 Alibi
673 2777 994 2843 usitantur
1040 2785 1497 2862 punctaturae,
1552 2796 1714 2862 quae
1770 2777 1835 2842 in
1882 2778 2001 2843 hoc
2051 2778 2438 2857 consistunt,
2492 2790 2598 2858 ut,
2652 2780 2909 2866 quando

264 2877 402 2945 absit
443 2881 705 2967 aliquis,
759 2879 841 2946 de
887 2900 1003 2946 suo
1067 2888 1312 2946 tantum
1359 2880 1642 2958 amittat,
1694 2882 2187 2965 persolvatque,
2249 2891 2557 2966 quantum
2623 2902 2701 2947 ex
2764 2883 2908 2969 lege

262 2979 763 3049 distributionum
811 2983 1150 3071 percipere
1197 2981 1542 3048 debuisset.
1578 3018 1621 3029 —
1654 2985 1762 3047 32.
1819 2985 2123 3049 Ceterum
2172 3002 2335 3068 quae
2380 3002 2641 3049 normae
2699 2985 2764 3049 in
2815 2983 2914 3051 di-

257 3085 690 3152 stributionum
740 3086 1014 3163 ratione,
1069 3083 1333 3151 eaedem
1380 3084 1444 3149 in
1492 3084 1888 3169 punctaturis
1938 3083 2369 3152 observandae
2399 3095 2639 3154 sunt.-
2668 3090 2775 3152 33.
2808 3088 2916 3153 Di-

253 3188 695 3254 stributionum
746 3187 873 3265 lex,
926 3206 1055 3254 non
1107 3188 1405 3254 obstante
1452 3187 1766 3253 contraria
1814 3188 2304 3266 consuetudine,
2358 3187 2749 3255 observanda
2784 3199 2903 3256 est.

249 3324 293 3336 -
323 3293 418 3356 at.
457 3291 517 3359 Si
568 3310 688 3377 pro
740 3289 1120 3357 inducendis
1166 3288 1748 3366 distributionibus,
1801 3288 1908 3355 ubi
1957 3309 2086 3356 non
2132 3301 2307 3368 sunt,
2344 3290 2677 3358 difficultas
2713 3291 2912 3359 osten-

248 3390 448 3470 datur,
498 3392 868 3479 expeditius
917 3403 1009 3459 est
1055 3401 1469 3480 punctaturas
1516 3392 1891 3470 instituere,
1956 3391 2156 3478 idque
2218 3395 2592 3478 praesertim
2652 3394 2907 3474 accidit,

246 3493 357 3559 nbi
399 3498 804 3582 praebendae
851 3495 1193 3583 separatim
1241 3494 1785 3562 administrantur.
1814 3532 1858 3545 -
1890 3500 1998 3562 35.
2035 3499 2131 3561 Ex
2179 3495 2595 3585 dispositione
2645 3499 2912 3565 Concilii

243 3597 593 3666 Tridentini
647 3609 711 3666 et
759 3605 826 3668 S.
864 3602 933 3664 C.
976 3602 1171 3666 Cone.
1227 3598 1763 3665 declarationibus
1808 3597 2291 3665 distributiones
2346 3619 2630 3687 congrue
2685 3602 2905 3689 augeri

239 3696 500 3780 debent,
553 3701 663 3768 ubi
718 3711 941 3768 tenues
987 3711 1236 3767 sunt.-
1270 3704 1380 3767 36.
1418 3703 1563 3767 lllae
1609 3714 1826 3767 autem
1873 3710 2097 3767 tenues
2143 3712 2552 3789 reputantur,
2592 3721 2756 3789 quae
2802 3722 2913 3769 ve·

236 3800 604 3870 rosimiliter
635 3805 1078 3891 negliguntur.
1117 3807 1185 3869 In
1211 3805 1571 3869 Ariminen.
1607 3808 1709 3871 18.
1742 3809 1894 3870 Dec.
1931 3807 2155 3884 1847„
2194 3826 2339 3872 cum
2372 3805 2739 3891 praebenda
2769 3826 2915 3872 scu·

230 3914 362 3971 tata
416 3910 492 3973 80
541 3907 873 3984 redderet,
925 3910 988 3975 S.
1032 3909 1232 3994 Cong.
1288 3906 1533 3972 censuit
1579 3907 1949 3993 augendum
2010 3926 2141 3974 non
2189 3928 2326 3974 esse
2385 3918 2913 3996 punctaturarum

224 4008 608 4086 cumulum,
665 4010 773 4095 qui
823 4020 958 4075 toto
1007 4029 1172 4075 anno
1219 4028 1530 4075 summam
1590 4021 1985 4076 scutatorum
2038 4015 2118 4077 16
2165 4011 2538 4098 attingebat.
2575 4047 2617 4057 -
2667 4014 2773 4076 37.
2815 4012 2914 4080 Ad

218 4109 671 4177 conciliandos
703 4110 862 4178 duos
896 4115 1092 4177 Conc.
1124 4110 1299 4178 Trid.
1341 4122 1552 4177 textus
1586 4130 1723 4198 cap.
1750 4117 1809 4177 5.
1853 4115 2014 4179 Sess.
2040 4116 2148 4179 22.
2182 4122 2245 4177 et
2277 4132 2414 4199 cap.
2451 4116 2559 4178 12.
2598 4115 2759 4179 Sess.
2797 4103 2908 4179 24.

213 4210 304 4278 de
343 4211 662 4293 Reform„
719 4233 790 4279 ea
837 4223 1094 4302 recepta
1142 4225 1238 4279 est
1285 4213 1750 4301 interpretatio,
1801 4223 1873 4279 ut
1920 4212 2398 4280 distributiones
2439 4214 2514 4279 ab
2548 4213 2914 4281 absentibus

208 4315 504 4381 amissae
548 4317 990 4402 praesentibus
1051 4327 1446 4396 accrescant,
1504 4318 1554 4381 si
1605 4335 1674 4381 ea
1723 4337 1756 4381 a
1803 4317 2121 4381 communi
2187 4335 2383 4381 massa
2447 4315 2909 4397 desumantur3

203 4416 517 4485 fabricae
572 4421 678 4485 vel
741 4419 924 4486 alteri
985 4419 1129 4485 loco
1177 4419 1287 4508 pio
1335 4419 1764 4508 applicentur,
1813 4416 1864 4481 si
1913 4437 1945 4482 a
1992 4417 2469 4503 particularium
2515 4418 2915 4503 praebenda-

189 4539 364 4587 rum
445 4518 758 4587 reditibus
825 4521 1255 4589 exsolvantur.
1308 4559 1352 4571 -
1400 4526 1510 4588 38.
1563 4520 1628 4589 Si
1675 4521 1758 4587 de
1803 4538 1998 4585 massa
2047 4521 2368 4587 communi
2433 4521 2915 4590 distributiones

189 4624 496 4714 cap1ant
539 4634 756 4692 coetus
805 4634 944 4693 tum
990 4625 1443 4692 canonicorum
1486 4635 1624 4693 tum
1653 4623 2247 4705 mansionariorum,
2299 4629 2365 4694 S.
2403 4628 2605 4717 cong.
2644 4622 2913 4693 Concilii
