3497 5235
1026 253 1147 328 Gap.
1170 255 1267 312 ΙΙΙ.
1307 253 1379 311 Do
1421 252 1555 310 olor·
1596 252 1870 310 namuri.
1909 254 1963 328 g.
1990 254 2036 310 1.
2747 251 2864 315 303

240 418 269 457 >
301 395 361 461 et
407 387 854 480 recipiendas
907 409 948 459 a
1000 386 1355 479 CapituIO,
1397 388 1675 460 etiamsi
1730 387 2086 478 periodice
2139 394 2210 459 et
2244 387 2709 460 habitualiter
2746 405 2870 458 ex-

239 501 707 589 »bibean‘tur3
768 502 841 572 in
894 507 1248 593 potestate
1321 508 1561 572 tamen
1616 517 1772 571 esse
1824 500 2144 572 eiusdem
2196 497 2503 593 Capituli
2557 517 2681 590 per
2740 498 2874 569 ali-

240 639 269 681 »
302 632 496 703 quem
549 613 973 685 canonicum
1028 613 1319 684 visitare
1370 613 1762 701 infirmum,
1805 618 1877 684 et
1928 620 2288 702 quatenus
2337 611 2638 684 dubium
2693 612 2878 684 exti-

240 751 268 792 ν
299 727 474 812 terit,
530 722 1128 818 Archiepiscopus
1179 729 1426 795 utatur
1477 726 1631 797 iure
1683 742 1844 797 suc.
1881 749 1918 791 »

355 837 467 907 62.
522 834 827 908 Caecum
882 838 1069 907 inter
1122 843 1579 927 aegrotantes
1627 835 2148 909 recensendum
2193 853 2374 924 esse,
2416 854 2562 907 non
2597 842 2706 907 est
2743 835 2877 907 du-

237 947 427 1020 bium.
481 945 662 1019 Nam
716 948 854 1039 ipsi
908 943 1056 1044 (ita
1111 944 1382 1019 Bened.
1430 943 1618 1017 XIV.
1661 949 1899 1020 Instit.
1942 949 2107 1019 eccl.
2154 947 2323 1020 107.
2357 967 2431 1019 η.
2472 941 2632 1040 48.)
2666 947 2874 1037 plura

241 1062 297 1132 S.
330 1059 901 1152 Congregationis
954 1059 1240 1131 decreta
1278 1059 1788 1150 suffragantur,
1832 1077 2018 1148 quae
2056 1059 2465 1133 declarant:
2512 1081 2550 1123 «
2578 1055 2737 1129 Non
2772 1064 2879 1129 te-

241 1197 270 1242 ›
301 1173 439 1244 neri
488 1172 684 1242 horis
737 1171 1146 1258 canonicis,
1203 1188 1336 1241 nec
1405 1171 1479 1241 in
1531 1170 1745 1243 choro
1800 1190 1959 1243 eam
2011 1178 2290 1263 partem
2342 1170 2599 1259 officii,
2659 1188 2875 1260 quam

241 1309 270 1352 ›
303 1284 690 1356 memoriter
740 1288 970 1370 tenet,
1028 1283 1354 1368 recitare,
1396 1287 1466 1353 et
1519 1281 1990 1354 nihilominus
2040 1283 2301 1355 lucrari
2339 1281 2878 1353 distributiones

240 1422 270 1465 ›
302 1396 774 1486 quotidianas,
834 1413 919 1465 ac
970 1395 1029 1466 si
1083 1395 1487 1466 interesset.
1525 1418 1562 1460 »

354 1509 467 1578 63.
512 1503 715 1578 Idem
752 1503 1027 1577 Bened.
1070 1501 1263 1575 XIV.
1306 1505 1437 1577 loc.
1472 1507 1592 1578 cit.
1637 1507 1932 1597 insuper
1969 1506 2133 1579 aliis
2167 1507 2489 1579 eiusdem
2541 1503 2614 1577 S.
2649 1504 2723 1578 C.
2759 1505 2884 1577 de-

247 1619 422 1690 cretis
473 1618 768 1688 innixus
820 1616 1054 1705 docet,
1111 1616 1656 1690 distributiones
1709 1619 1942 1690 eidem
1997 1618 2239 1690 deberi
2292 1637 2334 1688 a
2388 1618 2528 1707 die,
2579 1638 2721 1708 quo
2773 1618 2886 1690 lu-

242 1731 398 1801 mine
431 1729 706 1816 caruit3
750 1729 1075 1818 adeoque
1125 1747 1281 1801 esse
1319 1729 1551 1801 eidem
1590 1730 2099 1814 restituendas,
2131 1730 2190 1800 si
2229 1729 2407 1801 forte
2441 1731 2525 1802 iis
2559 1731 2885 1821 privatus>

241 1841 529 1913 abiisset.
590 1838 848 1913 Itidem
903 1841 1234 1912 eumdem
1304 1859 1597 1914 caecum
1651 1842 2038 1913 immunem
2096 1859 2251 1913 esse
2305 1860 2346 1910 a
2400 1839 2880 1912 celebratione

242 1950 608 2039 Ilissarum,
667 1952 934 2042 quibus
988 1953 1311 2024 canonici
1353 1957 1767 2043 gravantur,
1811 1971 2044 2043 neque
2080 1953 2300 2023 alium
2336 1971 2464 2024 suo
2498 1952 2679 2040 loc0,
2720 1972 2881 2024 cum

240 2066 317 2136 sit
363 2066 669 2155 legitime
724 2065 1141 2155 impedituS,
1199 2064 1635 2137 substituere
1686 2065 1949 2153 teneri,
1991 2065 2210 2136 tradit
2262 2065 2381 2136 ille
2431 2061 2761 2136 Pontifex
2796 2081 2882 2135 ex

240 2178 640 2247 auctoritate
680 2173 752 2246 S.
795 2173 1380 2267 Congregationis
1415 2177 1488 2246 in
1524 2177 1916 2250 Mercatelli
1953 2179 2023 2248 7.
2067 2173 2232 2248 Iun.
2278 2177 2493 2248 1597.
2535 2171 2714 2273 (lib.
2754 2175 2879 2248 25.

237 2285 463 2358 decret.
502 2307 670 2378 paq.
719 2285 885 2359 489.
948 2293 1012 2359 et
1068 2288 1187 2358 lib.
1228 2288 1351 2360 40.
1384 2306 1556 2380 paq.
1597 2285 1864 2381 414),
1925 2288 2052 2360 ubi
2105 2288 2389 2360 decreta
2462 2288 2640 2360 alias
2692 2287 2886 2360 edita

241 2398 458 2470 danda
510 2417 667 2471 esse
722 2396 939 2472 Sacer
989 2396 1178 2472 Ordo
1230 2401 1626 2489 respondit.

372 2511 481 2581 64.
539 2509 641 2582 Dc
705 2513 1048 2583 canonico
1124 2530 1414 2603 prorsus
1484 2532 1567 2583 ac
1619 2511 1833 2603 plene
1904 2530 2116 2584 caeco
2184 2513 2365 2585 baec
2416 2513 2490 2585 in
2544 2514 2761 2604 plano
2814 2517 2886 2586 et

231 2630 460 2714 aperto
507 2631 725 2697 sunt:
785 2642 930 2696 non
987 2626 1153 2696 item
1207 2636 1372 2695 vero
1425 2625 1514 2697 de
1569 2626 2041 2714 caecutiente,
2101 2627 2392 2716 quando
2443 2626 2774 2698 videlicet
2811 2625 2889 2697 ob

226 2736 408 2807 visus
457 2736 888 2808 debilitatem
940 2755 1080 2807 non
1135 2736 1373 2808 valeat
1425 2738 1640 2828 leqere
1675 2738 1753 2809 in
1794 2736 2004 2819 libre,
2040 2744 2103 2809 et
2140 2738 2357 2809 soleat
2381 2756 2512 2827 per
2547 2738 2703 2809 vias
2740 2755 2892 2807 am-

224 2847 505 2929 bulare,
558 2855 641 2919 ut
694 2847 932 2920 verbis
985 2867 1113 2919 usa
1167 2846 1691 2921 Sarcafantonii
1745 2846 1817 2918 S.
1853 2846 1926 2919 C.
1971 2850 2478 2921 animadvertit
2530 2848 2604 2919 in
2661 2848 2894 2939 Spole-

221 2965 402 3030 tana
451 2961 773 3051 Exempt.
831 2981 878 3031 a
930 2961 1135 3033 choro
1187 2962 1258 3032 5.
1300 2959 1467 3033 Dec.
1537 2963 1750 3033 1846.
1791 2960 1865 3056 ξ.
1909 2963 2001 3034 Et
2041 2963 2385 3054 primum.
2450 2956 2648 3030 Tunc
2699 2958 2891 3030 enim

225 3073 628 3144 caecutiens
680 3079 970 3144 tenetur
1021 3073 1217 3145 adire
1269 3073 1606 3161 chorum,
1665 3079 1735 3146 et
1792 3074 1888 3144 ibi
1943 3076 2268 3160 recitare,
2328 3090 2513 3162 quae
2567 3072 2700 3142 scit
2751 3088 2896 3141 me·

217 3184 550 3271 moi-item
592 3200 822 3274 eoque
854 3186 1105 3275 magis,
1148 3184 1339 3274 quod
1377 3186 1530 3275 ipsc
1567 3186 1846 3275 copiam
1874 3204 2047 3257 suae
2084 3184 2533 3275 praesentiae
2569 3185 2641 3254 in
2681 3183 2893 3254 choro

206 3294 515 3383 facienS,
571 3295 871 3366 chorum
925 3296 1261 3382 illustrat,
1317 3297 1736 3368 cohonestat
1792 3304 1862 3368 et
1917 3297 2292 3383 autorizat‚
2350 3295 2571 3367 veluti
2626 3294 2894 3366 ibidem'

202 3426 380 3478 cum
436 3404 684 3479 Garcia
726 3407 1224 3498 perpenditur.
1285 3407 1356 3479 Si
1387 3408 1853 3478 nihilominus
1890 3407 2287 3497 peculiares
2316 3407 2895 3479 circumstantiae

195 3524 694 3607 concurrant,
756 3537 942 3608 quae
1007 3519 1526 3611 indulgentiam
1595 3520 1899 3591 suadere
1952 3520 2372 3608 videantur,
2429 3517 2502 3591 S.
2545 3516 2618 3592 C.
2679 3521 2898 3592 etiam

191 3631 740 3702 caecutientem
796 3650 838 3700 a
877 3630 1087 3701 choro
1123 3632 1394 3718 eximit,
1437 3638 1646 3722 prout
1696 3651 1773 3704 re
1811 3633 1965 3722 ipsa
2003 3633 2361 3723 praestitit
2395 3634 2469 3703 in
2510 3636 2897 3704 memorata

195 3741 638 3835 spoletana.

355 3853 490 3924 65.
550 3850 968 3925 Pestilentia
1040 3853 1280 3943 aliquo
1351 3854 1423 3924 in
1478 3854 1628 3926 loco
1691 3855 1945 3928 misere
2015 3856 2433 3929 desaeviens
2501 3856 2897 3947 legitimum

179 3964 822 4057 impedimentum
892 3966 1260 4037 constituit
1328 3983 1414 4036 ex
1486 3969 1833 4060 corporali
1892 3971 2318 4042 necessitate
2385 3970 2894 4061 proficiscens,

175 4083 518 4170 propter
572 4075 769 4164 quod
822 4075 1230 4148 beneficiati
1284 4076 1376 4147 ad
1426 4077 1721 4148 chorum
1784 4080 2120 4153 accedere
2174 4089 2659 4168 excusantur,
2725 4083 2900 4172 quin

171 4192 488 4262 idcirco
525 4186 1070 4259 distributiones
1108 4190 1464 4260 amittant.
1506 4186 1833 4279 Namque
1870 4193 1941 4263 S.
1974 4190 2048 4263 C.
2084 4191 2156 4265 C.
2200 4195 2312 4265 die
2348 4195 2421 4265 9.
2462 4189 2638 4263 Nov.
2682 4193 2897 4266 1630.

164 4304 244 4376 in
293 4298 819 4377 Mecliolanen.
860 4293 1034 4395 (lib.
1081 4299 1198 4371 Μ.
1243 4301 1496 4374 decret.
1530 4322 1701 4394 paq.
1745 4297 1961 4399 527.)
2009 4305 2199 4394 apud
2236 4302 2507 4376 Bened.
2542 4301 2733 4374 XIV.
2767 4306 2898 4376 loc.

158 4418 294 4490 cit.
351 4434 450 4485 n.
498 4410 622 4482 50.
668 4409 856 4482 hanc
899 4413 1393 4500 quaestionem
1431 4414 1811 4503 diiigenter
1848 4415 2282 4487 examinavit
2321 4423 2390 4487 et
2428 4418 2681 4488 statuit
2722 4439 2759 4481 «ι
2792 4436 2909 4488 ca-

156 4558 198 4600 »
245 4523 584 4603 nonicis
637 4540 856 4593 causa
907 4525 1130 4613 pestis
1184 4524 1609 4596 absentibus
1662 4525 1907 4597 deberi
1960 4527 2424 4615 quotidianas
2463 4527 2909 4602 distributio-

151 4672 195 4717 ,
241 4659 409 4718 nes
449 4689 479 4727 ,
558 4634 621 4706 si
674 4635 900 4726 pestis
955 4643 1361 4727 grassetur,
1436 4644 1507 4709 et
1560 4645 1889 4730 petentes
1940 4638 2131 4711 soliti
2182 4641 2329 4713 sint
2380 4642 2724 4716 inservire
2759 4695 2778 4731 ,
2837 4647 2909 4714 et
