3497 5235
554 220 670 285 132
1302 222 1682 283 minutioni·
1712 226 1765 281 S.
1793 224 1977 297 θυαμ.
2005 222 2152 282 Ocno.
2192 224 2464 299 §xpo-itio.

550 383 589 430 a
627 359 1005 448 reditibus,
1055 377 1182 432 seu
1219 359 1682 450 proventibus
1718 363 1938 432 etiam
1973 361 2273 432 aliorum
2308 360 2795 453 collegiorum,
2834 365 2907 436 in
2944 365 3215 455 quibus

551 495 590 542 »
629 477 873 568 tamen
902 471 1282 543 seminaria
1311 471 1736 544 discentium
1766 473 1877 545 vel
1905 472 2317 545 docentium
2346 474 2437 545 ad
2466 493 2839 549 commune
2864 480 3212 552 ecclesiae

552 608 589 653 ιι
627 583 896 656 bonum
950 584 1536 674 promovendum,
1586 590 1752 657 actu
1803 603 1947 655 non
1983 583 2347 656 habentur
2396 580 2611 680 (haec
2645 587 2834 659 enim
2872 595 3209 680 exempta

550 719 587 764 ι
627 714 782 768 esse
833 692 1086 789 voluit)
1140 702 1641 786 praeterquam
1680 696 1953 768 ratione
1992 695 2377 784 redituum,
2419 699 2540 787 qui
2587 700 2928 789 superflui
2965 708 3211 775 essent

548 834 586 879 ›
625 811 815 881 ultra
869 808 1415 880 convenientem
1469 808 1783 898 ipsorum
1838 808 2380 880 seminariorum
2415 813 3041 900 sustentationem,
3079 832 3208 885 seu

549 944 586 989 ιι
626 938 1024 1010 corporum,
1065 919 1179 990 vel
1215 917 1906 1006 confraternitatum,
1949 937 2135 1009 quae
2170 920 2241 992 in
2282 922 2647 993 nonnullis
2698 922 2869 994 locis
2919 922 3209 997 scholae

547 1056 585 1101 »
625 1031 1106 1125 appellantur,
1161 1035 1232 1101 et
1282 1030 1601 1102 omnium
1654 1030 2270 1118 monaster-iorum,
2311 1039 2736 1104 nontamen
2789 1036 3216 1108 mendican-

547 1168 583 1214 »
624 1145 830 1231 tium,
888 1143 1106 1216 etiam
1142 1160 1230 1213 ex
1265 1140 1563 1214 decimis
1597 1159 2053 1231 quacumque
2086 1143 2366 1216 ratione
2404 1144 2495 1215 ad
2533 1143 2776 1232 laicos,
2817 1163 2903 1216 ex
2939 1147 3211 1237 quibus

538 1279 579 1324 »
616 1255 936 1328 subsidia
987 1254 1462 1329 ecclesiastica
1515 1254 1691 1325 solvi
1743 1252 2018 1340 solent,
2077 1261 2148 1327 et
2201 1254 2458 1326 milites
2511 1256 3021 1347 cuiuscumque
3074 1258 3214 1330 mi-

534 1391 572 1436 »
611 1365 810 1441 litiae
862 1373 986 1439 aut
1037 1366 1306 1439 ordinis
1341 1360 1869 1459 pertinentibus
1920 1362 2298 1459 (fratribus
2348 1368 2421 1438 S.
2464 1362 2759 1440 Ioannis
2793 1365 3206 1460 Hierosoly-

535 1502 571 1548 »
611 1480 862 1552 mitani
897 1480 1272 1550 dumtaxat
1309 1476 1686 1574 exceptis),
1721 1485 1998 1568 partem
2037 1478 2359 1567 aliquam
2393 1477 2504 1549 vel
2540 1479 2935 1571 portionem
2964 1479 3211 1553 detra·
3281 1510 3286 1514 ·

534 1616 572 1661 ›
609 1590 814 1676 hent,
872 1596 944 1662 et
994 1608 1152 1661 eam
1189 1590 1582 1679 portionem
1619 1589 1723 1660 sic
1759 1589 2180 1676 detractam,
2223 1607 2505 1661 necnon
2540 1588 2893 1662 beneficia
2929 1591 3209 1680 aliquot

536 1726 577 1771 »
612 1701 989 1795 simplicia,
1030 1701 1542 1790 cuiuscumque
1578 1701 1951 1790 qualitatis
1984 1709 2056 1775 et
2093 1701 2468 1793 dignitatis
2504 1702 2795 1792 tuerint,
2837 1707 2944 1776 vel
2984 1705 3207 1778 etiam

538 1837 575 1882 ιι
613 1813 1123 1906 praestimonia
1183 1813 1292 1883 vel
1343 1813 1957 1904 praestimoniales
2009 1815 2373 1903 portiones
2426 1824 2925 1907 nuncupataS,
2983 1817 3208 1890 etiam

537 1951 577 1996 ›
616 1933 783 1999 ante
832 1926 1303 2013 vacationem,
1360 1925 1516 1997 sine
1569 1923 1804 1996 cultus
1854 1925 2105 2013 divini,
2162 1931 2234 1997 et
2288 1926 2408 1996 illa
2461 1927 2939 1999 obtinentium
2994 1946 3209 2018 prae-

541 2062 577 2106 »
617 2038 907 2128 iudicio,
946 2038 1113 2109 huic
1149 2037 1443 2129 collegio
1479 2036 1947 2128 applicabunt
1986 2047 2056 2110 et
2094 2037 2679 2128 incorporabunt.
2730 2038 2929 2121 Quod
2968 2041 3206 2113 locum

540 2178 576 2222 ι
614 2151 909 2240 habeat,
967 2151 1242 2222 etiamsi
1310 2150 1659 2222 beneficia
1710 2152 1854 2223 sint
1906 2157 2265 2224 reservata
2337 2150 2446 2223 vel
2509 2152 2813 2241 affecta3
2889 2171 3020 2225 nec
3072 2172 3211 2244 per

539 2289 576 2334 ιι
614 2266 1168 2359 resignationem
1231 2265 1542 2356 ipsorum
1610 2266 2148 2353 beneficiorum,
2208 2266 2510 2338 uniones
2561 2272 2631 2338 et
2684 2267 3209 2358 applicationes

539 2400 576 2445 ιι
614 2378 956 2469 suspendi
991 2377 1100 2450 vel
1136 2377 1283 2448 ullo
1322 2379 1529 2451 modo
1565 2378 1894 2469 impediri
1930 2379 2231 2468 possint,
2262 2379 2387 2450 sed
2424 2380 2715 2450 omnino
2745 2398 3205 2469 quacumque

537 2513 575 2558 >
614 2487 1012 2576 vacatione,
1070 2489 1349 2561 etiamsi
1404 2489 1475 2559 in
1528 2490 1721 2562 curia
1778 2490 2110 2563 effectum
2159 2509 2372 2562 suum
2424 2492 2843 2580 sortiantur,
2900 2498 2970 2563 et
3022 2511 3209 2580 qua-

537 2627 573 2671 »
616 2617 922 2690 cumque
957 2596 1470 2674 Constitutione
1524 2619 1666 2673 non
1719 2601 2080 2675 obstante.
2147 2601 2245 2675 Ad
2300 2602 2490 2675 hanc
2526 2610 2763 2675 autem
2802 2605 3205 2695 portionem

539 2734 575 2778 »
615 2711 1117 2784 solvendam...
1178 2730 1710 2804 possessores...
1773 2714 1864 2785 ab
1916 2710 2268 2805 Episcopo
2319 2714 2452 2786 loci
2514 2732 2642 2805 per
2694 2733 3033 2786 censuras
3086 2733 3212 2787 ec-

538 2847 575 2890 »
616 2825 1050 2898 clesiasticas
1101 2843 1184 2897 ac
1236 2825 1374 2897 alia
1442 2825 1614 2897 iuris
1683 2826 1999 2897 remedia
2052 2825 2599 2916 compellantur,
2667 2828 2878 2899 etiam
2950 2820 3206 2900 vocato

536 2959 574 3004 ›
614 2935 706 3007 ad
758 2936 920 3025 hoc,
975 2938 1035 3009 si
1090 2936 1445 3009 videbitur
1497 2937 1762 3008 auxilio
1798 2937 2073 3009 brachii
2109 2938 2521 3010 saecularis.
2555 2963 2592 3005 x
2648 2938 2716 3009 Si
2773 2957 2935 3011 vero
2987 2941 3211 3010 semi-

533 3048 716 3120 narii
771 3048 1043 3122 reditus
1092 3055 1343 3120 auctus
1394 3048 1652 3137 fuerit,
1711 3049 2162 3122 tantumdem
2220 3051 2681 3122 imminuetur
2731 3050 2820 3122 de
2873 3050 3206 3140 portione

531 3179 572 3230 a
621 3160 991 3233 beneficiis
1042 3159 1510 3232 detrahenda.
1552 3158 1854 3242 Quando
1892 3160 2183 3232 inferior
2232 3180 2346 3233 ex.
2393 3180 2495 3252 gr.
2538 3158 2935 3253 Episcopus
2975 3163 3208 3253 negli-

535 3292 708 3364 gens
745 3275 816 3343 in
854 3271 1332 3362 exsequendis
1363 3273 1771 3345 huiusmodi
1808 3272 2306 3346 sanctionibus
2342 3272 2582 3360 fuerit,
2623 3271 2951 3344 eumdem
2988 3291 3210 3363 supe-

530 3385 695 3471 rior,
753 3384 935 3455 idest
985 3383 1598 3475 ArchiepiscopuS,
1657 3385 1914 3457 acriter
1948 3386 2283 3475 corripiat
2318 3390 2390 3456 et
2427 3383 2519 3455 ad
2557 3384 2921 3473 praedicta
2959 3394 3200 3475 cogat,

532 3497 635 3568 uti
691 3496 958 3579 ibidem
1009 3496 1250 3568 videre
1307 3496 1495 3569 licet.

682 3608 846 3679 143.
904 3605 1097 3689 Quae
1152 3629 1191 3679 a
1246 3609 1527 3699 Synodo
1579 3604 1995 3681 Tridentina
2050 3609 2198 3679 sive
2251 3608 2339 3679 de
2392 3614 2584 3694 taxa,
2641 3609 2789 3677 sive
2841 3606 2929 3678 de
2983 3607 3212 3680 bene-

532 3721 848 3793 ficiorum
894 3721 1317 3813 simplicium
1354 3723 1619 3793 unione
1672 3721 2113 3813 praescripta
2148 3726 2346 3808 sunt,
2387 3740 2429 3789 a
2467 3726 2855 3790 memorata
2893 3715 3199 3791 Constit.

529 3830 795 3904 Bened.
836 3829 1043 3905 XIII.
1091 3831 1410 3906 creditae
1463 3834 1655 3905 nobis
1710 3833 1975 3905 nedum
2029 3831 2493 3917 confirmata,
2555 3829 2679 3901 sed
2733 3835 2803 3900 et
2856 3828 3206 3918 ampliata

531 3943 1038 4033 declarataque
1088 3950 1282 4016 sunt.
1342 3942 1647 4036 Insuper
1709 3964 1849 4015 una
1917 3963 2077 4016 cum
2132 3942 2507 4033 encyclicis
2558 3939 2816 4013 Literis
2880 3941 2971 4010 ad
3033 3938 3211 4031 Epi-

530 4074 776 4148 scopos
828 4053 1080 4129 Italiae
1135 4063 1205 4128 et
1256 4057 1653 4129 insularum
1709 4057 2188 4129 adiacentium
2244 4057 2455 4126 missa
2511 4052 2644 4124 fuit
2697 4052 3056 4142 quaedam
3097 4054 3212 4124 in-

529 4170 822 4242 structio
875 4167 1196 4241 confecta
1251 4171 1662 4260 praesertim
1716 4188 1804 4241 ex
1858 4169 2462 4242 declarationibus
2532 4186 2572 4236 a
2646 4164 2716 4237 S.
2776 4164 2848 4236 C.
2908 4161 3209 4237 Concilii

527 4282 888 4371 superiore
939 4288 1252 4373 tempore
1303 4284 1605 4372 emissiS,
1665 4283 1740 4354 in
1795 4301 1939 4373 qua
1992 4284 2359 4375 speciatim
2411 4280 2984 4353 determinantur
3042 4296 3215 4369 per-

531 4410 747 4465 sonae
798 4393 892 4465 ad
942 4400 1186 4466 taxam
1236 4393 1783 4486 persolvendam
1836 4395 2249 4467 adstrictae.

686 4505 850 4577 144.
892 4502 1149 4596 Itaque
1185 4507 1868 4601 opportunissimum
1906 4507 2271 4594 duximuS,
2310 4503 2499 4577 hanc
2531 4502 2748 4576 etiam
2775 4506 3001 4575 totam
3029 4500 3214 4575 dare

531 4618 609 4691 in
660 4619 1022 4693 volumine
1055 4616 1193 4691 Ill.
1235 4619 1370 4694 sub
1408 4640 1607 4694 num.
1656 4620 1772 4693 11.
1833 4617 1945 4695 Ita
1998 4620 2189 4694 enim
2234 4625 2385 4693 tota
2428 4619 2728 4692 huiusce
2780 4614 3211 4690 feracissimi
