3497 5235
546 291 658 366 ⁰⁸!-
685 294 755 353 n.
796 294 869 352 Do
910 293 1173 367 Erumpo,
1212 292 1619 367 Archicpiooopo,
1658 292 1890 349 Primae
1929 289 1987 348 ot
2023 289 2349 347 Putrinchn.
2390 289 2444 363 g.
2470 290 2520 346 8.
2753 286 2865 351 187

262 439 419 507 penes
456 424 866 492 Honorantem
917 424 1357 512 reperiuntur,
1398 424 1747 489 remissive.
1780 456 1824 470 -
1856 424 1963 488 92.
2005 425 2117 488 93.
2156 421 2527 488 Afferuntur
2559 420 2689 487 duo
2723 441 2868 508 par-

265 522 498 589 ticulares
537 546 706 592 casus
766 546 965 613 super
1011 525 1333 593 domicilio
1384 527 1598 611 patris.
1637 563 1682 575 -
1727 528 1838 591 94.
1887 525 2178 603 Quaestio
2226 523 2319 601 lit,
2371 543 2449 589 an
2497 523 2867 592 adolescen-

263 626 392 691 tulus
442 646 548 712 per
601 629 893 696 accidens
954 649 1012 695 e.
1069 652 1131 718 g.
1181 629 1543 696 studiorum
1594 647 1772 693 causa
1823 627 1887 693 in
1935 626 2276 693 seminario
2325 626 2515 692 alieni
2568 628 2864 714 Episcopi

261 745 586 795 commorans
633 731 822 798 huius
873 732 1395 800 testimonialibus
1444 730 1750 816 indigeat,
1790 743 1858 795 ut
1893 729 2169 794 ordinari
2207 731 2404 814 possit
2437 728 2513 793 ab
2550 729 2865 815 Episcopo

254 831 463 912 proprio
506 831 765 919 originis
827 837 931 901 vel
977 835 1214 900 stabilis
1262 834 1596 901 domicilii.
1652 830 1976 916 Quidquid
2025 833 2106 896 sit
2154 830 2236 896 de
2284 832 2560 916 antiquis
2623 834 2863 897 resolu-

255 928 495 1009 tionibus,
544 936 607 1000 S.
647 937 717 1000 C.
773 937 1038 1002 Concilii
1089 937 1282 1003 hodie
1329 937 1712 1002 sententiam
1762 934 2197 1000 affirmativam
2243 949 2458 1002 secuta
2509 949 2627 1002 est.
2680 937 2861 1015 Quod

253 1047 586 1120 nequaquam
637 1037 845 1125 rigide
893 1039 1339 1126 accipiendum
1375 1054 1508 1106 est:
1565 1057 1694 1104 non
1731 1039 1811 1102 ita
1852 1050 2060 1102 tamen
2104 1039 2252 1114 late,
2293 1050 2362 1103 ut
2390 1039 2864 1125 aequipolleant

250 1132 420 1199 literae
464 1140 910 1207 testimoniales
967 1143 1231 1209 rectoris
1275 1144 1626 1209 seminarii.
1657 1178 1700 1190 -
1729 1144 1838 1205 93.
1876 1143 2103 1219 Quarta
2153 1153 2217 1206 et
2266 1142 2487 1206 ultima
2522 1162 2698 1207 causa
2767 1156 2861 1210 est

250 1234 599 1307 subiectionis
635 1243 961 1309 triennalis
997 1244 1404 1321 familiaritas,
1444 1244 1744 1310 videlicet
1779 1245 1951 1308 iuxta
1987 1242 2411 1321 conditiones,
2443 1263 2605 1328 quae
2642 1263 2867 1309 recen-

248 1350 439 1404 sentur.
470 1379 510 1390 -
540 1347 646 1410 96.
688 1349 968 1432 Tempus
1019 1368 1161 1413 cum
1212 1348 1529 1434 Episcopo
1564 1357 1856 1412 exactum
1906 1356 2052 1411 ante
2085 1346 2391 1433 adeptum
2423 1348 2862 1433 episcopatum

246 1455 591 1526 computatur
652 1449 717 1512 in
770 1449 1070 1515 triennio.
1126 1452 1265 1516 Non
1315 1460 1406 1514 est
1455 1459 1744 1526 certum,
1801 1448 1975 1533 quod
2028 1449 2376 1514 triennium
2440 1447 2670 1514 debeat
2726 1469 2862 1515 esse

246 1545 581 1613 continuum.
642 1552 1081 1617 Conciliantur
1127 1552 1417 1618 diversae
1463 1551 1850 1628 sententiae,
1907 1553 1987 1615 ita
2027 1561 2092 1616 ut
2127 1550 2517 1634 interruptio
2567 1551 2862 1616 notabilis

241 1648 481 1735 coniungi
520 1663 806 1739 tempora
843 1673 971 1721 non
1005 1655 1190 1720 sinat.
1220 1691 1262 1702 -
1294 1658 1401 1720 97.
1443 1655 1789 1720 Familiaris
1826 1654 1931 1719 ille
1965 1653 2226 1728 dicitur,
2265 1653 2373 1737 qui
2414 1652 2731 1738 Episcopo
2765 1655 2861 1719 in-

239 1751 412 1827 servit,
444 1772 588 1819 cum
624 1775 700 1820 eo
733 1755 920 1832 vivit,
958 1757 1035 1821 ab
1070 1757 1206 1842 ipso
1241 1757 1454 1822 alitur.
1495 1758 1680 1824 Unde
1715 1767 1985 1842 nepotes
2020 1766 2084 1822 et
2118 1756 2596 1841 consanguinei,
2640 1756 2688 1820 si
2729 1776 2859 1823 non

234 1852 488 1933 serviunt,
522 1877 657 1924 non
691 1857 996 1925 dicuntur
1030 1859 1365 1926 familiares
1396 1862 1473 1928 ad
1511 1860 1836 1937 effectum,
1870 1862 1951 1927 de
1987 1879 2115 1944 quo
2149 1859 2379 1946 agitur.
2404 1890 2449 1906 -
2471 1861 2576 1924 98.
2609 1857 2859 1924 Benefi-

236 1950 361 2019 cium
403 1956 686 2025 familiari
735 1961 1202 2029 conferendum
1253 1973 1466 2049 potest
1499 1983 1635 2028 esse
1668 1962 1972 2047 simplex,
2009 1961 2362 2027 dummodo
2395 1960 2475 2026 sit
2506 1960 2848 2027 sufficiens.

234 2054 467 2124 Conferri
515 2062 717 2128 debet
761 2065 982 2130 saltem
1035 2066 1196 2131 intra
1245 2085 1561 2143 mensem,
1614 2066 1855 2132 etiamsi
1908 2065 2007 2131 hic
2056 2065 2200 2130 alibi
2250 2062 2422 2129 aliud
2473 2063 2859 2130 beneficium

232 2154 321 2222 iam
362 2164 696 2245 possideat.
725 2202 768 2214 -
799 2169 906 2231 99.
952 2170 1100 2233 100.
1145 2172 1291 2235 101.
1330 2168 1626 2246 Quamvis
1679 2170 1847 2234 iuxta
1899 2169 2188 2253 antiquas
2236 2165 2658 2232 resolutiones
2708 2167 2859 2253 Epi-

229 2275 408 2345 scopus
450 2264 824 2332 familiarem
877 2269 1062 2335 titulo
1111 2271 1475 2356 patrimonii
1530 2272 1630 2337 vel
1679 2271 2006 2357 pensionis
2050 2270 2247 2355 possit
2283 2268 2605 2346 ordinare,
2661 2269 2856 2355 idque

227 2359 370 2426 etiam
412 2380 550 2451 post
586 2367 826 2433 editam
862 2373 1137 2437 Constit.
1178 2373 1613 2457 Speculatores
1659 2375 1874 2439 valere
1908 2372 2225 2439 Giraldius
2271 2373 2505 2458 aliique
2550 2372 2851 2452 sentiant,

223 2460 590 2535 nibilominus
641 2489 722 2535 ex
771 2474 1236 2540 recentioribus
1285 2479 1346 2543 S.
1390 2478 1458 2541 C.
1501 2478 1574 2541 C.
1629 2476 2133 2542 resolutionibus
2180 2475 2569 2541 contrarium
2631 2486 2859 2541 tenen-

220 2561 338 2633 dum
380 2588 506 2637 esse
556 2572 846 2640 videtur.
883 2612 925 2623 -
962 2581 1110 2645 102.
1153 2580 1562 2645 Declarantur
1595 2598 1794 2658 casus,
1836 2579 2090 2663 quando
2123 2577 2348 2665 aliquis
2382 2579 2671 2666 pluribus
2707 2580 2855 2665 Epi-

218 2672 381 2753 scopis
419 2676 746 2742 subiectus
795 2678 1037 2745 variare
1087 2684 1284 2767 possit
1348 2682 1410 2747 in
1473 2681 1786 2748 Ordinum
1833 2683 2270 2767 susceptione.
2305 2719 2349 2730 -
2402 2684 2547 2747 103.
2605 2681 2855 2747 Clerico

215 2772 418 2840 cuidam
464 2778 542 2844 ad
597 2778 984 2846 beneficium
1035 2782 1100 2848 in
1146 2784 1345 2849 aliena
1393 2784 1669 2849 dioecesi
1724 2784 2075 2869 possidenti
2109 2784 2185 2848 ab
2225 2784 2540 2868 Episcopo
2590 2782 2855 2868 originis

217 2877 633 2948 testimoniales
682 2882 986 2970 denegari
1036 2905 1166 2952 non
1214 2906 1422 2973 posse,
1478 2886 1767 2953 decrevit
1815 2893 1877 2956 S.
1921 2891 1989 2954 C.
2034 2890 2240 2972 Episc.
2296 2898 2359 2952 et
2400 2887 2626 2972 Regul.
2677 2885 2847 2951 salva

213 2985 384 3046 tamen
429 2994 563 3052 tum
620 2987 937 3072 Episcopo
987 2990 1249 3076 originis
1300 2991 1595 3058 facultate
1646 2990 2021 3058 testificandi
2074 3001 2266 3079 prout
2320 2989 2436 3053 sibi
2486 2987 2846 3068 videretur,

214 3087 318 3146 tum
360 3089 679 3175 Episcopo
732 3089 1027 3158 beneficii
1063 3092 1398 3160 ordinandi
1438 3096 1771 3173 clericum,
1809 3095 1910 3159 vel
1947 3114 2101 3160 non.
2129 3131 2172 3143 -
2213 3096 2361 3159 104.
2400 3091 2639 3157 Eadem
2683 3093 2746 3158 S.
2774 3095 2848 3157 C.

209 3179 433 3255 diacono
481 3198 731 3262 Sorano
781 3197 1038 3283 Neapoli
1093 3196 1155 3261 in
1202 3197 1542 3263 seminario
1591 3197 1882 3284 degenti,
1948 3197 2168 3280 ibique
2215 3195 2625 3281 capellaniam
2688 3212 2853 3258 asse-

210 3298 346 3368 cuto,
393 3295 606 3361 literas
656 3297 1225 3376 excardinatorias,
1279 3301 1379 3364 vel
1430 3298 1814 3365 dimissorias
1864 3298 2045 3364 iussit
2093 3296 2355 3364 concedi
2410 3297 2485 3361 ab
2537 3295 2854 3383 Episcopo

209 3392 433 3474 Sorano,
485 3397 603 3483 qui
655 3398 719 3463 in
766 3400 1112 3466 seminario
1162 3402 1540 3468 dioecesano
1573 3421 1721 3468 eum
1757 3402 2131 3466 commorari
2172 3398 2655 3485 praetendebat,
2695 3415 2857 3461 tam-

207 3495 298 3558 etsi
329 3501 601 3567 Soranus
635 3520 744 3566 aer
778 3501 835 3567 ei
876 3504 1166 3568 inimicus
1201 3504 1388 3570 foret.
1421 3540 1463 3551 —
1505 3508 1659 3571 105.
1699 3507 1994 3568 Morenus
2030 3514 2094 3568 et
2129 3507 2476 3589 Lamperez
2527 3517 2853 3568 commen-

202 3597 393 3664 tarium
437 3621 645 3688 super
691 3604 868 3669 Bulla
921 3606 1351 3689 Speculatores
1398 3606 1878 3672 elucubrarunt.

815 3697 839 3724 l

313 3874 425 3947 79.
480 3873 687 3948 Haec
737 3875 827 3948 de
879 3876 1296 3950 dimissoriis
1348 3884 1419 3949 et
1469 3878 2079 3950 testimonialibus
2132 3876 2354 3950 literis
2389 3881 2595 3949 erant
2642 3889 2853 3966 prae-

194 3983 546 4060 mittenda:
592 3988 804 4059 modo
854 3990 1203 4060 nonnulla
1255 3989 1692 4062 sectabimur
1741 3990 1833 4062 de
1884 3991 2185 4082 singulis
2221 3995 2530 4079 quatuor
2581 3986 2843 4074 causis,

189 4111 256 4166 ex
300 4100 572 4190 quihus
627 4099 889 4190 aliquis
939 4099 1290 4195 Episcopo
1341 4102 1675 4175 subditus
1727 4105 1833 4176 fit.
1874 4102 2108 4192 Primo
2161 4103 2311 4174 loco
2380 4103 2574 4173 venit
2625 4099 2852 4171 hene-

189 4205 394 4283 ficium
449 4214 530 4283 in
586 4212 897 4285 dioecesi
950 4221 1384 4301 assecutum,
1426 4216 1721 4306 pacifice
1759 4233 2191 4306 possessum,
2232 4220 2302 4285 et
2337 4210 2846 4285 sustentationi

183 4318 365 4405 plane
415 4321 821 4411 sufficienS,
881 4325 1059 4414 quin
1112 4325 1320 4396 aliter
1370 4324 1730 4398 defectum
1783 4325 2118 4417 supplere
2156 4326 2393 4412 liceat,
2439 4330 2516 4396 ut
2551 4322 2642 4395 ad
2682 4340 2847 4394 nor-

184 4443 344 4503 mam
378 4436 616 4525 ipsius
652 4431 1219 4507 Innocentianae
1272 4435 1665 4508 declaravit
1700 4434 1774 4507 S.
1815 4435 1888 4507 C.
1930 4433 2141 4507 Conc.
2184 4438 2541 4517 Romana,
2577 4454 2697 4507 seu
2736 4434 2848 4506 Si-

171 4552 344 4626 pont.
383 4548 515 4617 28.
565 4542 703 4617 Iul.
752 4546 966 4617 1718.
1008 4545 1104 4617 ad
1151 4546 1225 4617 2.
1266 4544 1463 4619 Facit
1515 4546 1607 4620 ad
1661 4564 1809 4620 rem
1861 4548 2080 4619 etiam
2134 4546 2517 4639 spoletana
2572 4547 2826 4621 Ordin.

172 4647 279 4723 20.
313 4651 503 4729 NoV.
555 4656 770 4728 1756.
