3497 5235
738 412 1281 506 PRAEFATIO
1334 414 1464 506 AD
1521 414 1938 508 TERTIAM
1993 414 2528 509 EDITIONEM.

1250 684 1447 694 ——-—-
1469 666 1802 719 -οψεμμ
1819 687 2023 698 ---

481 946 702 1056 Opus
772 945 871 1030 cl.
917 945 1192 1032 Lucidi
1261 951 1361 1032 ab
1425 946 1793 1033 omnibus
1857 946 1976 1047 iis,
2022 933 2157 1058 qui
2211 976 2340 1036 res
2405 948 2516 1034 ibi
2577 954 2961 1034 tractatas

308 1085 599 1194 optimc
666 1092 991 1188 norunt,
1036 1086 1309 1195 magni
1375 1088 1875 1189 aestimatur,
1936 1088 2229 1197 quippe
2306 1092 2517 1196 quod
2581 1090 2968 1197 praebeat

307 1224 964 1307 commentarium
1029 1224 1280 1307 solida
1345 1214 2213 1315 doctrinffiheoretica
2281 1233 2364 1309 et
2426 1225 2776 1334 practica
2839 1254 2966 1310 re-

304 1361 827 1447 fertissimum
890 1361 973 1444 in
1045 1361 1647 1446 celeberrimam
1723 1361 1942 1446 illam
2006 1363 2658 1463 Instructionem,
2727 1390 2966 1472 quam

304 1502 526 1588 iussu
593 1531 655 1585 s,
726 1531 830 1584 m.
900 1500 1318 1585 Benedicti
1393 1503 1621 1585 Xlll.
1687 1499 1931 1588 Sacra
2024 1502 2564 1610 Congregatio
2638 1500 2969 1586 Concilii

304 1639 551 1726 edidit
596 1668 738 1749 pro
784 1638 1219 1748 EpiscopiS‚
1264 1637 1929 1748 Ai·chiepiscopiS‚
1965 1639 2445 1723 Primatibus
2491 1646 2573 1723 et
2616 1640 2970 1723 Patriar-

309 1776 477 1862 chis
543 1805 787 1887 super
848 1777 1079 1860 modo
1172 1774 1633 1859 conficiendi
1696 1775 2125 1862 relationes
2210 1784 2569 1860 statuum
2644 1801 2971 1860 suarum

310 1916 876 2016 Ecclesiarum‚
922 1942 1122 2021 quas
1189 1912 1599 1998 occasione
1669 1914 2160 2000 visitationis
2236 1917 2660 2002 Sacrorum
2724 1914 2969 2000 Limi-

311 2084 496 2139 num
563 2055 824 2141 eidem
890 2052 1178 2139 Sacrae
1243 2051 1871 2162 Congregationi
1918 2053 2297 2138 exhibere
2361 2061 2759 2140 tenentur.

490 2192 744 2280 Valde
823 2195 1169 2291 erraret,
1237 2190 1372 2299 qui
1442 2191 1934 2299 opinaretur,
2020 2190 2237 2275 hunc
2316 2190 2970 2276 commentarium

311 2330 496 2415 solis
564 2328 1072 2415 Antistitibus
1155 2328 1339 2410 usui
1414 2356 1586 2413 esse
1653 2355 1941 2438 posse;
2025 2357 2210 2413 nam
2289 2356 2449 2413 non
2542 2330 2799 2415 solum
2886 2327 2972 2412 hi

314 2474 393 2552 et
454 2467 945 2577 quicumque
1011 2467 1331 2550 eosdem
1393 2464 1474 2548 in
1540 2467 1914 2574 regendis
1957 2466 2454 2552 dioecesibus
2499 2469 2970 2552 coadiuvare
3069 2448 3072 2453 ⁵

313 2609 628 2707 debent,
673 2605 815 2690 sed
881 2604 1121 2689 etiam
1186 2631 1459 2687 omnes
1502 2602 1638 2687 alii
1702 2607 2155 2689 sacerdotes
2211 2605 2292 2688 in
2337 2633 2575 2715 opere
2638 2606 2768 2690 bo.
2817 2634 2967 2692 me.

313 2744 593 2830 Lucidi
655 2743 995 2854 plurima
1060 2743 1265 2826 scitu
1331 2743 1780 2827 necessaria
1842 2743 2270 2844 invenient,
2316 2772 2524 2852 quae
2591 2748 2803 2853 apud
2847 2773 2973 2829 re-

317 2884 702 2968 centiores
767 2881 961 2964 iuris
1026 2879 1384 2964 canonici
1450 2893 1531 2966 et
1595 2881 2053 2990 theologiae
2119 2882 2541 2992 pastoralis
2607 2890 2975 2969 auctores

315 3049 493 3106 raro
558 3021 759 3104 adeo
825 3018 1073 3103 solide
1140 3024 1222 3101 et
1286 3018 1629 3102 dilucide
1693 3025 2038 3103 tractata
2101 3022 2641 3105 inveniuntur.

498 3157 726 3262 Quod
791 3155 872 3239 in
936 3156 1251 3239 duabus
1316 3156 1711 3264 prioribus
1758 3156 2237 3241 editionibus
2302 3158 2771 3267 stereotypis
2836 3159 2976 3243 do-

315 3294 635 3379 lendum
720 3299 931 3395 erat,
1005 3299 1086 3377 et
1162 3294 1374 3401 quod
1456 3293 1624 3401 ipse
1708 3303 2029 3395 auctor,
2114 3295 2381 3405 (prout
2459 3296 2618 3398 vir,
2684 3305 2767 3382 et
2829 3295 2980 3406 ipsi

319 3441 402 3518 et
462 3431 660 3516 mihi
724 3430 1068 3514 amicitia
1151 3430 1470 3516 iunctus
1558 3430 1987 3544 asseruit),
2055 3433 2327 3517 multis
2411 3434 2775 3541 lacrymis
2839 3434 2979 3519 de·
3049 3483 3070 3502 ·

318 3570 534 3656 flevit
597 3578 681 3653 et
744 3577 1227 3678 conquestus
1271 3575 1418 3670 cst,
1483 3569 1678 3653 illud
1726 3577 1873 3669 est,
1941 3572 2153 3679 quod
2216 3570 2715 3681 negligentia
2759 3600 2980 3654 ania-

322 3706 738 3793 nuensium
805 3707 980 3791 loca
1067 3736 1166 3792 ex
1242 3707 1563 3817 optimis
1644 3707 1997 3793 fontibus
2076 3711 2496 3819 desumpta
2579 3710 2978 3795 rarissime

326 3845 637 3931 omnino
683 3845 1024 3930 fideliter
1083 3851 1275 3929 sunt
1338 3853 1738 3955 excerpta,
1802 3853 1884 3929 et
1948 3851 2160 3954 quod
2221 3846 2528 3931 incuria
2605 3854 2980 3958 typogra-

324 3984 661 4093 phorum
724 3991 807 4071 et
895 3982 1107 4068 illius
1145 4047 1164 4086 ‚
1232 3983 1361 4067 cui
1423 3983 1615 4067 folia
1680 3983 2152 4093 corrigenda
2236 3993 2468 4069 erant
2532 3987 2978 4089 commissa,

323 4120 717 4208 innumeri
781 4123 1144 4208 defectus
1209 4121 1757 4233 typographici
1809 4123 2330 4248 irrepserunt,
2376 4123 2512 4233 qui
2576 4152 2735 4210 non
2798 4152 2980 4216 raro

325 4258 405 4342 id
470 4259 839 4361 efficiunt,
904 4268 1019 4359 ut,
1083 4260 1279 4368 quid
1342 4259 1662 4344 valeant
1724 4260 2205 4363 sententiae,
2281 4267 2363 4346 et
2433 4262 2625 4371 quid
2700 4272 2985 4348 auctor

327 4396 582 4482 dicere
616 4397 984 4497 voluerit,
1028 4398 1280 4483 lector
1342 4397 1609 4483 videre
1655 4399 1973 4484 omnino
2016 4426 2176 4483 non
2232 4401 2501 4509 possit.
2549 4402 2669 4487 Ne
2715 4398 2984 4485 videa-

327 4560 507 4618 mur
566 4537 842 4621 durius
908 4535 1289 4640 iudicare,
1332 4563 1712 4645 rogamus
1775 4537 2186 4642 lectorem,
2232 4546 2323 4622 ut
2367 4539 2723 4624 conferre
2790 4538 2984 4624 velit
3049 4575 3054 4581 ·
