3497 5235
610 275 725 340 128
1354 275 1722 338 humationi·
1764 278 1817 336 8.
1847 273 2029 351 Oeagr-
2057 274 2204 335 Gonu.
2244 275 2517 351 expositio.

607 413 913 486 lominus
964 413 1139 485 solet
1204 414 1277 485 S.
1319 411 1395 485 C.
1450 411 1841 504 Episcopos
1892 413 2320 501 admouere,
2380 411 2668 502 quando
2722 429 2842 482 eos
2891 408 3277 483 seminario

608 543 847 598 carere
899 525 1118 614 videt,
1176 543 1267 597 ne
1319 527 1555 598 animo
1608 525 2126 619 despondeant,
2185 543 2360 597 neve
2399 541 2555 596 sese
2589 523 3138 596 difficultatibus
3174 522 3269 593 ab

608 655 821 729 opere
885 638 1018 710 boc
1080 638 1556 730 aggrediendo
1624 637 1961 711 deterreri
2030 638 2295 709 sinant.
2357 635 2544 709 Deus
2594 638 2827 725 enim,
2888 643 2963 709 ut
3013 635 3263 707 eadem

607 750 1318 823 animadvertendum
1369 750 1458 821 de
1512 768 1702 822 more
1755 750 2120 842 proponit,
2170 767 2415 821 eorum
2465 756 2764 821 conatus
2815 749 2916 821 ita
2967 747 3267 819 adiuva-

606 862 757 951 bit,
813 870 893 935 ut
940 863 1136 954 operi
1186 861 1546 952 fastigium
1599 880 1862 953 ponere
1914 880 1989 933 se
2044 881 2250 952 posse
2299 880 2582 952 sperare
2651 861 2960 932 valeant.
3018 857 3268 950 Neque

607 977 980 1063 immerite,
1039 992 1246 1062 nam,
1303 975 1403 1046 ait
1454 970 1718 1046 Bened.
1763 969 1955 1045 XIV.
2013 966 2232 1067 (Inst.
2289 973 2455 1046 eccl.
2496 973 2621 1046 59.
2678 993 2751 1044 n.
2798 969 2969 1068 13.)
3032 995 3070 1038 (ι
3109 973 3267 1064 ipsa

609 1113 646 1156 >›
688 1107 920 1161 rerum
970 1087 1407 1179 experientia
1461 1087 1691 1160 edocti
1744 1106 2019 1174 summ,
2081 1105 2337 1178 magna
2392 1088 2761 1159 alacritate
2808 1083 3269 1177 suscipienda

607 1226 644 1267 »
685 1219 882 1288 esse,
939 1217 1124 1289 quae
1176 1199 1267 1272 ad
1320 1197 1445 1272 Dei
1501 1200 1769 1272 cultum
1825 1201 2268 1292 pertineant,
2327 1202 2703 1292 ipsiusque
2748 1218 3051 1271 arcanae
3103 1216 3273 1289 pro-

606 1339 642 1380 »
685 1312 1040 1386 videntiae
1093 1311 1492 1384 fidendum.
1525 1339 1564 1379 ›
1618 1309 1848 1402 quue
1901 1312 2083 1383 ide·
2137 1309 2463 1384 Pontifex
2517 1314 2842 1405 exemplo
2892 1330 3020 1383 suo
3072 1328 3272 1384 com-

601 1423 898 1518 probat3
955 1424 1181 1517 pergit
1234 1426 1421 1496 enim
1477 1425 1852 1515 inquiens:
1930 1449 1966 1490 «
2007 1422 2183 1495 Nam
2245 1434 2576 1516 coeptum
2635 1443 2816 1516 opus
2868 1420 3268 1515 (seminarii

607 1562 643 1603 »
683 1536 1010 1609 videlicet
1047 1536 1138 1608 ab
1176 1555 1258 1609 eo
1295 1534 1664 1631 exstructi)
1700 1536 2069 1609 devenisse
2108 1537 2179 1607 in
2217 1555 2378 1608 eum
2414 1538 2644 1609 locum
2684 1537 3012 1626 vidimuS,
3045 1555 3266 1627 quem

605 1649 970 1720 »minime
1025 1649 1538 1738 sperabamus:
1597 1657 1664 1721 et
1719 1650 1886 1720 novi
1938 1666 2214 1739 semper
2263 1650 2501 1722 aditus
2553 1649 2887 1740 patefacti
2943 1657 3139 1736 sunt,
3181 1657 3267 1721 ut

605 1787 642 1829 »
683 1762 1135 1852 gravissimas
1186 1779 1536 1851 expensas
1571 1761 2110 1849 sustineremuS,
2153 1780 2339 1850 quae
2374 1763 2557 1835 vires
2593 1768 2873 1833 nostras
2909 1780 2991 1834 ac
3027 1762 3269 1834 tenui-

605 1899 642 1943 »
682 1880 899 1946 tatem
951 1875 1312 1945 seminarii
1362 1873 1568 1964 longe
1619 1873 2085 1966 superabant.
2142 1870 2425 1946 Etenim
2481 1872 2604 1947 Dei
2656 1875 3003 1946 beneficio
3038 1893 3270 1964 quae-

607 2013 644 2054 »
684 1988 848 2060 dam
894 1989 1081 2060 vitae
1135 1987 1499 2059 commoda
1552 2005 1637 2057 ac
1685 1985 2137 2057 remissiones
2188 1984 2496 2057 libenter
2532 1987 2954 2074 dimisimuS,
2993 2004 3273 2075 easque

604 2124 641 2168 >
682 2098 1164 2187 difficultate5‚
1223 2097 1487 2188 quibus
1535 2097 1895 2169 humanae
1946 2103 2246 2170 naturae
2299 2099 2615 2171 conditio
2663 2099 2870 2171 valde
2905 2099 3269 2171 contraria

605 2235 641 2280 »
680 2220 815 2301 est,
875 2212 1200 2285 alacriter
1250 2211 1491 2283 subire
1548 2229 1691 2282 non
1741 2209 2257 2286 dubitavimus
2305 2236 2347 2280 >u

755 2325 920 2396 132.
967 2321 1169 2406 Quod
1204 2330 1445 2396 autem
1477 2322 1613 2394 sibi
1653 2322 2001 2395 accidisse
2033 2322 2375 2395 narrabat
2409 2342 2713 2414 magnus
2750 2323 2867 2394 illc
2904 2320 3265 2413 Pontifex,

601 2455 743 2508 non
796 2438 1045 2527 paucis
1096 2437 1255 2509 aliis
1305 2436 1628 2509 evenisse
1661 2433 2032 2526 Episcopis
2069 2436 2491 2507 confirmare
2519 2455 2914 2528 possemus,
2972 2438 3096 2526 qui
3150 2437 3269 2508 vel

605 2548 816 2638 ultro,
857 2550 966 2622 vel
1004 2551 1078 2621 S.
1102 2546 1676 2641 congregationis
1712 2547 2180 2620 hortamentis
2215 2548 2500 2622 excitati
2536 2549 2894 2621 seminarii
2921 2547 3273 2620 aedifica-

604 2661 867 2733 tionem
922 2663 1280 2754 suscipere
1315 2680 1458 2733 non
1494 2661 1969 2733 haesitaruut.
2027 2657 2211 2741 Quin
2266 2663 2404 2732 imo
2457 2662 2679 2751 aliqui
2734 2662 2999 2734 inventi
3054 2668 3263 2750 sunt,

603 2774 728 2863 qui
763 2772 1159 2846 subsidium
1197 2774 1287 2846 ad
1324 2774 1509 2848 hanc
1537 2792 1684 2845 rem
1717 2772 1883 2844 inde
1910 2780 2543 2863 consequerentur,
2579 2774 2766 2845 unde
2795 2773 3269 2845 difficultates

601 2892 671 2957 et
725 2886 1231 2976 impedimenta
1283 2884 1728 2958 metuebant.
1788 2882 1873 2957 Id
1925 2905 2053 2957 nos
2096 2903 2302 2975 porro
2338 2884 2736 2976 colligimus
2788 2904 2873 2957 ex
2926 2883 3270 2975 pluribus

600 2993 1107 3090 Episcoporum
1142 2997 1639 3085 relationibuS,
1681 3016 1868 3087 quae
1904 2998 1977 3069 in
2015 2996 2352 3069 diuturna
2396 2994 2531 3071 hac
2567 3004 2809 3070 nostra
2845 2996 3266 3068 earumdem

599 3109 1024 3183 relationum
1069 3110 1651 3203 perlegendarum
1686 3110 2192 3184 exercitatione
2226 3108 2317 3180 ad
2356 3128 2609 3181 manus
2642 3115 3149 3202 pervenerunt.

754 3222 917 3293 133.
976 3224 1442 3295 Seminarium
1498 3229 1827 3294 censetur
1879 3238 2036 3293 vere
2071 3230 2143 3294 et
2178 3219 2567 3295 formaliter
2602 3228 2938 3310 erectum,
2979 3222 3274 3312 quoties

600 3332 869 3404 alumni
940 3334 1013 3404 in
1076 3333 1318 3423 aliqua
1371 3334 1587 3406 etiam
1640 3334 1848 3406 domo
1900 3334 2254 3407 conducta
2309 3334 2772 3426 collegialiter
2821 3335 3266 3423 consistunt,

600 3452 673 3515 et
722 3445 921 3516 iuxta
974 3445 1268 3518 formam
1321 3444 1531 3518 Conc.
1573 3443 1764 3518 Trid.
1825 3445 2000 3518 inibi
2070 3447 2345 3520 vivunt.
2402 3443 2584 3519 Rota
2636 3465 2871 3519 coram
2924 3442 3269 3535 Coccin0‚

600 3557 821 3629 deciS.
868 3558 1083 3630 1361.
1141 3578 1214 3629 n.
1262 3559 1362 3646 1.;
1419 3565 1488 3630 et
1538 3559 1805 3650 passim
1859 3559 2294 3631 concordant
2348 3577 2649 3650 magnae
2683 3567 2895 3631 notae
2931 3558 3276 3631 doctores

602 3670 794 3762 apud
846 3668 1157 3744 Ferraris
1209 3671 1261 3741 l.
1302 3691 1364 3743 c.
1423 3691 1496 3742 n.
1538 3670 1610 3743 4.

754 3782 916 3853 134.
973 3779 1256 3875 Emptio
1308 3783 1560 3856 domus
1612 3793 1734 3858 aut
1788 3785 2036 3857 electio
2086 3785 2588 3876 deputatorum
2641 3803 2783 3856 non
2835 3793 2939 3857 est
2991 3786 3278 3859 erectio

600 3895 962 3967 seminarii
1014 3891 1231 3987 (Rota
1291 3896 1406 3967 15.
1453 3894 1669 3988 April.
1716 3896 1931 3970 1622.
1990 3896 2181 3986 apud
2234 3894 2508 3969 Ferrar.
2568 3898 2619 3968 l.
2661 3917 2724 3968 c.
2780 3916 2856 3969 n.
2902 3894 3138 3993 129).

753 4007 917 4078 135.
973 4006 1448 4080 Seminarium
1498 4009 1672 4100 erigi
1722 4027 1866 4080 nou
1916 4013 2149 4099 potest
2201 4008 2276 4080 iu
2328 4008 2627 4081 aedibus
2680 4008 3274 4101 canonicalibuS,

600 4118 737 4191 nisi
788 4118 875 4191 de
928 4138 1282 4193 consensu
1330 4122 1874 4209 canonicorum,
1930 4126 2000 4193 et
2053 4122 2151 4192 ita
2203 4129 2657 4213 separatum,
2716 4130 2793 4196 ut
2856 4121 3277 4214 presbyteri

600 4233 711 4303 vel
763 4233 995 4305 clerici
1046 4234 1318 4308 nullam
1370 4233 2081 4307 communieationem
2132 4233 2450 4307 habeant
2488 4254 2647 4306 cum
2685 4236 2995 4308 alumnis
3043 4237 3289 4307 semi-

601 4344 783 4415 narii
835 4340 941 4439 (S.
983 4343 1054 4418 C.
1097 4343 1336 4437 Episc.
1377 4352 1448 4418 et
1490 4342 1746 4437 Regul.
1791 4347 1860 4417 3.
1896 4343 2102 4417 Febr.
2143 4347 2354 4420 1604.
2397 4345 2672 4419 Ferrar.
2715 4348 2765 4418 l.
2797 4367 2860 4420 c.
2901 4368 2973 4420 n.
3012 4344 3277 4444 432).

750 4457 914 4529 136.
973 4457 1445 4533 Seminarium
1495 4478 1638 4532 non
1693 4458 1934 4531 deficit
2000 4476 2129 4550 per
2182 4465 2712 4551 temporaneam
2764 4460 3085 4531 eiusdem
3141 4480 3293 4533 su·—

598 4571 1047 4661 spensionem
1099 4568 1206 4666 (S.
1247 4570 1317 4644 C.
1363 4570 1574 4644 Cone.
1631 4572 1704 4642 in
1741 4571 2125 4644 Ferentino
2174 4573 2469 4664 Benefic.
2536 4573 2651 4642 16.
2695 4569 2987 4644 Ianuar.
3034 4572 3279 4647 1762.

597 4681 672 4782 ἓ.
723 4684 1004 4772 Verum,
1056 4695 1126 4761 et
1182 4687 1536 4782 Spoletan.
1580 4687 1931 4759 seminar.
1979 4685 2096 4755 11.
2140 4681 2301 4758 Iulii
2342 4685 2554 4759 1840.
2610 4682 2683 4778 ἓ.
2728 4681 3099 4785 Denique).
