3497 5235
1074 247 1146 305 no
1186 244 1488 304 vuit-tien·
1526 243 1792 304 smum
1828 239 2092 301 nimium.
2817 234 2890 296 ει
2953 240 2964 251 ·
3105 216 3132 245 '

281 382 562 468 curiam,
617 379 696 452 in
749 377 1083 451 manibus
1134 374 1487 451 Antistitis
1537 376 1628 449 ad
1675 375 1809 450 hoc
1861 373 1950 447 ab
2004 372 2402 464 Apostolica
2463 370 2642 444 Sede
2703 370 2899 443 dele-

283 491 442 582 gati3
495 490 574 564 id
625 508 793 563 vero
843 488 1033 562 idem
1084 487 1521 580 praestabat,
1577 494 1962 578 antequam
2013 503 2274 558 munus
2350 482 2897 556 consecrationis

278 601 688 692 susciperet,
746 607 870 674 aut
919 599 1213 692 pallium
1263 604 1782 690 assequeretur,
1838 597 1948 671 vel
2000 597 2059 670 si
2111 596 2200 669 de
2233 614 2378 668 una
2413 593 2505 666 ad
2538 592 2749 665 aliam
2785 609 2899 664 ec-

277 712 558 786 clesiam
605 710 1000 785 translatus
1047 716 1260 800 esset,
1317 716 1701 802 antequam
1751 708 2047 784 huiusce
2097 724 2252 780 sese
2302 702 2896 778 administrationi

282 822 725 895 admisceret.

417 932 543 1004 45.
582 928 972 1006 Recentius
1021 948 1184 1007 vero
1234 931 1414 1007 ritus
1446 932 1564 1006 hic
1597 929 1923 1006 nonnihil
1956 929 2370 1004 immutatus
2404 934 2533 1001 est.
2576 924 2663 1001 In
2699 947 2903 1020 prae·

281 1060 440 1116 sens
491 1044 716 1132 enim,
772 1041 1060 1133 quando
1110 1043 1427 1116 novellus
1473 1044 1788 1119 Antistes
1838 1044 1914 1116 in
1966 1043 2160 1116 curia
2209 1045 2530 1113 versatur
2577 1040 2712 1113 sub
2755 1041 2904 1113 exi-

284 1161 425 1227 tum
478 1150 918 1243 consistorii,
974 1170 1113 1245 quo
1165 1172 1205 1225 a
1255 1149 1576 1226 Romano
1625 1151 1964 1228 Pontiflce
2013 1144 2404 1244 Episcopus
2453 1151 2902 1224 renuntiatus

282 1264 516 1353 inerit,
572 1270 950 1355 postquam
1000 1263 1229 1337 eidem
1281 1264 1660 1337 amiculum
1711 1266 2141 1337 manicatum
2174 1316 2194 1351 ,
2252 1262 2459 1354 vulgo
2532 1261 2903 1344 rocchetto,

282 1377 688 1468 impositum
740 1382 873 1466 est,
927 1376 989 1448 si
1038 1376 1224 1449 idem
1275 1376 1646 1468 presbyter
1693 1375 2075 1448 saecularis
2125 1375 2244 1462 sit;
2300 1374 2408 1447 vel
2461 1373 2726 1445 exomis
2775 1390 2901 1447 seu

284 1488 666 1560 amiculum
716 1489 871 1560 sine
921 1488 1258 1577 manicis,
1313 1487 1504 1578 quod
1555 1486 1756 1561 audit
1802 1493 2188 1569 mezzetta,
2239 1485 2643 1576 impositum
2693 1482 2905 1555 tuerit

283 1618 491 1691 supra
544 1598 911 1695 palliolum
960 1598 1212 1672 coloris
1261 1599 1372 1674 sui
1422 1597 1716 1689 ordiniS,
1771 1599 1983 1690 vulgo
2031 1596 2498 1677 mantenano,
2548 1596 2609 1666 si
2657 1594 2748 1665 sit
2799 1610 2908 1665 re·-

288 1710 586 1801 gularis,
642 1704 1083 1782 Cardinalem
1133 1718 1463 1801 nepotem
1513 1705 1836 1805 (quando
1885 1707 2181 1781 forsitan
2231 1704 2448 1802 adsit)
2497 1705 2905 1777 visitaturus

287 1821 454 1908 adit,
513 1822 825 1911 itemque
877 1820 1316 1895 Cardinalem
1368 1821 1458 1895 ab
1521 1823 1799 1896 arcanis
1873 1826 2102 1895 status
2175 1820 2476 1911 negotiis
2506 1870 2525 1907 ,
2584 1835 2664 1889 ac
2738 1816 2903 1888 dein

288 1930 728 2004 Cardinalem
763 1928 1471 2005 vice-Cancellarium
1507 1930 1578 2005 S.
1618 1930 1708 2004 R.
1741 1929 1860 2022 E.,
1900 1941 1969 2007 et
2004 1933 2306 2022 primum
2343 1926 2784 2001 Cardinalem
2819 1943 2906 1997 ex

289 2044 532 2116 ordine
583 2041 1077 2133 Diaconorum,
1134 2042 1325 2134 apud
1376 2061 1590 2135 quem
1644 2049 2107 2116 memoratum
2142 2044 2616 2115 iuramentum
2651 2037 2910 2110 emittit

293 2156 479 2226 iuxta
535 2153 936 2244 formulam,
992 2173 1175 2245 quae
1226 2155 1297 2226 in
1349 2151 1746 2228 Pontificali
1797 2150 2121 2227 Romano
2170 2153 2455 2244 legitur.

428 2264 552 2335 46.
591 2261 879 2347 Quoties
929 2265 1004 2337 in
1055 2265 1300 2338 eodem
1367 2263 1787 2340 Consistorio
1861 2263 2189 2357 Episcopi
2258 2269 2330 2334 et
2395 2258 2908 2353 Arcbiepiscopi

290 2375 492 2447 simul
544 2377 1070 2466 renuntiantur,
1124 2384 1273 2449 tum
1325 2377 1699 2451 iuramenti
1735 2376 2104 2450 formulam
2139 2390 2381 2446 omnes
2415 2373 2906 2466 pronuntiant;

294 2503 427 2575 quo
476 2483 664 2558 facto
713 2483 1043 2577 Episcopi
1093 2484 1185 2557 ad
1234 2490 1556 2580 proprias
1606 2489 1812 2562 sedes
1861 2493 2337 2573 revertuntur,
2392 2482 2914 2576 Archiepiscopi

295 2613 447 2668 vero
499 2590 750 2691 (idque
800 2594 1217 2689 intelligitur
1265 2597 1353 2670 de
1396 2583 1946 2693 Krchiepiscopis
1981 2593 2584 2684 residentialibuS,
2626 2594 2914 2667 minime

304 2722 457 2777 vero
509 2705 599 2777 de
650 2707 763 2796 iis,
820 2709 940 2797 qui
991 2715 1159 2780 sunt
1207 2706 1562 2805 titulares)
1613 2709 1878 2782 ibidem
1954 2706 2355 2781 subsistunt
2388 2758 2407 2795 ,
2461 2712 2542 2779 ut
2618 2705 2910 2797 pallium

302 2816 671 2907 accipiant,
727 2818 919 2907 quod
970 2817 1061 2890 ab
1110 2837 1255 2892 uno
1307 2837 1393 2893 ex
1445 2822 1806 2896 advocatis
1854 2817 2460 2894 consistorialibus
2524 2818 2659 2890 rite
2736 2817 2915 2907 peti-

299 2931 436 2995 tum
487 2933 598 2998 est
650 2944 759 3015 ea,
816 2945 1001 3018 quae
1050 2931 1396 3021 sequitur,
1451 2930 1673 3005 forma
1725 2938 2031 3020 servata,
2085 2930 2409 3003 videlicet
2442 2981 2462 3017 ,
2517 2929 2576 3000 si
2637 2926 2917 3000 Archie-

300 3036 619 3129 piscopus
669 3038 936 3112 electus
987 3039 1137 3131 ipse
1173 3041 1400 3133 adest,
1439 3062 1585 3116 una
1619 3062 1777 3116 cum
1816 3043 2154 3115 advocato
2191 3038 2654 3113 consistoriali
2689 3057 2913 3132 cappa

301 3148 793 3236 superindutus
819 3167 975 3222 sese
1005 3151 1218 3241 sistit,
1256 3154 1315 3224 si
1351 3172 1513 3226 vero
1550 3152 1762 3242 absit,
1793 3154 1944 3225 eius
1979 3152 2130 3224 loco
2155 3169 2326 3224 suus
2353 3168 2505 3223 sese
2539 3150 2726 3223 sistit
2759 3168 2918 3240 pro-

303 3265 597 3331 curator.
655 3255 761 3330 Ob
813 3260 1000 3333 hanc
1046 3278 1192 3334 rem
1245 3270 1433 3336 certa
1493 3270 1564 3336 et
1639 3263 2052 3336 indistincta
2130 3261 2569 3334 caeremonia
2643 3260 2912 3332 sancita

305 3373 426 3455 est,
479 3388 696 3459 quam
740 3373 985 3463 explet
1035 3371 1429 3446 Cardinalis
1499 3376 1770 3466 primus
1846 3372 2197 3445 Diaconus
2273 3372 2347 3442 in
2422 3370 2681 3444 sacello
2757 3377 2915 3460 post

308 3473 603 3570 Missam,
670 3499 855 3571 quae
906 3502 948 3554 a
1000 3483 1364 3574 capellano
1441 3485 1757 3558 eiusdem
1831 3483 2222 3557 Cardinalis
2294 3480 2635 3556 celebrari
2711 3480 2910 3552 solet.

309 3587 663 3684 Impositio
713 3594 913 3684 pallii
963 3597 1202 3686 peragi
1278 3601 1508 3686 potest
1583 3597 1829 3669 eodem
1908 3613 2152 3685 mane,
2226 3612 2366 3686 quo
2441 3596 2916 3665 iuramentum

313 3704 557 3792 editur,
612 3705 723 3777 vel
775 3706 913 3778 alio
965 3706 1078 3779 die
1129 3723 1254 3799 per
1302 3707 1630 3780 eumdem
1682 3704 2128 3780 Cardinalem
2178 3703 2659 3798 praefigendo.

440 3812 510 3886 Si
549 3813 1130 3911 Arcbiepiscopus
1154 3836 1489 3910 praesens
1524 3818 1715 3891 haud
1743 3820 1864 3907 sit,
1893 3825 2104 3913 prout
2140 3819 2554 3910 plerumque
2588 3815 2676 3887 de
2710 3809 2920 3885 Prae·

314 3924 571 3999 solibus
618 3927 806 3999 ultra
860 3936 1134 4001 montes
1185 3930 1502 4002 accidere
1552 3931 1755 4019 solet,
1811 3937 1985 4002 tunc
2033 3929 2328 4021 pallium
2365 3924 2750 4017 imponitur
2783 3923 2913 4013 illi,

312 4054 505 4126 quem
555 4039 629 4110 in
679 4057 887 4111 suum
939 4042 1241 4131 quisque
1289 4049 1815 4134 procuratorem
1866 4040 2336 4132 deputaverit.

442 4150 558 4221 47.
616 4150 687 4224 Si
737 4148 1130 4243 Episcopus
1180 4152 1625 4226 cardinalitia
1677 4152 2021 4244 dignitate
2077 4149 2386 4242 fulgeat,
2442 4148 2917 4219 iuramentum

310 4260 376 4332 in
426 4260 571 4351 ipso
612 4261 1036 4335 consistorio
1088 4260 1181 4334 ad
1230 4263 1449 4354 pedes
1499 4261 1858 4336 Pontificis
1911 4262 2194 4334 emittit.
2251 4257 2320 4330 Si
2373 4275 2535 4329 vero
2584 4255 2921 4331 Cardina-

307 4370 387 4442 lis
433 4374 519 4446 ad
568 4373 1267 4465 Archiepiscopatum
1319 4375 1769 4447 renuntiatus
1818 4373 2057 4461 fuerit,
2095 4388 2136 4443 e
2184 4388 2310 4442 suo
2344 4369 2499 4441 loco
2535 4370 2685 4460 ipse
2721 4368 2917 4459 pallii

305 4484 835 4574 postulationem
889 4483 1058 4557 facit
1086 4536 1108 4572 ,
1180 4485 1292 4556 cui
1358 4485 1739 4578 respondet
1809 4481 2182 4555 Pontifex:
2243 4481 2648 4573 Propediem
2724 4477 2922 4551 dabi-

306 4613 466 4668 mus.
519 4594 978 4672 Postmodum
1031 4597 1216 4669 idem
1267 4593 1590 4670 Pontifex
1652 4597 1840 4670 diem
1893 4594 2340 4686 praestituit,
2395 4593 2563 4683 qui,
2618 4598 2697 4664 ut
2761 4589 2921 4684 plu·-
