3497 5235
554 291 668 368 181)
1307 297 1680 357 humationi:
1717 298 1772 356 8.
1798 297 1983 372 Gom.
2009 298 2157 357 σου.
2198 300 2468 376 expo-itio.

551 453 591 499 ι
630 437 1152 521 proponuntur,
1227 450 1355 505 seu
1406 433 1874 505 dimittuntur
1923 432 2352 525 ordinandi,
2408 432 2854 507 satisfactum
2906 436 3000 508 sit
3052 432 3238 508 Con-

546 564 586 608 »
627 542 778 615 stit.
823 544 1350 633 Speculatores,
1387 562 1532 616 non
1583 542 1917 617 obstante
1970 545 2163 635 quod
2216 546 2353 637 ipsi
2406 564 2551 617 non
2614 552 2972 637 competat
3021 545 3232 618 babi-

551 676 591 722 ι
628 652 834 726 litare
884 663 956 728 et
1007 655 1341 746 expedire
1394 655 1858 744 ordinandoS,
1900 656 2026 728 sed
2071 657 2412 747 provisori
2449 655 2781 751 Capituli,
2822 678 2862 729 a
2902 675 3045 748 quo
3082 676 3227 730 non

552 787 592 833 ι
631 764 706 835 in
743 783 1027 856 genere,
1067 765 1193 838 sed
1230 784 1563 857 expresse
1599 785 1947 858 personae
1983 767 2264 840 habiles
2299 775 2371 841 et
2403 768 2779 860 expeditae
2812 787 3229 859 proponun-

555 899 593 944 ›
632 872 786 948 tur?
825 902 863 945 »
904 876 975 949 S.
1018 875 1093 949 C.
1133 878 1522 970 rescripsit:
1566 900 1604 945 ι
1643 874 1801 950 Non
1853 880 2079 952 teneri
2131 878 2520 969 inquirere,
2561 880 2687 952 sed
2739 898 2946 972 posse
2997 887 3069 953 et
3104 880 3231 953 de-

553 1013 593 1057 »
630 989 829 1079 bere,
885 989 1072 1063 iusta
1124 990 1562 1063 subsistente
1614 1008 1879 1079 causa,
1935 1008 2012 1062 se
2084 990 2446 1064 abstinere
2507 991 2599 1063 ab
2663 991 3137 1064 ordinatione.
3182 1017 3224 1060 ›

700 1106 820 1176 77.
877 1100 1214 1186 Quamvis
1265 1110 1505 1177 autem
1542 1100 1938 1198 Episcopus
1975 1102 2288 1177 alienum
2324 1103 2697 1176 subditum
2731 1104 3226 1194 ordinaturus,

546 1215 771 1308 possit
821 1215 1014 1289 bunc
1067 1217 1323 1289 iterum
1375 1217 1689 1288 examini
1741 1215 2118 1304 subiicere,
2161 1224 2404 1289 tamen
2475 1222 2716 1289 monet
2775 1213 3045 1288 Girald.
3104 1216 3226 1289 Ius

549 1328 761 1402 Pont.
797 1328 886 1399 P.
923 1327 1018 1399 ΙΙ.
1060 1333 1224 1400 sect.
1261 1327 1422 1410 90„
1456 1346 1603 1399 non
1641 1345 1797 1399 esse
1834 1327 2293 1416 conveniens,
2335 1333 2415 1400 ut
2449 1327 2522 1399 id
2562 1326 2804 1417 iaciat,
2845 1329 2937 1401 ad
2990 1329 3229 1401 vitan-

543 1438 715 1510 dum
767 1438 1188 1528 absurdum,
1244 1458 1335 1513 ne
1389 1459 1431 1510 a
1483 1439 1784 1512 diversis
1852 1437 2224 1529 Episcopis
2292 1439 2623 1512 eumdem
2694 1439 3077 1531 approbari
3151 1448 3225 1514 et

542 1550 911 1641 reprobari
960 1552 1356 1642 contingat.
1399 1547 1491 1623 Et
1541 1551 1601 1622 si
1656 1550 1886 1622 eidem
1939 1548 2292 1642 Episcopo
2341 1552 2532 1625 iusta
2583 1550 2968 1625 dubitandi
3004 1569 3223 1624 causa

542 1660 895 1750 subesset,
952 1662 1146 1752 quod
1198 1663 1646 1735 ordinandus
1699 1662 2090 1753 qualitates
2142 1663 2584 1735 necessarias
2653 1682 2799 1736 non
2864 1663 3235 1755 praeseie-

540 1779 682 1861 rat,
720 1774 949 1847 satius
1000 1772 1300 1846 tortasse
1354 1773 1741 1862 videretur,
1801 1773 1892 1845 ab
1944 1773 2396 1846 ordinatione
2463 1792 2621 1847 sese
2690 1774 3082 1864 abstinere,
3140 1782 3222 1848 ut

541 1884 620 1956 in
674 1902 835 1956 mox
885 1885 1105 1957 allata
1159 1885 1487 1957 Elboren.
1528 1886 1753 1958 edixit
1806 1883 1879 1956 S.
1921 1882 1996 1957 C.
2039 1883 2251 1958 Conc.

690 1992 1013 2068 Ceterum
1049 2002 1283 2086 potest
1318 1994 1714 2088 Episcopus
1750 1998 2083 2089 proprius
2133 2028 2170 2064 «ι
2201 2006 2358 2071 tum
2391 1997 2565 2071 dare
2600 1997 2844 2071 literas
2894 1999 3232 2072 dimisso-

551 2131 589 2175 »
628 2106 798 2197 riaS‚
839 2114 911 2180 et
947 2108 1427 2180 ordinandum
1481 2107 1833 2181 subiicere
1868 2127 1998 2182 suo
2033 2110 2372 2199 examini,
2412 2111 2472 2182 si
2508 2111 2606 2183 ita
2642 2110 2779 2182 sibi
2816 2110 3215 2184 videbitur:

549 2243 589 2287 »
628 2226 701 2292 et
749 2220 812 2291 si
863 2214 1310 2315 (ordinandi)
1363 2218 1702 2292 absentes
1752 2221 1925 2308 sint,
1984 2221 2334 2294 examinis
2386 2240 2603 2293 causa
2650 2223 2742 2295 ad
2788 2240 2869 2295 se
2917 2242 3217 2297 vocare:

550 2356 588 2400 »
628 2338 810 2420 tum,
850 2332 910 2404 si
948 2331 1391 2404 commodum
1430 2332 1502 2403 id
1541 2350 1684 2404 non
1721 2333 1881 2424 erit,
1924 2349 2169 2405 eorum
2204 2350 2504 2406 examen
2540 2334 2976 2408 committere
3014 2331 3229 2407 Ordi-

548 2467 588 2512 ›
628 2444 828 2515 nario
863 2444 1022 2533 loci,
1066 2445 1138 2516 in
1176 2462 1316 2535 quo
1355 2444 1457 2517 illi
1495 2444 1771 2537 degunt
1806 2453 1878 2518 et
1913 2445 2291 2517 ordinandi
2340 2453 2534 2533 sunt,
2577 2452 2655 2518 ut
2690 2445 2942 2518 eadem
2980 2445 3233 2519 decla-

547 2577 587 2627 ›
624 2556 810 2628 ravit
847 2557 920 2628 S.
952 2552 1027 2628 C.
1059 2553 1272 2629 Conc.
1312 2574 1556 2630 mense
1597 2554 1967 2629 Decembri
2012 2557 2225 2629 1587.
2259 2556 2451 2650 apud
2489 2553 2757 2630 Girald.
2800 2558 2851 2629 1.
2884 2577 2948 2630 c.
2982 2558 3061 2630 in
3085 2560 3214 2652 fin.

693 2670 810 2740 78.
869 2669 1240 2759 SubdituS‚
1298 2670 1421 2760 qui
1477 2667 1568 2740 ab
1622 2669 1858 2741 alieno
1910 2665 2261 2759 Episcopo
2311 2669 2466 2741 sine
2543 2670 2807 2760 proprii
2882 2666 3221 2762 Episcopi

543 2781 963 2855 dimissoriis
1012 2780 1408 2868 ordinatur,
1468 2781 1622 2873 ipso
1675 2779 1861 2854 iacto
1915 2779 2165 2852 incidit
2220 2779 2293 2850 in
2375 2798 2645 2870 poenas
2720 2781 3227 2871 suspensionis

544 2893 637 2965 ab
673 2890 1093 2982 OrdinibuS,
1146 2893 1296 2964 sive
1349 2891 1739 2964 maioribus
1790 2893 1940 2965 sive
1994 2891 2415 2980 minoribus,
2459 2910 2687 2982 usque
2722 2892 2896 2964 dum
2933 2894 3227 2985 proprio

543 3001 917 3077 Ordinario
970 3004 1070 3078 ita
1124 3003 1403 3076 videtur
1457 3003 1792 3093 expedire
1844 2999 2063 3100 (Sess.
2106 3002 2176 3076 6.
2218 3023 2280 3076 c.
2322 3004 2395 3076 5.
2438 3024 2602 3076 sess.
2640 3002 2763 3077 23.
2805 3024 2966 3097 cap.
3004 3003 3083 3077 8.
3136 3005 3227 3077 de

544 3113 900 3212 Reform.)
935 3118 1007 3189 S.
1048 3115 1217 3190 Pius
1265 3112 1351 3186 V.
1391 3113 1687 3187 Constit.
1730 3115 1842 3187 Ex
1893 3135 2284 3188 sacrorum.
2325 3112 2482 3189 Non
2533 3116 2824 3205 desunt,
2864 3117 2988 3207 qui
3024 3134 3231 3189 eam-

540 3226 704 3300 dem
756 3246 1064 3318 poenam
1114 3234 1359 3301 contra
1411 3226 1742 3300 eumdem
1794 3228 2145 3301 sancitam
2181 3230 2593 3319 opinentur,
2634 3228 2759 3318 qui
2794 3229 3022 3319 prima
3060 3235 3233 3302 ton·

541 3356 708 3410 sura
760 3340 1086 3412 initiatus
1135 3346 1269 3412 est.
1327 3336 1597 3411 Girald.
1659 3340 1803 3412 Ius.
1863 3340 2074 3412 Pont.
2120 3341 2207 3410 P.
2252 3340 2347 3412 II.
2390 3346 2554 3412 sect.
2600 3338 2766 3413 103.

687 3448 1084 3543 Episcopus
1137 3470 1329 3539 ver0,
1370 3453 1492 3541 qui
1545 3451 1863 3524 alienum
1914 3448 2281 3522 subditum
2330 3451 2544 3522 nullis
2580 3451 2842 3542 proprii
2876 3447 3220 3542 Episcopi

538 3563 954 3636 dimissoriis
1005 3563 1316 3655 acceptis
1365 3563 1458 3635 ad
1510 3559 1813 3635 Ordines
1865 3563 2319 3652 promoverit,
2358 3564 2418 3635 si
2472 3563 2544 3635 id
2595 3563 2821 3655 egerit
2870 3562 3221 3653 scienter,

537 3681 608 3748 et
659 3694 748 3748 ex
799 3676 1197 3767 ignorantia
1254 3675 1613 3762 affectata,
1656 3692 1786 3765 per
1819 3691 2088 3745 annum
2128 3674 2219 3745 ab
2257 3671 2605 3747 Ordinum
2640 3674 3018 3746 collatione
3056 3675 3218 3766 ipso

535 3787 722 3860 facto
774 3804 1167 3877 suspensus
1218 3794 1327 3859 est
1376 3806 1462 3860 ex
1524 3789 1692 3878 Cup.
1731 3787 1807 3859 2.
1872 3783 2012 3858 Eos
2066 3786 2189 3876 qui
2241 3786 2324 3858 de
2387 3793 2594 3878 temp.
2659 3786 2834 3859 Ord.
2892 3787 2969 3858 in
3027 3787 3099 3860 6.
3144 3794 3219 3861 et

533 3896 742 3970 Conc.
785 3895 974 3969 Trid.
1020 3900 1198 3971 Sess.
1236 3898 1360 3973 23.
1403 3918 1467 3970 c.
1507 3899 1579 3973 8.
1622 3899 1704 3971 de
1743 3900 1941 3992 Ref.,·
1971 3900 2141 3990 quin
2183 3899 2322 3970 imo
2358 3900 2575 3971 etiam
2611 3896 3039 3990 Episcopus,
3080 3900 3217 3990 qui

533 4010 818 4102 proprio
869 4008 1157 4082 subdito
1208 4012 1363 4082 sine
1414 4010 2021 4083 testimonialibus
2055 4008 2387 4101 Episcopi
2440 4009 2631 4082 illius
2682 4011 2842 4098 loci,
2889 4030 3031 4101 quo
3071 4010 3226 4083 ior·

534 4139 667 4194 san
718 4119 1053 4194 subditus
1104 4122 1224 4193 ille
1267 4121 1704 4194 domicilium
1739 4122 2098 4211 babuerit,
2141 4119 2447 4194 Ordines
2484 4122 2803 4195 conferre
2841 4141 3224 4215 praesum-

535 4234 808 4323 pserit,
864 4234 939 4304 in
1015 4233 1340 4305 eamdem
1405 4233 1656 4305 incidit
1710 4251 2013 4323 poenam
2091 4253 2178 4306 ex
2255 4237 2689 4326 praescripto
2741 4232 3041 4307 Constit.
3085 4230 3218 4307 In-

538 4361 696 4414 noc.
740 4340 906 4415 XII.
949 4345 1286 4434 incipien.
1333 4344 1839 4436 Speculatores.
1881 4346 1953 4417 Si
1989 4346 2151 4436 quis
2188 4353 2425 4418 autem
2464 4347 2699 4418 alieno
2724 4346 3017 4418 subdito
3051 4346 3215 4419 sine

532 4457 800 4546 proprii
852 4453 1181 4547 Episcopi
1233 4456 1651 4529 dimissoriis
1685 4459 1986 4549 primam
2039 4466 2402 4532 tonsuram
2460 4458 2863 4546 contulerit,
2904 4475 3221 4548 suspen·

533 4585 655 4638 sus
704 4566 837 4638 erit
887 4584 1012 4660 per
1063 4587 1336 4639 aunum
1389 4588 1429 4639 a
1486 4568 1864 4641 collatione
1900 4571 2173 4660 primae
2211 4576 2544 4643 tonsurae
2579 4587 2667 4640 ex
2710 4571 2878 4662 Cap.
2920 4568 2997 4640 4.
3028 4569 3221 4642 Nul-

531 4676 642 4751 lus
693 4677 777 4751 de
836 4678 1066 4769 Temp.
1113 4679 1284 4751 Ord.
1328 4679 1407 4752 in
1462 4678 1533 4751 6.
1577 4676 1847 4752 Girald.
1890 4680 1941 4751 1.
1980 4700 2043 4753 c.
