3497 5235
464 424 620 542 DE
690 350 1426 541 vrsnffloNE
1512 419 2112 539 SACRORUM
2187 423 2681 543 numum

960 731 1646 823 DISSER'PATIO
1710 737 1991 823 PRAE
2006 737 2204 825 VIA.

1413 1034 1739 1081 ‘'k->m

403 1379 837 1454 Benedictus
893 1373 1093 1449 XIII.
1150 1379 1677 1451 instructionem
1753 1397 1791 1448 a
1861 1397 1988 1451 suo
2051 1382 2333 1453 nomine
2387 1390 2893 1472 nuncupatam,

278 1508 500 1582 quam,
545 1491 699 1564 Deo
734 1510 817 1563 ac
851 1488 1151 1580 Deipara
1190 1488 1372 1559 bene
1426 1489 1861 1576 iuvantibus,
1903 1494 2393 1580 exponendam
2434 1501 2504 1564 et
2543 1495 2901 1564 illustran-

276 1605 420 1676 dam
471 1604 889 1696 incipimuS,
943 1599 1646 1673 sacrisAntistitibus
1701 1603 2208 1689 proposituruS,
2256 1603 2755 1694 praefationem
2802 1604 2902 1673 ei-

277 1715 418 1787 dem
448 1715 874 1805 praemisit,
932 1729 1115 1801 quae
1167 1728 1512 1782 summam
1565 1707 2148 1783 Constitutionem
2203 1733 2241 1782 a
2298 1711 2491 1784 Sixto
2546 1711 2626 1784 V.
2684 1733 2897 1804 super

277 1828 484 1900 officio
537 1826 759 1899 Sacra
798 1823 1281 1914 Apostolorum
1320 1820 1595 1893 Limina
1632 1825 1992 1911 visitandi,
2033 1833 2103 1897 et
2137 1826 2546 1897 relationem
2586 1827 2672 1897 de
2708 1834 2897 1896 statu

277 1939 686 2014 dioeceseon
719 1935 1100 2008 exhibendi
1138 1935 1483 2005 editarum
1539 1953 1707 2024 prae
1743 1954 1818 2006 se
1858 1934 2013 2023 fert,
2073 1956 2358 2026 unaque
2395 1939 2737 2009 rationem
2775 1937 2899 2007 ad-

275 2050 446 2136 iecit,
502 2067 639 2121 cur
688 2048 1222 2119 instructionem
1277 2045 1466 2116 illam
1522 2047 1691 2116 iuris
1744 2046 2007 2137 publici
2079 2047 2471 2119 faciendam
2526 2050 2902 2138 iniungen-

276 2161 574 2252 damque
628 2159 1059 2242 decreverit,
1114 2156 1704 2255 quemadmodum
1774 2156 2004 2230 videre
2056 2167 2164 2229 est
2215 2177 2299 2229 ex
2355 2161 2572 2249 ipsius
2624 2166 2894 2245 tenore,

278 2289 471 2361 quem
526 2272 886 2360 integrum
925 2272 1083 2339 mox
1134 2264 1334 2362 (paq.
1377 2264 1684 2362 ‹ie-59.)
1721 2268 2074 2341 dabimus.
2129 2266 2568 2373 Quapropter
2603 2287 2712 2340 res
2749 2272 2900 2359 ipsa

275 2385 536 2455 aditum
597 2380 801 2453 nobis
852 2379 1125 2469 aperire
1180 2380 1478 2465 videtur,
1536 2386 1615 2450 ut
1667 2380 2007 2451 nonnulla
2060 2381 2479 2452 enucleatim
2526 2381 2903 2470 proloqua-

276 2512 448 2580 mur,
504 2509 700 2583 quae
750 2490 840 2562 ad
893 2490 1350 2579 provinciam,
1407 2507 1619 2578 quam
1672 2491 2132 2582 ingredimur,
2174 2492 2474 2562 maxime
2511 2492 2896 2583 portinent,

275 2612 483 2695 atque
555 2603 735 2676 adeo
800 2599 1226 2673 vestibulum
1292 2600 1509 2692 ipsius
1569 2602 1798 2693 operis
1861 2601 2377 2693 quodammodo
2430 2604 2894 2675 constituunt.

276 2711 522 2806 ltaque
581 2712 994 2804 quaeritur:

1099 2810 1133 2842 ι’

275 2932 318 2987 Ι.
354 2934 528 3005 Quae
568 2933 755 2987 fuerit
787 2933 1110 2989 Ecclesiae
1146 2934 1473 3003 disciplina
1510 2933 1675 2991 circa
1709 2937 1912 3004 legem
1937 2939 2145 2992 status
2172 2939 2550 2994 dioeceseon
2587 2939 2896 2993 referendi

404 3023 471 3074 et
509 3018 629 3072 SS.
655 3018 790 3071 ΔΑ.
815 3018 933 3071 LL.
970 3019 1312 3081 invisendi,
1351 3021 1683 3088 antequam
1722 3021 1883 3075 sixti
1921 3022 1994 3075 V.
2035 3023 2416 3077 constitutio
2454 3026 2750 3091 prodiret.

397 3202 822 3266 Sunnamun.
883 3202 941 3263 1.
992 3200 1226 3263 Novam
1274 3199 1356 3265 de
1400 3211 1560 3266 statu
1612 3200 1975 3268 dioeceseos
2010 3201 2346 3269 referendo
2379 3214 2441 3268 et
2475 3207 2580 3270 SS.
2617 3209 2737 3270 ΑΑ.
2774 3208 2894 3271 LL.

279 3301 594 3367 visitandis
640 3301 846 3386 legem
894 3320 925 3363 a
972 3303 1147 3367 Sixto
1196 3304 1269 3366 V.
1322 3322 1448 3368 non
1497 3303 1842 3381 inductam,
1877 3304 1988 3370 sed
2040 3304 2159 3369 iam
2207 3305 2596 3370 obtinentem
2631 3307 2894 3370 solemni

280 3397 504 3465 formae
546 3400 894 3466 subiectam
942 3398 1153 3478 fuisse,
1191 3400 1702 3469 demostrandum
1736 3405 2029 3469 sumitur.
2063 3442 2103 3453 -
2128 3408 2188 3469 Ξ.
2229 3410 2290 3472 S.
2325 3409 2599 3482 Petrum,
2637 3408 2897 3490 eiusque

279 3518 662 3567 successores
723 3502 788 3568 in
834 3500 1107 3568 Ecclesia
1167 3504 1397 3569 Christi
1458 3505 1782 3590 principes
1830 3525 2008 3583 esse,
2060 3518 2338 3591 pastores
2401 3507 2788 3572 universales
2835 3518 2899 3573 et

282 3601 503 3687 ligandi
550 3603 969 3690 solvendique
1016 3615 1323 3691 potestate
1371 3606 1711 3692 praeditos,
1766 3609 1988 3695 dogma
2036 3609 2406 3674 catholicum
2444 3628 2574 3674 esse
2606 3612 2899 3674 statuitur

282 3723 352 3769 ex
395 3706 752 3790 apostolicis
797 3725 848 3770 s.
887 3724 969 3770 m.
1008 3707 1095 3771 Pii
1145 3710 1244 3772 Vl.
1299 3707 1524 3773 literis.
1552 3744 1591 3758 -
1617 3715 1677 3775 3.
1717 3712 1887 3775 Inter
1921 3709 2223 3776 nobiliora
2258 3712 2559 3796 primatus
2593 3710 2896 3794 pontificii

284 3804 407 3869 iura
457 3806 610 3872 illud
658 3819 1050 3886 recensetur,
1100 3820 1171 3874 ut
1218 3810 1507 3895 Episcopi
1561 3809 1639 3875 de
1684 3832 1789 3876 sua
1838 3811 2226 3877 villicatione
2274 3812 2553 3878 Pontifici
2592 3813 2896 3878 rationem

284 3907 562 3974 reddant.
592 3945 636 3958 -
661 3913 729 3976 4.
763 3911 827 3977 S.
868 3911 1088 3976 Paulus
1135 3910 1210 3976 ad
1258 3914 1324 3976 S.
1364 3914 1610 3976 Petrum
1646 3912 1843 3991 venit,
1882 3923 1952 3979 ut
1987 3933 2130 3978 eum
2167 3913 2245 3979 de
2279 3917 2702 3981 controversia
2740 3916 2896 3980 circa

286 4009 496 4097 legalia
542 4014 967 4078 consuleret-
991 4017 1051 4078 5.
1098 4011 1405 4078 Corinthii
1443 4015 1832 4080 Clementem
1866 4015 2230 4082 Pontificem
2267 4034 2382 4104 per
2415 4017 2646 4092 literas,
2683 4035 2748 4080 ac
2782 4036 2900 4102 per

282 4113 680 4179 Fortunatam
730 4113 812 4179 de
856 4124 1018 4178 statu
1063 4132 1210 4178 suae
1258 4113 1554 4179 ecclesiae
1615 4116 1948 4182 certiorem
2013 4119 2320 4184 lecerunt.
2349 4121 2483 4184 -6.
2523 4117 2689 4183 ldem
2754 4138 2895 4183 cum

283 4212 638 4280 Eleutherio
685 4218 988 4298 Martyres
1031 4213 1485 4299 Lugdunenses
1516 4197 1993 4303 praestiteiunt.
2021 4257 2065 4271 -
2093 4224 2153 4285 7.
2188 4225 2252 4287 S.
2283 4220 2518 4284 irenaei
2552 4220 2632 4285 de
2666 4222 2894 4306 potiori

282 4314 582 4381 Romanae
640 4317 959 4381 Ecclesiae
1013 4316 1479 4402 principalitate
1542 4322 2065 4386 testimonium.-
2102 4327 2166 4388 8.
2219 4328 2281 4391 S.
2338 4323 2684 4407 Cyprianus
2743 4323 2896 4390 sede

283 4427 527 4483 vacante
570 4418 648 4484 ad
697 4416 1360 4496 clerumnomanum‚
1415 4420 1566 4485 item
1605 4422 1681 4487 ad
1731 4425 2097 4489 Cornelium
2149 4424 2513 4490 Pontificem
2578 4429 2897 4492 renuntia-

284 4524 418 4582 tum
454 4519 692 4596 scribit,
725 4537 993 4602 seseque
1021 4521 1189 4604 apud
1217 4523 1518 4587 eumdem
1554 4534 1828 4588 excusat.
1859 4559 1902 4573 -
1925 4528 1986 4588 9.
2027 4528 2088 4591 S.
2121 4529 2540 4610 Hieronymus
2575 4531 2895 4592 Damasum

286 4619 495 4704 Papam
540 4621 603 4686 in
650 4619 1008 4688 Occidentis
1053 4631 1117 4686 et
1156 4623 1430 4702 Orientis
1476 4624 2036 4691 consultationibus
2080 4647 2216 4694 sese
2266 4629 2494 4695 iuvisse
2544 4640 2821 4694 testatur.
2853 4662 2900 4680 -·

478 4761 662 4817 Luctus,
694 4759 832 4810 Vicit.
858 4759 993 4807 sacr.
1023 4759 1162 4815 Lim„
1189 4759 1306 4807 edit.
1343 4759 1430 4815 ΙΙΙ,
1465 4759 1562 4807 Vol.
1594 4760 1635 4807 Ι.
2659 4767 2681 4810 1
