3497 5235
905 359 1021 434 ⁰⁸1²·
1046 360 1089 417 1.
1127 360 1200 418 De
1240 358 1390 417 uhtu
1429 353 1688 417 ΙοοῙοοίιο
1725 357 2000 416 notuisti.
2040 360 2092 432 ἓ.
2122 349 2172 414 9.
2752 348 2863 413 123

229 513 439 566 corum
489 492 766 584 ubique
821 501 1166 566 terrarum
1221 493 1708 579 instituendiS,
1768 498 2044 564 tantum
2098 490 2412 584 profecto
2463 487 2628 562 inde
2667 504 2860 560 emo-

227 607 588 679 lomentum
646 607 1026 695 extitisset,
1082 615 1429 697 qnantum
1484 612 1588 677 tot
1650 604 2015 676 laboribus
2066 623 2149 674 ac
2202 603 2663 675 incommodis
2726 599 2864 672 ibi-

229 719 365 790 dem
414 720 733 791 toleratis
787 720 960 790 satis
1011 719 1220 812 digne
1271 718 1698 809 respondere
1754 718 1965 808 plane
2016 716 2396 788 dicendum
2452 715 2656 786 foret.

357 832 510 902 119.
569 829 744 904 Cum
811 833 1024 922 igitur
1073 832 1598 924 sapientissima
1670 829 1958 903 Patrum
2021 827 2588 901 Tridentinorum
2659 844 2860 897 mens

227 947 460 1037 optime
515 945 1012 1036 praevidisset,
1069 954 1383 1036 quantae
1437 944 1725 1017 utilitati
1768 962 1849 1016 ac
1887 942 2392 1036 propemodum
2450 938 2854 1012 necessitati

227 1058 432 1129 futura
488 1065 683 1130 esset
737 1058 1186 1149 collegiorum
1242 1057 1617 1144 institutiO,
1676 1058 1748 1128 in
1801 1055 2066 1146 quibus
2115 1054 2345 1126 clerici
2384 1053 2474 1125 ad
2510 1070 2706 1142 spem
2745 1068 2858 1121 cc-

224 1170 448 1241 clesiae
502 1178 1036 1242 succrescentes
1086 1168 1334 1241 sedulo
1390 1170 1461 1240 in
1510 1169 1828 1242 scientiis
1865 1187 1947 1239 ac
1981 1168 2188 1239 honis
2224 1165 2540 1236 moribus
2592 1163 2856 1234 educa-

223 1288 464 1370 rentur,
527 1283 895 1354 decretum
969 1300 1124 1353 mox
1195 1282 1574 1372 allegatum
1635 1283 1813 1354 Sess.
1862 1279 1986 1354 23.
2045 1297 2204 1370 cap.
2258 1277 2373 1350 18.
2432 1275 2515 1347 de
2564 1275 2854 1367 reform.

219 1395 549 1468 sancitum
610 1394 889 1467 voluere
941 1395 1159 1482 hisce,
1218 1412 1406 1484 quae
1460 1401 1888 1484 sequuntur,
1947 1392 2204 1464 verhiS.

343 1533 377 1572 ι
413 1503 686 1579 Sancta
725 1506 1051 1597 Synodus
1083 1506 1362 1594 statuit,
1400 1513 1475 1578 ut
1510 1506 1847 1598 singulae
1872 1503 2344 1590 cathedraleS,
2379 1502 2859 1594 metropolita-

222 1645 252 1686 ›
289 1638 436 1712 nae,
482 1627 709 1709 atque
761 1620 872 1690 his
924 1620 1222 1691 maiores
1257 1620 1623 1707 ecclesiae,
1663 1637 1790 1711 pro
1827 1618 2033 1690 modo
2068 1616 2519 1700 facultatum,
2559 1621 2632 1685 et
2667 1614 2863 1686 dioe-

224 1755 256 1797 ›
287 1732 454 1803 cesis
506 1733 1010 1822 amplitudine,
1052 1739 1323 1804 certum
1362 1750 1740 1822 puerorum
1779 1731 2000 1823 ipsius
2036 1729 2342 1802 civitatis
2376 1734 2447 1800 et
2483 1726 2854 1813 dioecesiS,

222 1866 253 1907 ›
285 1843 384 1915 vel
433 1844 600 1915 eius
635 1845 1067 1934 provinciae,
1108 1845 1167 1916 si
1207 1844 1306 1916 ibi
1345 1863 1486 1916 non
1524 1845 1999 1936 reperiantur,
2042 1860 2417 1914 numerum
2454 1841 2527 1913 in
2561 1841 2861 1931 collegio

225 1978 255 2019 ›
288 1956 368 2026 ad
417 1955 561 2027 hoc
610 1974 832 2048 prope
885 1957 1075 2047 ipsas
1126 1957 1506 2046 ecclesias,
1576 1957 1686 2028 vel
1739 1956 1878 2028 alio
1930 1956 2003 2027 in
2055 1956 2207 2027 loco
2259 1954 2707 2026 convenienti
2765 1951 2856 2023 ab

225 2091 254 2130 ι»
286 2063 638 2160 Episcopo
673 2069 999 2160 eligendo
1053 2069 1241 2141 alere
1293 2089 1376 2141 ac
1417 2070 1741 2160 religiose
1779 2069 2082 2140 educare
2115 2074 2184 2139 et
2219 2066 2718 2138 ecclesiasticis
2752 2064 2862 2136 di-

225 2203 254 2242 »
286 2180 604 2271 sciplinis
661 2181 1030 2253 instituere
1087 2188 1488 2253 teneantur.
1547 2178 1627 2252 In
1682 2182 1816 2252 hoc
1866 2198 2030 2251 vero
2066 2180 2359 2272 collegio
2386 2180 2851 2269 recipiantur,

224 2316 254 2354 ι
286 2292 398 2380 qui
450 2292 551 2364 ad
607 2294 975 2364 minimum
1029 2292 1402 2365 duodecim
1455 2312 1724 2383 annos,
1780 2301 1853 2365 et
1903 2313 1989 2366 ex
2043 2293 2354 2384 legitimo
2406 2289 2855 2363 matrimonio

225 2429 254 2468 ›
287 2406 427 2476 nati
482 2406 659 2494 sint,
717 2425 802 2477 ac
851 2406 1079 2498 legere
1132 2414 1204 2478 et
1252 2407 1563 2479 scribere
1614 2411 2101 2496 competenter
2151 2404 2506 2490 noverint,
2563 2410 2634 2474 et
2681 2420 2858 2492 quo-

225 2540 255 2580 »
288 2536 432 2588 rum
488 2517 770 2590 indoles
821 2524 891 2590 et
946 2519 1272 2592 voluntas
1323 2537 1520 2609 spem
1574 2518 1864 2605 afferat,
1921 2535 2042 2589 eos
2090 2515 2586 2589 ecclesiasticis
2651 2513 2857 2584 mini-

221 2656 252 2695 »
285 2633 513 2704 steriis
566 2638 911 2724 perpetuo
967 2634 1450 2705 inservituros.
1509 2631 1906 2723 Pauperum
1960 2637 2200 2702 autem
2254 2629 2439 2700 filios
2475 2628 2858 2720 praecipue

225 2767 257 2800 »
291 2744 443 2836 eligi
497 2746 683 2832 vult,
725 2764 857 2818 nec
899 2753 1138 2818 tamen
1174 2745 1508 2818 ditiorum
1544 2744 1887 2833 excludit,
1928 2744 2134 2815 modo
2169 2761 2298 2815 suo
2333 2747 2621 2836 sumptu
2657 2739 2860 2811 alan-

220 2878 252 2919 »
284 2860 420 2943 tur,
469 2864 543 2929 et
592 2857 909 2929 studium
963 2878 1130 2952 prae
1182 2877 1258 2931 se
1308 2858 1543 2930 ferant
1594 2856 1740 2931 Deo
1793 2865 1862 2930 et
1914 2854 2273 2931 Ecclesiae
2327 2853 2785 2927 inserviendi.
2816 2876 2854 2921 >

348 2969 513 3040 120.
569 2965 760 3040 Nihil
813 2977 965 3058 est,
1024 2972 1095 3041 in
1149 2990 1291 3061 quo
1342 2971 1566 3062 magis
1618 2970 2055 3042 elaborarint
2118 2967 2387 3040 Summi
2451 2964 2853 3053 PontificeS,

217 3098 411 3168 quam
469 3087 548 3152 ut
582 3081 1127 3154 saluberrimum
1165 3083 1298 3154 hoc
1332 3084 1695 3155 decretum
1732 3081 2063 3154 omnihus
2100 3079 2327 3152 modis
2363 3084 2857 3171 promoverent

218 3197 278 3260 et
306 3193 728 3265 excitarent.
771 3194 1065 3266 Silentio
1100 3200 1338 3267 tamen
1375 3194 1740 3288 praeteriri
1778 3194 2030 3283 nequit
2063 3212 2123 3263 S.
2152 3211 2248 3262 m.
2274 3190 2595 3263 Clemens
2623 3185 2853 3276 VIII.,

219 3305 321 3391 qui
373 3306 525 3376 suis
578 3306 995 3397 Apostolicis
1046 3304 1303 3380 Literis
1357 3308 1692 3400 iucipien.
1737 3306 1846 3377 Ea
1897 3325 2161 3396 semper
2209 3305 2353 3394 fuit
2403 3303 2519 3376 die
2571 3305 2692 3375 23.
2741 3298 2865 3372 Iu-

218 3415 301 3485 nii
343 3418 589 3505 1592„
635 3419 877 3491 relatis
930 3440 966 3490 a
1021 3416 1323 3491 Theiuer
1362 3421 1432 3489 in
1470 3418 1867 3513 appendice
1913 3419 2022 3491 sui
2059 3418 2291 3509 operis
2327 3418 2653 3508 superius
2690 3414 2862 3486 alle-

216 3531 344 3617 gati
397 3525 598 3623 (paq.
630 3525 833 3627 29),
885 3534 1408 3605 exsecutionem
1449 3534 1637 3605 illius
1672 3533 1937 3605 decreti
1992 3533 2063 3603 in
2112 3531 2519 3604 memoriam
2571 3527 2863 3620 Episco-

215 3655 455 3727 porum
486 3643 868 3731 revocavit,
911 3650 980 3716 et
1017 3646 1534 3736 impensissime
1571 3645 1993 3731 inculcavit3
2051 3661 2283 3733 neque
2336 3644 2505 3715 item
2541 3641 2861 3713 silendus

216 3758 313 3822 est
359 3772 421 3823 s.
466 3771 558 3823 m.
601 3752 1029 3828 Benedictus
1086 3754 1319 3845 XIII.,
1378 3759 1500 3848 qui
1554 3758 1626 3829 in
1678 3756 1986 3830 Concilio
2035 3753 2358 3827 Romano
2412 3756 2581 3826 anni
2643 3755 2852 3825 1725.

218 3864 300 3934 ad
348 3883 591 3938 omnes
661 3864 1046 3962 Episcopos
1094 3866 1347 3942 Italiae
1398 3877 1469 3942 et
1524 3870 1915 3941 insularum
1986 3868 2463 3940 adiacentium
2536 3866 2864 3956 gravissi-

221 3993 400 4047 mam
459 3978 652 4052 dedit
703 3977 1337 4071 Constitutionem,
1411 4001 1553 4073 qua
1624 3982 1796 4072 ipsis
1860 3982 2095 4054 acrius
2163 3980 2703 4052 incitamentum
2770 3977 2859 4049 ad

220 4090 660 4162 seminarium
715 4093 1131 4185 erigendum
1175 4094 1458 4185 adiecit,
1515 4094 1638 4166 ubi
1694 4093 2012 4165 nondum
2068 4094 2298 4184 ipsum
2352 4091 2604 4163 fuisset
2658 4090 2864 4162 insti-

220 4205 468 4272 tutum.
525 4200 830 4295 Insuper
881 4205 1267 4278 faciliorem
1322 4207 1631 4281 reddidit
1684 4208 1895 4296 viam,
1955 4225 2096 4297 qua
2145 4204 2466 4278 subsidia
2502 4204 2593 4275 ad
2629 4203 2700 4276 id
2740 4222 2862 4276 ue-

220 4314 506 4384 cessaria
559 4312 930 4408 Episcopis
980 4325 1469 4409 suppeterent,
1511 4325 1727 4409 atque
1772 4320 1950 4391 adeo
1985 4316 2612 4409 Congregationem
2651 4318 2862 4389 semi-

220 4426 560 4499 nariorum
613 4437 1105 4521 nuncupatam
1160 4432 1559 4523 deputavit,
1600 4433 1805 4505 cuius
1839 4449 2100 4502 munus
2133 4437 2320 4502 esset
2356 4436 2546 4502 recto
2581 4431 2859 4503 illorum

222 4537 521 4629 regimini
574 4548 647 4614 et
698 4542 1297 4616 administrationi
1351 4543 1783 4634 praesidere.
1840 4539 2036 4616 Haec
2079 4540 2374 4615 Constit.
2416 4543 2666 4635 incipit
2704 4543 2867 4616 Cre-

225 4647 618 4726 ditaenobis
674 4654 848 4727 data
881 4650 1041 4724 VII.
1085 4650 1195 4726 Id.
1241 4650 1405 4727 Maii
1448 4655 1693 4745 1725„
1751 4660 1824 4727 et
1875 4656 2199 4748 integraa
2251 4654 2509 4748 legitur
2555 4655 2629 4726 in
2664 4655 2867 4727 volu-

231 4762 409 4834 mine
450 4763 584 4838 III.
644 4765 784 4839 sub
839 4784 1034 4838 num.
1084 4767 1197 4839 10.
