3497 5235
563 249 639 312 45
1044 208 1047 211 ’
1327 249 1614 310 ham-ti·
1655 249 1709 307 5
1736 248 2163 325 oum-gationi-
2203 248 2429 309 eoam
2503 195 2520 198 ²

707 379 829 455 VI.
893 382 993 455 An
1049 383 1224 457 illud
1275 384 1663 474 aliquando
1714 384 1955 458 visitet
2003 388 2074 457 et
2123 402 2408 476 operam
2461 385 2608 476 det,
2646 390 2728 459 ut
2762 383 3211 460 constitutio-

564 514 691 570 nes
743 493 1297 587 adimpleantur.

711 601 1031 679 v11.An
1108 612 1380 680 statuta
1457 607 1549 679 sit
1621 614 1788 680 taxa
1863 608 1956 681 ad
2027 610 2346 682 tramites
2419 605 2709 682 Concilii
2784 605 3206 700 Tridentini,

564 716 955 808 eademque
1006 718 1374 810 exigatur3
1430 725 1502 791 et
1552 737 1645 792 an
1697 719 1920 812 aliqui
1972 720 2119 793 sint
2167 720 2422 794 morosi
2474 720 2552 793 in
2600 721 2755 795 eius
2821 720 3204 797 solutione.

566 951 724 1026 vll.
784 956 884 1029 De
930 958 1217 1050 septimo
1266 956 1630 1030 relationis
1693 957 1919 1049 capite
1980 956 2076 1029 ad
2135 957 2507 1040 ecclesias,
2558 928 3205 1047 confraternitates,

1432 1076 1500 1143 et
1550 1070 1702 1141 loca
1737 1069 1868 1160 pia
1909 1069 2328 1162 pertinente.

709 1272 795 1348 In
846 1276 980 1352 boc
1033 1277 1264 1369 capite
1315 1276 1818 1369 exponendum
1877 1277 2039 1351 erit:

709 1384 773 1459 1.
831 1388 937 1460 An
990 1389 1060 1461 in
1115 1389 1454 1461 sacristiis
1505 1388 1818 1461 omnium
1871 1396 1942 1462 et
1993 1388 2432 1482 singularum
2484 1388 2940 1463 ecclesiarum
2993 1406 3214 1481 expo-

562 1500 698 1573 sita
747 1501 841 1574 sit
890 1500 1157 1573 tabella
1206 1517 1501 1573 onerum
1552 1496 1924 1572 Missarum
1975 1507 2045 1573 et
2081 1500 2720 1573 anniversariorum
2758 1501 2851 1573 ad
2885 1500 3209 1574 tramites

564 1612 1003 1686 decretorum
1070 1631 1132 1684 5.
1191 1630 1290 1683 m.
1347 1607 1613 1685 Urbani
1664 1606 1899 1701 vul„
1952 1619 2023 1685 et
2084 1630 2177 1683 an
2227 1611 2328 1683 eis
2379 1611 2856 1704 punctualiter
2920 1609 3208 1684 satisfa-

567 1731 759 1798 ctum
803 1726 920 1798 sit.
3129 1778 3146 1799 ,

709 1834 806 1908 11.
867 1836 974 1908 An
1024 1836 1099 1908 in
1149 1833 1876 1924 confraternitatibuS‚
1931 1834 2219 1923 scholis,
2274 1828 2576 1925 aliisque
2628 1832 2800 1908 locis
2849 1832 2990 1926 piis
3021 1850 3214 1925 pun-

563 1949 891 2024 ctualiter
942 1947 1372 2021 exsecutioni
1411 1945 1839 2019 mandentur
1871 1947 1988 2040 pia
2024 1965 2237 2038 opera
2273 1967 2313 2019 a
2351 1944 2812 2019 testatoribus
2848 1944 3200 2019 iniuncta.

712 2056 846 2132 111.
907 2059 1012 2132 An
1065 2059 1386 2150 quolibet
1437 2076 1627 2131 anno
1677 2057 1815 2131 sibi
1866 2057 2110 2131 iecerit
2161 2059 2361 2132 reddi
2414 2060 2722 2131 rationes
2791 2056 2883 2129 ab
2949 2056 3209 2131 horum

566 2174 874 2248 locorum
932 2169 1652 2245 administratoribus.

707 2280 831 2355 IV.
891 2283 994 2356 An
1047 2289 1359 2356 montem
1411 2282 1697 2374 pietatis
1748 2282 1898 2354 sive
1944 2280 2313 2357 charitatis
2362 2281 2795 2355 visitaverit:
2853 2298 2948 2352 an
3015 2278 3209 2353 idem

562 2395 830 2469 habeat
899 2395 1214 2484 redime,
1270 2393 1394 2485 qui
1461 2393 2048 2486 superabundent
2112 2393 2617 2467 sustentationi
2695 2392 3205 2480 ministrorum,

564 2508 866 2597 aliisque
919 2506 1333 2579 necessariis
1384 2506 1740 2596 expensiS,
1796 2511 1867 2579 et
1917 2507 1990 2577 in
2042 2524 2222 2596 quas
2273 2524 2526 2579 causas
2574 2503 2846 2577 reditus
2894 2501 2998 2575 illi
3048 2518 3209 2575 ero-

566 2627 843 2713 gentur,
901 2625 973 2691 et
1019 2619 1081 2692 si
1131 2615 1306 2710 quid
1355 2619 1679 2710 exigatur
1729 2615 1822 2689 ab
1875 2617 2043 2707 illis,
2099 2619 2223 2709 qui
2273 2617 2673 2709 pecuniam,
2728 2615 3204 2705 frumentum,

566 2733 626 2803 si
680 2739 933 2823 agatur
983 2730 1074 2803 de
1123 2734 1362 2802 monte
1413 2727 1902 2818 frumentariO,
1959 2727 2051 2801 ab
2104 2747 2186 2802 eo
2235 2730 2614 2822 recipiunt.

708 2839 790 2913 V.
855 2842 953 2914 An
1025 2841 1462 2915 infirmorum
1535 2839 1911 2934 hospitalia
1980 2842 2410 2930 visitaverit,
2465 2840 2822 2915 redituum
2892 2838 3210 2913 rationes

562 2953 653 3027 ab
707 2950 1399 3026 administratoribus
1448 2953 1788 3044 exegerit,
1843 2958 1916 3027 et
1966 2970 2060 3026 an
2111 2953 2410 3026 infirmis
2468 2952 2910 3042 necessaria,
2966 2951 3205 3043 quoad

562 3066 867 3138 salutem
919 3064 1200 3138 animae
1251 3068 1324 3137 et
1374 3064 1713 3156 corporiS,
1770 3064 1846 3136 in
1896 3065 1998 3137 eis
2058 3064 2714 3140 subministrentur.

727 3297 924 3374 vlu.
982 3300 1085 3373 De
1133 3304 1377 3373 octavo
1424 3299 1792 3375 relationis
1844 3301 2069 3394 capite
2119 3303 2216 3376 ad
2253 3302 2591 3396 populum
2632 3300 3051 3395 pertinente.

705 3505 794 3580 ln
844 3507 979 3581 hoc
1028 3509 1262 3602 capite
1310 3500 1812 3601 exponendum
1863 3511 2038 3584 erit:

704 3616 766 3692 I.
823 3615 1126 3701 Quinam
1179 3620 1326 3693 sint
1371 3621 1615 3712 populi
1668 3639 1926 3711 moreS‚
1981 3626 2053 3696 et
2104 3640 2197 3693 an
2248 3621 2323 3694 in
2374 3623 2641 3714 pietate
2692 3620 3043 3713 proficiat.

705 3727 804 3802 ΙΙ.
871 3733 972 3803 An
1024 3730 1286 3822 aliquis
1336 3731 1696 3823 irrepserit
1747 3731 2042 3821 abusuS,
2099 3740 2224 3805 aut
2274 3751 2494 3825 prava
2545 3733 2899 3824 quaedam
2949 3732 3025 3805 in
3089 3752 3211 3806 eo-

561 3843 721 3916 dem
773 3842 1140 3916 inoleverit
1185 3842 1653 3933 consuetudo,
1709 3861 1896 3934 quae
1948 3843 2265 3936 indigeat
2314 3845 2610 3919 consilio
2661 3851 2732 3920 et
2783 3842 2985 3919 Sedis
3027 3843 3210 3938 Apo-

562 3954 855 4028 stolicae
905 3952 1282 4028 adiutorio.

740 4172 869 4249 lx.
928 4178 1030 4252 De
1082 4176 1327 4252 ultimo
1375 4175 1742 4253 relationis
1792 4181 2020 4277 capite
2069 4181 2165 4254 ad
2204 4182 2568 4276 postulata
2606 4180 3031 4275 pertinente.

710 4397 969 4475 Ultimo
1017 4402 1171 4477 loco
1219 4399 1576 4497 Episcopi,
1633 4400 2184 4500 Archiepiscopi,
2239 4402 2582 4479 Primates
2616 4411 2686 4478 et
2721 4402 3207 4495 Patriarebae,

566 4512 688 4604 qui
739 4529 1029 4586 suarum
1081 4514 1536 4590 ecclesiarum
1587 4515 1966 4592 relationes
2017 4518 2109 4590 ad
2159 4535 2433 4592 sacram
2485 4519 2976 4594 transmittunt
3027 4514 3211 4591 Con-

569 4625 1074 4717 gregationem,
1127 4627 1190 4700 si
1240 4645 1426 4719 quae
1475 4626 1752 4702 habent
1801 4630 2158 4722 postulata
2210 4630 2666 4723 proponenda
2735 4649 2864 4726 pro
2913 4648 3208 4704 suarum
