3497 5235
1150 331 1463 405 Gonnpoctuu
1502 331 1656 388 buius
1695 331 1847 405 primi
1884 330 2171 423 volumini&
2227 85 3497 442 N

683 486 787 543 an,
842 477 906 531 et
954 466 1062 551 qui
1114 465 1203 530 eis
1245 483 1506 549 operam
1538 475 1863 549 praestent
1895 465 1959 531 in
1992 464 2111 529 boc
2148 485 2344 551 opere
2377 465 2777 553 adimplenu.

686 581 874 634 etan
938 567 1258 633 fructuose
1316 566 1437 631 boc
1501 585 1657 652 opus
1720 566 1879 631 adeo
1943 568 2368 633 necessarium
2432 568 2495 632 in
2554 569 2818 655 singulis

680 664 994 756 parochiis
1027 668 1317 756 proficiat
1356 715 2561 735 ...........
2667 690 2814 754 paq.
2870 674 2997 737 435
3153 680 3202 737 <t

330 778 369 853 5
417 774 521 839 xt.
680 774 775 838 An
821 771 1058 859 singuli
1107 770 1393 856 parochi,
1448 772 1778 856 ceterique
1818 789 2032 836 curam
2064 771 2414 835 animarum
2451 783 2822 837 exercentes

682 876 950 963 singulis
997 873 1342 940 Dominicis
1378 872 1680 958 testisque
1713 872 1797 939 de
1829 884 2174 960 praecepto
2207 874 2451 938 Missam
2499 874 2825 959 applicent

681 995 800 1061 pro
850 978 1122 1063 populo,
1176 994 1397 1041 eorum
1447 962 1656 1040 curaex
1684 976 2020 1040 commisso
2075 1022 2683 1040 ......
2784 1001 2820 1041 >>
2871 980 3001 1043 440

510 1084 644 1146 Art.
681 1085 739 1145 1.
794 1084 882 1145 De
935 1079 1315 1164 obligatione
1365 1076 1678 1143 offerendi
1729 1097 1845 1162 pro
1895 1078 2136 1163 populo
2184 1076 2397 1142 Missae
2444 1075 2824 1142 sacrificium

684 1183 945 1268 singulis
995 1182 1223 1249 diebus
1255 1181 1622 1256 DominiciS,
1661 1181 1928 1265 aliisque
1961 1179 2187 1246 diebus
2222 1179 2413 1244 etiam
2447 1199 2481 1243 e
2517 1178 2823 1245 festorum

686 1286 829 1352 albo
878 1285 1230 1373 dispunctis
1241 1330 2086 1348 ........
2139 1309 2149 1321 ·
2189 1330 2684 1346 .....
2784 1306 2820 1345 »
2871 1285 2994 1349 441

508 1392 666 1457 Aur.
709 1392 772 1454 2.
827 1395 915 1455 De
950 1389 1024 1454 iis
1073 1389 1303 1474 quibus
1351 1388 1518 1453 inest
1563 1387 1865 1473 obligatio
1913 1386 2129 1453 Missae
2176 1406 2294 1473 pro
2344 1389 2584 1474 populo
2623 1385 2826 1472 appli-

690 1491 924 1560 candae
1003 1536 2681 1558 ...............
2786 1517 2821 1556 ›>
2873 1494 3001 1556 445

512 1598 674 1660 Anr.
710 1599 771 1661 3.
827 1600 923 1662 An
971 1605 1292 1660 curatores
1339 1592 1687 1658 animarum
1738 1592 1981 1657 Missam
2035 1611 2154 1677 pro
2202 1592 2442 1679 populo
2491 1610 2611 1678 per
2658 1593 2827 1678 ipsos

692 1698 1010 1785 adplicare
1063 1707 1400 1761 teneantur
1449 1706 1512 1759 et
1560 1715 1681 1779 qua
1729 1694 1881 1760 hora
1968 1743 2687 1760 .......
2791 1722 2827 1761 »
2877 1701 3004 1762 455
3046 1695 3055 1705 '

525 1809 595 1878 »Β
649 1798 1019 1885 Appendix.
1055 1799 1429 1864 Recentiora
1466 1796 1723 1863 decreta
1773 1801 1836 1864 S.
1873 1797 2052 1864 Sedis
2100 1797 2176 1862 ad
2213 1797 2668 1884 praecedentes
2701 1808 2829 1864 tres

696 1902 995 1966 articulos
1005 1946 2685 1965 ...............
2791 1926 2825 1965 »
2877 1903 3005 1966 459

520 2007 678 2069 Aur.
721 2007 785 2068 4.
838 2008 928 2069 De
980 2004 1269 2069 facultate
1320 2001 1578 2069 binandi
1613 2047 2689 2068 ..........
2793 2030 2828 2067 »
2879 2005 3003 2070 463

529 2114 596 2182 51⁴
657 2106 1023 2193 Appendix.
1079 2106 1455 2172 Recentiora
1504 2105 1759 2171 decreta
1843 2152 2692 2170 ........
2788 2129 2825 2168 »
2879 2109 3006 2171 469

352 2215 390 2289 g
440 2211 568 2274 XII.
655 2213 775 2288 An,
821 2220 884 2275 et
919 2229 1080 2296 quae
1129 2209 1640 2294 praemittantur,
1677 2220 2014 2295 antequam
2064 2209 2203 2292 quis
2251 2207 2325 2274 ad
2375 2211 2642 2295 primam
2694 2220 2836 2274 ton-

700 2332 950 2389 suram,
1006 2323 1070 2378 et
1118 2313 1396 2378 minores
1445 2311 1699 2377 ordines
1747 2311 2137 2387 admittatur,
2191 2322 2253 2377 et
2285 2331 2378 2377 an
2425 2312 2613 2377 sacris
2662 2312 2832 2377 ordi-

703 2413 888 2480 nibus
940 2413 1263 2491 initiandi,
1316 2425 1461 2480 ante
1507 2413 1967 2499 cuiuscumque
2018 2413 2258 2479 ordinis
2303 2414 2463 2479 sacri
2512 2415 2830 2500 receptio-

698 2535 885 2594 nem,
935 2516 1058 2603 piis
1105 2516 1662 2593 meditationibus,
1724 2517 1918 2603 vulgo
1964 2516 2400 2602 spiritualibus
2466 2518 2824 2595 exercitiis„

697 2631 922 2687 vacent
970 2641 1089 2708 per
1134 2622 1375 2707 aliquot
1422 2622 1558 2688 dies
1607 2622 1669 2686 in
1718 2621 1927 2707 aliqua
1976 2619 2167 2686 domo
2218 2622 2511 2707 religiosa
2556 2669 2570 2683 .
2674 2671 2688 2685 .
2793 2648 2829 2685 »
2880 2621 3003 2687 471

520 2726 685 2788 Aur.
718 2728 777 2808 1.
832 2728 922 2790 De
975 2726 1157 2790 titulo
1203 2746 1256 2790 S.
1304 2725 1714 2791 ordinationis
1726 2772 2690 2791 .........
2794 2748 2830 2789 »
2881 2728 3010 2789 472

527 2831 686 2893 An'r.
722 2833 785 2894 2.
840 2833 928 2895 De
974 2832 1165 2895 sacris
1214 2830 1534 2896 exercitiis
1613 2878 1627 2893 .
1730 2877 1746 2894 .
1853 2877 1869 2893 .
1970 2828 2006 2891 .’
2089 2879 2693 2896 ......
2795 2851 2831 2892 »
2882 2830 3006 2894 491

350 2937 387 3010 ἓ
435 2934 596 2996 XIII.
646 2935 743 2997 An
793 2951 1011 2998 omnes
1074 2932 1381 3018 praedicti
1449 2944 1657 2998 vestes
1705 2932 1943 3018 iugiter
1990 2932 2280 2998 deferant
2341 2933 2698 3007 clericales,
2771 2940 2836 2997 et

697 3053 815 3111 an,
870 3037 1076 3120 quoad
1143 3034 1260 3100 sori
1308 3034 1751 3120 privilegium,
1816 3046 2158 3101 serventur
2203 3035 2504 3120 disposita
2553 3055 2586 3099 a
2631 3052 2838 3098 sacro-

700 3148 911 3203 sancta
962 3138 1217 3221 synodo
1266 3136 1633 3202 Tridentina
1687 3143 1853 3205 Sess,
1890 3142 1997 3205 23.
2039 3159 2176 3225 cap.
2216 3142 2281 3204 6.
2320 3136 2399 3202 de
2435 3136 2716 3204 Reform.
2772 3147 2838 3201 et

709 3240 975 3306 Constit.
1020 3245 1131 3309 SS.
1168 3245 1238 3306 D.
1280 3243 1353 3305 N.
1407 3240 1732 3307 Benedicti
1784 3246 1899 3307 ΡΡ.
1947 3245 2106 3307 ΧΙΠ.
2160 3240 2223 3307 in
2273 3240 2502 3306 eodem
2553 3238 2837 3305 Concilio

704 3346 987 3409 Romano
1037 3355 1317 3408 emanata
1371 3390 2692 3407 ............
2798 3367 2834 3406 »
2885 3342 3014 3405 492

353 3449 391 3524 ἓ
431 3447 589 3512 XIV.
654 3445 751 3510 An
799 3444 1153 3510 habeantur
1202 3445 1631 3511 conferentiae
1683 3446 2039 3533 theologiae
2085 3447 2366 3523 moralis„
2418 3466 2530 3511 seu
2582 3463 2840 3510 casuum

705 3548 1167 3625 conscientiae,
1223 3558 1286 3613 et
1334 3549 1522 3614 etiam
1569 3569 1889 3614 sacrorum
1941 3549 2218 3626 rituum,
2275 3558 2339 3614 et
2388 3558 2547 3633 quot
2593 3547 2839 3612 vicibus

702 3649 1077 3726 habeantur,
1132 3662 1196 3716 et
1246 3653 1351 3735 qui
1407 3652 1530 3718 illis
1579 3653 1914 3730 intersint,
1971 3662 2034 3718 et
2082 3653 2341 3738 quinam
2388 3651 2715 3739 profectus
2762 3671 2842 3716 ex

713 3753 839 3818 illis
884 3752 1193 3818 habeatur
1264 3802 2704 3821 .............
2804 3777 2840 3819 s
2892 3756 3019 3819 506

360 3862 398 3937 ἓ
450 3859 586 3923 XV.
661 3859 924 3935 Quinam
981 3856 1104 3923 sint
1169 3877 1377 3923 mores
1440 3860 1609 3925 clero
1669 3859 2038 3934 saecularis,
2094 3870 2157 3923 et
2203 3878 2281 3924 an
2340 3856 2601 3943 aliquod
2652 3856 2715 3923 in
2766 3875 2843 3923 eo

707 3961 867 4027 adsit
914 3961 1299 4037 scandalum,
1355 3962 1527 4046 quod
1577 3962 1866 4027 remedio
1915 3961 2198 4047 indigeat
2244 3961 2595 4047 potentiori
2685 4010 2700 4024 .
2804 3982 2839 4022 π»
2893 3961 3019 4024 517

546 4069 613 4137 »Β
670 4064 1009 4150 Appendix
1039 4067 1088 4128 1.
1126 4065 1464 4130 instructio
1497 4083 1616 4149 pro
1653 4050 2085 4129 ecclesiasticis
2118 4063 2309 4130 curiis
2342 4062 2550 4149 quoad
2578 4061 2845 4128 modum

711 4166 1106 4251 procedendi
1159 4167 1566 4233 oeconomice
1616 4167 1680 4232 in
1729 4168 1925 4233 causis
1976 4166 2482 4251 disciplinaribus
2532 4176 2596 4232 et
2629 4165 2843 4231 crimi-

715 4268 958 4331 nalibus
1007 4267 1384 4334 clericorum
1493 4316 2343 4333 ........
2339 4297 2351 4311 ·
2449 4315 2467 4332 .
2568 4318 2580 4332 .
2688 4318 2702 4333 .
2805 4289 2842 4332 »
2892 4269 3022 4333 530

545 4376 612 4444 »Β
669 4369 1005 4454 Appendix
1050 4372 1122 4433 11.
1177 4374 1266 4436 De
1314 4370 1517 4438 libero
1567 4372 1855 4458 ingressu
1902 4369 2141 4436 sacerd.
2179 4371 2410 4437 saecul.
2468 4371 2531 4435 in
2580 4370 2847 4437 Ordines

720 4471 1046 4555 religiosos
1156 4519 2707 4538 ..............
2810 4498 2845 4538 »
2895 4474 3024 4537 536

679 4580 737 4641 1.
777 4575 1100 4640 Benedicti
1132 4578 1294 4640 XIV.
1318 4577 1595 4660 Epistola
1628 4574 1703 4641 ad
1741 4577 2135 4642 Cardinalem
2171 4578 2484 4665 Angelum
2520 4576 2847 4642 Mariam.»
2896 4577 3026 4641 536

674 4684 737 4745 2.
777 4678 1054 4766 Epistola
1105 4681 1172 4745 S.
1214 4681 1283 4744 C.
1324 4680 1533 4765 Episc.
1575 4691 1640 4744 et
1673 4682 1898 4766 Regul.
1932 4680 2007 4745 ad
2043 4680 2431 4767 Episcopum
2463 4684 2538 4748 N.
2578 4732 2594 4749 .
2694 4731 2707 4745 .
2810 4706 2846 4745 s
2897 4681 3026 4744 548
