3497 5235
456 294 575 359 500
1211 295 1581 354 lustrationis
1621 294 1675 352 8.
1703 293 1890 372 Gongr.
1918 294 2066 356 Gonu.
2104 298 2377 373 expetitio.

457 432 637 504 adeo
687 431 1210 524 superaddidit,
1270 432 1460 522 quod
1518 454 1555 497 ι
1587 433 1801 504 etiam
1851 431 2167 505 debeant
2218 442 2465 507 contra
2519 437 2710 527 ipsos
2745 436 3134 526 procedere

459 568 496 614 ›
537 562 665 637 per
718 546 1140 631 citationeS,
1199 545 1384 616 domi
1442 545 1732 615 dimissa
1789 544 2036 633 copia,
2096 553 2458 634 quatenus
2509 548 2946 619 domicilium
3000 550 3138 620 ha-

458 680 497 724 »
537 656 759 728 beant
798 658 866 727 in
905 658 1576 748 eorum-respective
1614 655 2105 744 dioecesibus;
2162 658 2275 728 sin
2316 661 2550 729 minus
2587 677 2715 749 per
2749 661 3134 733 citationes

461 791 498 837 ›
540 768 632 838 ad
687 769 971 855 valvas;
1031 769 1347 858 iurisque
1399 768 1647 840 ordine
1699 770 2116 857 ceteroquin
2169 776 2477 856 servato,
2521 772 2951 843 sententiam
3003 775 3135 845 de-

458 903 497 947 »
540 879 985 951 claratoriarn
1041 881 1462 970 privationis
1514 879 1969 951 obtentorum
2025 878 2531 952 beneficiorum
2589 883 2661 952 in
2717 885 2908 972 ipsos
2943 882 3129 955 ferre

460 1018 498 1062 »
540 999 610 1066 et
662 993 1223 1083 pronuntiare»,
1284 993 1483 1063 firma
1541 998 1954 1063 remanente
2008 991 2413 1064 huiusmodi
2468 992 2977 1067 beneficiorum
3016 1013 3135 1066 re—

457 1106 857 1177 servatione
910 1101 1233 1176 Romano
1300 1101 1624 1175 Pontifici
1694 1103 1894 1174 iuxta
1955 1100 2252 1175 Constit.
2294 1099 2474 1175 Sixti
2525 1101 2609 1174 V.
2668 1105 2886 1194 incip.
2952 1106 3133 1178 Cum

455 1223 1012 1289 sacrosanctum.

602 1328 770 1398 445.
830 1325 1199 1400 Praeterea
1254 1328 1500 1401 eadem
1539 1325 2059 1398 Constitutione
2103 1326 2443 1414 decrevit,
2483 1333 2564 1399 ut
2600 1326 3009 1400 beneficiati
3052 1330 3131 1401 in

450 1438 701 1512 habitu
744 1440 973 1511 laicali
1031 1440 1445 1512 incedentes
1484 1439 1811 1510 beneficii
1853 1439 2125 1511 fructus
2161 1458 2327 1511 suos
2367 1440 2654 1511 minime
2693 1440 2927 1512 facere
2967 1460 3137 1532 pos-

451 1553 622 1637 sint,
680 1554 1190 1642 cuiuscumque
1246 1551 1525 1644 generis
1577 1570 1661 1622 ac
1711 1551 1971 1622 valoris
2025 1551 2070 1620 ii
2124 1551 2292 1622 sint.
2351 1547 2535 1633 Quin
2590 1552 2809 1624 eliam
2862 1553 3133 1627 diserte

452 1665 801 1749 sancivit,
861 1664 1271 1735 «eiusmodi
1328 1662 1793 1734 beneficiatos
1853 1679 1939 1732 ex
1994 1679 2186 1732 mero
2240 1661 2426 1734 facto
2495 1664 2815 1736 incessus
2871 1668 2940 1735 in
3002 1665 3136 1735 ha-

456 1799 493 1845 >
532 1774 685 1845 bitu
744 1775 1003 1862 laicali,
1060 1776 1385 1864 quamvis
1442 1774 1636 1845 nulla
1692 1775 2159 1863 praecesserit
2193 1770 2729 1846 ordinariorum
2766 1779 3130 1850 sententia

454 1912 494 1956 ιν
535 1887 998 1958 declaratoria
1037 1887 1451 1977 privationis
1488 1885 2026 1973 beneficiorum,
2061 1904 2246 1976 quae
2281 1886 2636 1973 obtinent,
2673 1889 2811 1958 imo
2840 1891 3128 1961 etiamsi

458 2022 495 2066 ›
538 1997 731 2068 nulla
787 1998 1027 2069 citatio
1060 2051 1080 2086 ,
1138 2000 1474 2086 monitio,
1533 1999 1642 2080 vel
1697 1998 1881 2069 alius
1951 1998 2303 2069 iudicialis
2356 2006 2557 2069 actus
2610 2001 2684 2071 in
2737 2019 2858 2072 eos
2913 2001 3130 2074 fuerit

455 2135 492 2177 ›
535 2110 931 2195 institutus,
989 2111 1142 2201 ipso
1198 2113 1345 2183 iure
1398 2110 1801 2180 amissionis
1846 2116 1917 2181 et
1975 2112 2388 2201 privationis
2429 2110 2785 2184 fructuum
2840 2114 3131 2205 praedi-

452 2246 492 2289 »
531 2227 800 2293 ctorum
843 2239 1143 2312 poenam
1202 2224 1559 2294 incurrere
1592 2246 1659 2309 »,
1702 2228 1920 2311 atque
1958 2223 2216 2294 idcirco
2244 2242 2362 2294 eos
2400 2225 2671 2296 fructus
2710 2227 3130 2299 nullatenus

450 2333 815 2422 percipere
868 2351 1072 2425 posse
1127 2333 1431 2421 addidit,
1475 2334 1600 2405 sed
1640 2350 1885 2404 omnes
1922 2335 2212 2404 omniuo
2267 2336 2339 2405 in
2394 2336 2841 2408 commodum
2897 2339 3129 2411 eccle·

449 2444 626 2529 siae,
684 2445 757 2514 in
814 2462 955 2532 qua
1009 2443 1356 2517 beneficia
1409 2445 1543 2518 sita
1599 2454 1794 2532 sunt,
1835 2445 1971 2516 sub
2023 2464 2248 2537 poena
2291 2446 2573 2518 lethalis
2610 2450 2861 2539 culpae
2916 2452 3128 2522 resti-

450 2560 653 2626 tuere
707 2554 995 2640 debere‚
1056 2556 1151 2628 ita
1208 2564 1286 2628 ut
1337 2575 1582 2644 nemo,
1640 2558 1916 2629 etiamsi
1972 2564 2160 2629 esset
2212 2554 2810 2633 Poenitentiarius
2865 2564 3116 2651 maior,

447 2674 731 2757 praeter
786 2665 1192 2739 Pontificem
1248 2670 1508 2758 ipsum,
1565 2669 2057 2758 beneficiatos,
2115 2670 2202 2741 de
2256 2669 2521 2759 quibus
2582 2671 2966 2763 loquimur,
3025 2676 3123 2746 ab

448 2781 585 2852 hac
636 2781 1069 2873 obligatione
1124 2781 1426 2854 liberare
1480 2788 1726 2872 queat.

596 2892 765 2963 446.
827 2890 1256 2963 Monendum
1313 2913 1513 2980 vem,
1572 2893 1763 2984 quod
1816 2893 2098 2964 tametsi
2176 2893 2530 2965 fructuum
2584 2895 3121 2970 beneficialium

449 3005 1041 3076 condonationem
1098 3007 1483 3077 concedere
1519 3001 1950 3076 Benedictus
1977 3000 2181 3074 Xlll.
2228 3002 2482 3078 Sncrae
2522 3004 3123 3082 Paenitentiariae

446 3116 920 3206 prohibuerit,
983 3117 1443 3187 nibilominus
1497 3113 1926 3188 Benedictus
1981 3113 2168 3186 XIV.
2232 3119 2301 3188 in
2356 3116 2653 3189 Constit.
2694 3121 2931 3190 Bonus
2971 3123 3122 3192 Pa-

446 3234 592 3298 stor
633 3228 745 3298 13.
799 3225 1012 3317 April.
1060 3228 1271 3298 1744.
1314 3226 1387 3322 ξ.
1427 3228 1551 3300 24.
1598 3230 1692 3298 ita
1734 3246 1882 3298 rem
1923 3231 2369 3318 temperavit,
2407 3237 2483 3299 ut
2523 3227 3124 3303 poenitentiarius

449 3343 670 3411 maior
725 3342 794 3410 in
851 3339 1134 3410 casibus
1189 3341 1475 3430 quidem
1533 3340 1839 3432 publicis
1911 3339 2265 3411 fructuum
2339 3342 2933 3414 condonationem
2991 3345 3126 3414 im-

446 3453 687 3544 pertiri
745 3457 1127 3539 vetaretur,
1170 3461 1407 3543 posset
1461 3460 1701 3524 tamen
1760 3453 1832 3523 in
1889 3451 2176 3523 casibus
2222 3453 2518 3522 occultis
2557 3454 2754 3522 iuxta
2791 3471 2915 3524 eas
2950 3474 3124 3526 con-

445 3567 778 3652 ditioneS,
838 3581 1022 3652 quae
1077 3568 1145 3636 in
1204 3572 1589 3636 memorata
1647 3564 2093 3653 paragrapho
2150 3562 2760 3654 praescribuntur.

603 3678 773 3749 447.
833 3677 1042 3751 Hisce
1095 3678 1453 3764 delibatis,
1513 3695 1737 3766 pauca
1794 3675 2210 3747 subiicimus
2265 3694 2406 3744 non
2464 3673 2597 3746 levi
2652 3674 3122 3747 adnotatione

448 3789 691 3880 digna.
753 3787 834 3861 lu
890 3792 1135 3884 primis
1191 3789 1622 3860 monendum
1678 3794 1822 3869 est,
1881 3806 2002 3874 ea,
2064 3806 2249 3876 quae
2302 3807 2341 3857 a
2401 3788 2548 3858 iure
2615 3789 2892 3859 sancita
2949 3792 3121 3859 sunt

448 3918 663 3990 super
716 3904 1095 3974 amissione
1148 3901 1495 3993 privilegii
1555 3899 1677 3970 lori
1734 3907 1805 3970 et
1841 3900 2162 3985 canonis,
2207 3917 2346 3987 quo
2387 3900 2453 3968 iu
2497 3918 2663 3970 casu
2715 3900 3118 3970 necessaria

448 4020 555 4082 est
611 4015 791 4084 trina
853 4016 1168 4101 monitio,
1230 4020 1614 4101 antequam
1670 4014 2024 4083 sententia
2078 4012 2536 4082 declaratoria
2583 4014 3111 4101 pronuntietur,

449 4124 911 4211 monendum,
969 4128 1292 4215 inquam,
1333 4133 1467 4212 est,
1513 4143 1649 4194 non
1697 4126 1788 4194 ita
1831 4131 2019 4194 certe
2059 4122 2395 4193 confundi
2442 4141 2644 4213 posse
2683 4141 2843 4193 cum
2884 4141 3135 4226 poena-

446 4234 864 4325 privationis
916 4235 1291 4325 beneficii3
1349 4238 1423 4307 in
1476 4236 1609 4308 hoc
1660 4237 1855 4307 enim
1907 4235 2220 4307 secundo
2275 4253 2441 4305 casu
2495 4237 2740 4306 stricto
2781 4236 2932 4306 inre
2973 4255 3115 4306 rno-

444 4348 714 4419 nitione
753 4352 948 4420 nulla
986 4369 1355 4441 opus-esse
1396 4351 1709 4421 videtur:
1758 4369 2065 4439 namque
2104 4344 2342 4418 Sixtus
2374 4345 2452 4418 V.
2498 4349 2567 4417 iu
2607 4345 2902 4419 Constit.
2944 4348 3108 4421 Cum

445 4469 973 4533 sacrosanctum
1026 4464 1307 4533 disertis
1360 4462 1593 4533 verbis
1638 4465 2038 4562 expressit,
2100 4457 2512 4531 Ordinarios
2563 4460 2713 4530 sine
2764 4461 2920 4531 ulla
2973 4479 3112 4531 mo·

447 4574 715 4645 uitione
750 4578 837 4645 ad
877 4577 1340 4666 privationem
1385 4593 1585 4667 posse
1624 4575 2032 4664 procedere,
2067 4571 2496 4645 Benedictus
2521 4590 2696 4641 vero
2727 4565 2964 4652 xlll„
2991 4568 3105 4658 qui

447 4683 638 4756 hanc
690 4683 1275 4759 Constitutionem
1332 4688 1802 4775 confirmavit,
1836 4686 1924 4758 de
1965 4688 2192 4758 trinae
2248 4685 2655 4758 monitionis
2689 4686 3108 4757 necessitate
