3497 5235
1106 334 1179 394 Do
1215 334 1518 393 visitatione
1559 334 1829 393 Sacrorum
1865 332 2126 391 hminum.
2279 380 2301 404 ,
2865 325 2933 388 Μ

313 466 387 542 D.
422 465 506 541 N.
564 487 835 541 novum
886 467 1197 541 officium
1247 469 1538 558 creavit,
1594 467 1687 542 ad
1737 466 1929 559 quod
1978 466 2316 541 idoneum
2351 464 2575 536 virum
2614 462 2944 536 Summus

313 580 617 655 Pontifex
669 589 1022 675 perpetuo
1071 600 1196 673 per
1244 602 1323 655 se
1371 583 1797 671 nominaret,
1854 582 2056 655 cuius
2106 596 2367 651 munus
2441 584 2626 650 esset
2705 577 2944 648 literas

311 693 647 768 conficere
698 692 793 765 ad
840 692 1213 767 Antistites
1267 693 1532 768 nedum
1590 712 1806 786 super
1853 690 2320 766 relationibus
2371 689 2460 762 de
2509 695 2701 762 statu
2752 688 2947 760 dioe-

312 823 584 891 ceseon,
638 805 771 877 sed
823 811 896 877 et
944 804 1150 894 aliaS,
1205 823 1391 896 quae
1442 803 1789 878 conscribi
1841 804 2100 893 solent,
2140 822 2302 878 cum
2337 810 2493 894 post
2529 807 2945 875 consuetum

312 934 606 988 examen
659 916 914 1008 synodi
969 916 1434 1007 provinciales
1483 917 1575 989 ad
1624 934 1793 989 suos
1842 923 2167 989 auctores
2217 914 2701 987 remittuntur.
2765 908 2950 982 Huic

313 1026 588 1100 officiali
644 1032 1011 1119 praeterea
1062 1044 1324 1100 munus
1376 1028 1700 1101 additum
1753 1033 1890 1117 est,
1927 1033 2008 1099 ut
2059 1023 2529 1100 conventibus
2561 1023 2948 1116 particula-

312 1140 527 1225 ribus,
589 1140 787 1212 nullo
838 1147 1078 1213 tamen
1129 1158 1294 1213 cum
1326 1139 1637 1231 suffragii
1674 1139 1854 1229 iure,
1893 1138 2091 1212 iuxta
2127 1135 2420 1210 Constit.
2455 1134 2722 1209 Bened.
2753 1130 2943 1207 xlv.

315 1252 515 1323 Decet
572 1251 967 1323 Romanum
1018 1252 1420 1333 interesset,
1471 1251 1774 1341 aliisque
1808 1249 2022 1323 rebus
2052 1249 2195 1323 huc
2227 1246 2753 1341 pertinentibus
2786 1264 2952 1341 ope-

314 1381 455 1434 ram
509 1362 743 1451 daret,
798 1379 977 1451 quas
1028 1362 1130 1434 illi
1180 1363 1288 1435 vel
1338 1360 1559 1435 Esnus
1604 1359 1814 1434 Card.
1854 1359 2262 1437 Praefectus
2329 1366 2455 1432 aut
2521 1356 2955 1432 secretarius

313 1473 877 1546 demandaverit.
916 1469 1205 1546 Constat
1237 1471 1311 1546 id
1344 1492 1431 1546 ex
1467 1474 1686 1546 literis
1724 1472 1815 1545 ab
1843 1469 2018 1546 Eme
2045 1470 2250 1546 Card.
2284 1470 2672 1545 Secretario
2709 1466 2952 1542 Status

316 1591 701 1657 memorata
752 1584 867 1656 die
920 1584 1091 1655 mihi
1142 1584 1357 1674 datiS,
1411 1603 1572 1658 cum
1623 1587 1896 1676 primus
1944 1586 2037 1658 ad
2086 1584 2222 1657 hoc
2255 1582 2608 1656 novellum
2644 1580 2952 1653 officium

315 1716 400 1770 ex
448 1694 802 1787 singulari
851 1692 1214 1769 Pontificis
1262 1696 1704 1788 benignitate
1756 1696 2167 1770 nominatus
2215 1713 2404 1769 sum.

451 1804 779 1896 Denique
829 1804 1182 1878 silendum
1234 1826 1378 1880 non
1428 1815 1561 1897 est,
1601 1808 1822 1899 quod,
1861 1826 2024 1881 cum
2058 1825 2146 1882 ex
2181 1806 2602 1881 auctoritate
2638 1802 2951 1878 eiusdem

316 1917 581 1992 Summi
634 1915 993 1991 Pontificis
1043 1924 1229 1993 certo
1294 1919 1588 1993 huiusce
1655 1919 1977 1993 officialis
2042 1918 2417 1993 honorario
2493 1922 2956 2008 augmentum

318 2038 570 2123 sponte
622 2028 954 2103 fecissent
1001 2030 1076 2101 S.
1114 2027 1691 2123 Congregationis
1741 2032 2216 2105 moderatores
2278 2047 2365 2103 ex
2431 2047 2644 2120 capsa
2715 2027 2959 2100 Secre-

321 2144 566 2232 tariae‚
624 2142 699 2215 id
748 2161 931 2215 onus
980 2144 1270 2235 insuper
1328 2144 1678 2216 adiectum
1752 2141 1929 2233 fuit,
1987 2152 2065 2218 ut
2137 2147 2421 2237 praeter
2496 2139 2952 2232 epistolarum

321 2256 900 2347 perscriptionem
951 2255 1138 2328 idem
1189 2254 1509 2329 officialis
1558 2255 1979 2327 relationum
2013 2254 2322 2327 examini
2359 2270 2647 2345 operam
2699 2268 2961 2343 suppe-

322 2375 521 2456 teret,
577 2382 806 2456 eaque
855 2366 994 2438 alia
1043 2373 1438 2458 perageret,
1507 2384 1691 2456 quae
1742 2367 1956 2440 iidem
2007 2366 2482 2439 moderatores
2535 2364 2665 2457 ipsi
2722 2362 2960 2434 iniun-

323 2479 549 2571 genda
599 2479 1071 2552 censuissent:
1129 2479 1197 2551 id
1250 2481 1464 2551 etiam
1516 2479 1894 2554 innotescit
1944 2496 2031 2552 ex
2084 2478 2405 2570 epistolio
2474 2476 2589 2547 die
2659 2474 2777 2546 30.
2837 2470 2963 2546 Se-

318 2589 666 2685 ptembris
733 2590 946 2663 1863.
1014 2589 1106 2661 ah
1143 2587 1318 2665 Eiiio
1367 2586 1574 2664 Cat-d.
1615 2586 1975 2666 Praefecto
2026 2590 2118 2664 ad
2172 2608 2281 2662 me
2328 2588 2749 2683 perscripto.
