3497 5235
1089 320 1208 393 (hp.
1234 320 1330 378 111.
1370 321 1441 378 Do
1483 316 1615 378 clero
1657 322 1928 380 amuleti.
1970 326 2022 397 ἓ.
2050 324 2097 381 7.
2795 324 2912 388 :395

253 459 625 543 »tequam
679 452 773 525 ad
825 454 1192 543 paroeciae
1264 454 1575 543 regimen
1627 461 2071 542 revertatur,
2124 455 2407 528 debitae
2476 460 2912 531 reverentiae

252 590 292 637 ›
331 584 417 638 ac
465 563 962 637 submissionis
999 571 1202 636 actus
1237 571 1552 657 praestet
1586 583 1755 656 erga
1792 584 2001 637 suum
2040 563 2687 659 Archiepiscopum‚
2728 569 2913 642 facto

251 705 292 749 ι»
333 679 551 751 verbo
604 697 767 750 cum
820 675 1060 750 SSmo.
1108 702 1144 746 »

398 914 435 957 «ι
476 884 639 961 vn.
681 886 788 958 An
823 887 1084 959 librum
1125 886 1553 958 matrimonii
1592 892 1664 957 et
1695 883 2245 976 baptizatorum,
2288 888 2606 977 aliosque
2660 889 2909 980 libroS,

247 1026 285 1071 ι
327 1021 511 1094 quos
548 1002 643 1075 ad
678 1018 997 1073 normam
1033 996 1346 1071 Ritualis
1396 995 1703 1069 Romani
1740 998 2047 1069 retinere
2085 996 2380 1086 debent,
2421 997 2828 1073 retineant?
2869 1026 2908 1069 ι

383 1221 815 1285 ὃυιιιΑιιιυκ.
866 1214 1017 1278 241.
1071 1209 1233 1288 Quid
1266 1208 1650 1296 praescribat
1700 1208 1940 1274 Rituale
1989 1212 2337 1276 Romanum
2383 1210 2544 1275 circa
2577 1211 2773 1277 libros
2804 1232 2916 1298 pa·-

247 1318 560 1385 rochiales
607 1316 689 1382 de
735 1313 1089 1400 baptizatiS,
1136 1312 1216 1379 de
1262 1312 1552 1389 mortuis,
1604 1310 1902 1397 coniugio
1952 1313 2279 1396 copulatiS,
2333 1312 2665 1378 chrismate
2728 1314 2912 1380 inun-

245 1422 406 1498 ctiS,
460 1440 530 1486 ac
578 1430 740 1485 statu
789 1420 1162 1485 animarum.
1202 1456 1244 1468 -
1276 1421 1427 1483 242.
1481 1421 1550 1482 ln
1595 1437 1765 1482 sacra
1813 1415 2169 1481 visitatione
2219 1416 2586 1483 dioeceseos
2628 1417 2711 1484 de
2743 1418 2916 1484 bisce

243 1523 427 1589 libris
476 1520 937 1607 inquirendum
988 1530 1106 1597 est,
1158 1539 1235 1586 an
1281 1528 1686 1583 asserventur
1735 1519 1903 1583 iuxta
1954 1516 2214 1582 sormam
2266 1538 2298 1581 a
2349 1520 2575 1585 Rituali
2611 1521 2916 1606 praescri-

239 1636 446 1713 ptam.
483 1661 527 1672 -
573 1627 725 1688 243.
780 1626 1022 1687 Horum
1071 1621 1381 1687 librorum
1431 1620 1783 1686 custodiam
1842 1621 1918 1687 ad
1967 1620 2272 1706 parochos
2337 1621 2485 1687 licet
2546 1622 2917 1688 amovibiles

237 1726 566 1814 privative
611 1725 727 1790 sub
775 1745 896 1791 una
947 1724 1105 1790 clavi
1154 1734 1442 1809 spectare
1491 1721 1785 1789 definivit
1821 1724 1884 1788 in
1924 1724 2482 1806 Carpenctoraten.
2542 1728 2603 1791 S.
2645 1727 2911 1810 Congu,

243 1828 518 1895 minime
565 1846 721 1892 vero
769 1825 846 1891 ad
897 1827 1285 1911 Capitulum,
1339 1822 1507 1912 apud
1557 1823 1729 1909 quod
1782 1844 1927 1891 cura
1975 1824 2191 1890 habitu
2225 1836 2288 1890 et
2322 1838 2459 1891 actu
2512 1825 2914 1891 residebat.-

242 1935 403 1997 244.
459 1934 530 1996 In
579 1930 884 1994 Andrien.
934 1928 1237 2012 agebatur
1300 1926 1382 1991 de
1446 1925 1843 2003 cathedrali,
1898 1946 2059 2011 quae
2106 1941 2284 1991 antea
2352 1926 2662 1993 declarata
2712 1927 2913 1993 suerat

239 2035 434 2100 unica
484 2030 880 2117 parochialis,
935 2041 998 2096 et
1044 2030 1368 2116 collegiata
1414 2029 1618 2094 solum
1667 2027 1978 2094 adiutrix:
2032 2038 2246 2115 postea
2296 2049 2481 2094 curae
2537 2031 2912 2096 exercitium

240 2134 528 2202 divisum
579 2132 747 2199 inter
793 2154 893 2200 eas
944 2132 1181 2209 iuerat3
1246 2143 1337 2196 ast
1384 2134 1450 2197 S.
1488 2134 1558 2198 C.
1613 2130 1791 2196 iussit
1838 2151 1869 2195 a
1916 2131 2192 2217 parocho
2253 2132 2619 2218 collegiatae
2680 2133 2913 2199 librum

239 2238 607 2303 animarum
655 2236 1029 2322 quotannis,
1082 2234 1233 2300 alios
1280 2233 1475 2299 libros
1522 2246 1664 2318 post
1712 2232 2091 2299 sexennium
2138 2233 2215 2299 ad
2248 2234 2671 2303 cathedralem
2722 2248 2915 2302 trans-

245 2338 433 2405 ferri.
473 2376 517 2387 -
551 2342 701 2403 245.
743 2336 1051 2403 Parochus
1099 2335 1255 2402 tides
1302 2334 1677 2402 necessarias
1726 2335 1930 2402 facere
1984 2346 2257 2412 tenetur,
2313 2348 2377 2402 et
2410 2349 2622 2423 potest
2667 2339 2916 2405 solitam

243 2443 525 2526 exigere
571 2424 975 2515 mercedem,
1041 2437 1231 2504 modo
1282 2437 1471 2524 gratis
1519 2456 1621 2502 eas
1670 2437 1932 2504 concedi
2000 2439 2394 2506 consuetudo
2461 2460 2589 2507 non
2656 2441 2834 2508 serat.
2873 2479 2914 2491 -

241 2546 408 2610 246.
469 2540 804 2607 Librorum
853 2539 1270 2627 authographi
1334 2558 1533 2627 penes
1588 2538 1934 2626 parochum
1990 2552 2407 2607 asservantur.
2460 2546 2530 2609 In
2581 2544 2752 2609 libris
2802 2561 2914 2631 pa-

231 2643 638 2714 rochialibus
685 2642 1126 2709 adnotationes
1171 2663 1239 2708 ac
1287 2642 1476 2708 verba
1530 2642 1826 2707 iniuriosa
1876 2642 2063 2709 inseri
2100 2656 2453 2729 nequeunt,
2487 2648 2534 2711 si
2569 2666 2748 2711 secus
2780 2645 2909 2723 fiat,

231 2745 458 2815 deleri
514 2744 844 2811 iubentur.
881 2782 923 2793 -
955 2748 1106 2809 247.
1163 2747 1451 2810 Attamen
1503 2764 1720 2809 eorum
1768 2745 2148 2832 exemplaria
2182 2745 2258 2811 ad
2293 2746 2501 2811 curiae
2537 2747 2911 2833 episcopalis

228 2848 607 2916 archivium
679 2848 1012 2934 quotannis
1060 2846 1295 2911 deferri
1347 2849 1562 2932 plures
1610 2846 1845 2929 Synodi
1898 2848 2373 2932 praescribunt,
2443 2847 2635 2933 idque
2704 2847 2913 2915 laudat

231 2952 500 3019 Bened.
537 2954 700 3018 XlV.
745 2989 787 3000 -
835 2955 991 3016 248.
1043 2953 1123 3015 Ut
1172 2950 1328 3016 fides
1374 2950 1747 3036 parochialis
1796 2951 2137 3036 legitimam
2188 2950 2252 3016 in
2303 2950 2539 3016 iudicio
2588 2951 2778 3017 [idem
2828 2950 2915 3015 sa-

229 3054 409 3131 ciat‘,
465 3053 619 3139 quid
668 3053 1052 3139 requiratur.
1090 3091 1133 3102 -
1166 3055 1322 3118 249.
1358 3053 1675 3117 Ecclesiae
1715 3052 1870 3119 aliae
1910 3063 2053 3119 sunt
2096 3053 2514 3140 baptismaleS,
2558 3055 2710 3120 aliae
2744 3072 2907 3119 non:

227 3162 386 3224 Non
438 3171 536 3222 est
584 3156 664 3223 de
712 3157 978 3222 essentia
1025 3156 1400 3242 parochiae,
1455 3168 1524 3222 ut
1573 3155 1843 3222 habeant
1892 3155 2132 3222 sontem
2179 3156 2639 3242 baptismalem.
2701 3159 2913 3241 ltaque

227 3259 519 3327 ecclesia
567 3259 952 3346 baptismalis
1015 3269 1226 3345 potest
1276 3258 1618 3336 obsistere,
1672 3278 1751 3324 ne
1803 3258 1862 3322 in
1911 3257 2248 3340 parochiali
2300 3260 2580 3343 erigatur
2629 3256 2764 3323 sons
2810 3257 2913 3321 ba·

223 3360 585 3451 ptismalis.
641 3366 719 3427 Et
768 3365 829 3428 S.
878 3364 949 3428 C.
1006 3365 1201 3427 Conc.
1254 3361 1530 3446 parocho
1581 3360 1645 3426 id
1693 3363 1936 3446 petenti
2003 3361 2239 3445 pluries
2303 3374 2367 3428 et
2429 3361 2800 3428 nominatim
2851 3362 2915 3427 in

227 3469 544 3532 Reatina
608 3463 975 3552 denegavit.
1023 3501 1064 3513 -
1112 3469 1263 3530 250.
1320 3465 1476 3531 Satis
1525 3478 1658 3540 est,
1712 3475 1784 3529 ut
1833 3465 1896 3529 in
1946 3464 2247 3530 ecclesiae
2311 3465 2691 3551 baptismalis
2755 3464 2915 3530 libro

217 3566 545 3634 infantuli
598 3565 894 3652 baptizati
943 3564 1404 3644 describantur,
1457 3586 1573 3633 nec
1607 3565 1860 3651 parochi
1898 3577 2161 3652 possunt
2194 3569 2645 3652 praetendere,
2697 3574 2767 3631 ut
2797 3584 2916 3652 per

214 3668 618 3737 schedulam
666 3667 748 3733 de
798 3667 1115 3733 infantulis
1161 3668 1558 3752 parochianis
1607 3669 1936 3754 baptizatis
1984 3682 2382 3736 moneantur.
2427 3709 2469 3720 -
2517 3675 2672 3736 251.
2723 3673 2914 3735 Extra

215 3770 727 3839 matrimonium
776 3769 1063 3856 prognati
1116 3789 1241 3834 non
1290 3770 1529 3836 debent
1578 3770 1842 3836 describi
1897 3789 2040 3835 cum
2090 3773 2347 3838 nomine
2395 3774 2552 3849 eiuS,
2590 3771 2696 3856 qui
2731 3782 2914 3856 pater

213 3876 445 3961 vulgo
503 3870 880 3948 traducitur,
934 3872 1176 3936 etiamsi
1228 3872 1555 3957 inquisitio
1607 3873 1854 3958 incepta
1906 3873 2121 3951 fuerit,
2170 3873 2285 3939 sed
2333 3873 2617 3939 nondum
2665 3873 2747 3938 de
2780 3873 2913 3938 eius

207 3974 634 4065 paternitate
683 3972 1007 4039 definitiva
1052 3973 1367 4040 sententia
1415 3975 1768 4060 prodierit3
1821 3978 2194 4063 ceteroquin
2230 3998 2307 4043 ex
2357 3977 2584 4043 Rituali
2633 3981 2912 4043 Romano

204 4075 486 4147 sufficit
534 4075 876 4163 descriptio
924 4075 1198 4142 nominis
1248 4079 1434 4144 unius
1482 4099 1557 4143 ex
1605 4080 2150 4164 progenitoribus
2203 4116 2245 4127 -
2292 4083 2445 4145 252.
2497 4084 2589 4144 Ex
2637 4078 2761 4144 fide
2810 4079 2912 4144 ba-

202 4177 527 4272 ptismali
576 4177 884 4264 probatur
929 4177 1276 4265 baptismus
1321 4190 1674 4267 susceptuS,
1727 4192 1921 4258 aetas,
1974 4183 2151 4268 origo
2203 4192 2264 4246 et
2312 4183 2486 4247 locus
2518 4181 2839 4268 baptizati.
2870 4219 2912 4230 -

199 4287 396 4350 253.
457 4278 681 4344 Libros
745 4281 1230 4348 matrimoniales
1295 4281 1533 4347 nedum
1605 4301 1682 4347 ex
1743 4282 1975 4348 Rituali
2042 4287 2361 4359 Romano,
2427 4283 2536 4348 sed
2589 4303 2668 4348 ex
2715 4286 2906 4349 Conc.

199 4382 419 4454 Trid.
477 4381 790 4466 parochus
837 4382 1070 4447 babere
1122 4393 1401 4449 tenetur.
1452 4389 1530 4449 Et
1574 4384 1624 4449 si
1675 4385 1816 4468 quis
1865 4384 2272 4449 matrimonio
2335 4385 2660 4452 assistendi
2727 4385 2913 4452 sacul-

202 4498 445 4556 tatem
498 4483 789 4568 accipiat,
839 4484 1226 4550 matrimonii
1277 4484 1485 4551 collati
1525 4484 1958 4550 testimonium
1992 4486 2270 4570 parocho
2305 4484 2452 4551 dare
2484 4487 2699 4552 debet.
2740 4487 2915 4554 Idem

197 4585 602 4658 dicendum
651 4586 732 4652 de
781 4585 1108 4671 baptizatis
1156 4607 1224 4652 ac
1273 4585 1353 4652 de
1400 4585 1708 4664 mortuiS,
1759 4585 1809 4651 si
1859 4588 1999 4670 quis
2046 4586 2404 4673 baptizandi
2456 4610 2524 4654 ac
2561 4590 2914 4656 tumulandi

195 4691 505 4780 copiam
557 4687 939 4756 obtinuerit.
989 4726 1031 4737 -
1078 4694 1229 4756 254.
1285 4694 1350 4755 ln
1399 4691 1815 4757 matrimoniis
1862 4690 2293 4760 describendis
2342 4692 2580 4761 debent
2644 4695 2912 4782 exprimi
