3497 5235
615 318 736 383 344
1356 324 1735 384 lustrationi-
1780 326 1833 384 Β.
1864 324 2047 399 Oongr.
2078 326 2228 384 Cone.
2267 325 2544 400 expositio.

616 475 745 522 non
792 465 1058 543 possunt
1105 455 1256 522 dare
1302 468 1524 523 votum
1578 460 1748 524 iuxta
1799 462 2162 547 Fagnanum
2201 476 2321 543 per
2368 457 2579 522 literas
2625 466 2689 522 et
2737 455 2801 520 in
2845 451 3120 539 scriptis,
3160 448 3250 516 sed

615 576 738 645 per
782 570 1262 643 procuratorem
1311 578 1454 624 cum
1506 560 1785 646 generali
1834 559 2156 637 mandato,
2207 571 2314 625 aut
2358 559 2581 624 saltem
2629 574 2751 643 per
2780 555 3139 622 schedulam
3165 551 3251 617 ob·

614 661 924 746 signatam
974 661 1267 746 capitulo
1315 660 1622 726 directam
1672 663 1841 728 iuxta
1893 662 2203 729 Schmier.
2258 663 2354 727 An
2400 673 2612 727 autem
2663 660 2918 726 nullitas
2966 666 3249 742 emergat,

615 761 666 827 si
717 764 903 827 aliter
949 775 1154 829 actum
1208 762 1424 840 luerit,
1477 782 1603 829 non
1639 776 1733 830 est
1767 779 2052 831 certum:
2092 783 2235 831 nam
2281 762 2637 829 sanctiones
2677 780 2797 849 pro
2828 761 3254 847 Episcoporum

617 864 1036 931 electionibus
1083 885 1211 931 non
1260 876 1524 951 possunt
1570 864 1949 932 adamussim
2007 865 2269 933 extendi
2318 865 2397 931 ad
2444 865 2594 930 alios
2651 877 2824 930 actus
2884 863 3249 949 capitulares.

616 973 843 1034 -165.
898 973 967 1036 S.
1003 973 1076 1036 C.
1129 973 1326 1037 Conc.
1381 970 1621 1049 edixit,
1673 971 1939 1036 abusum
1987 989 2124 1036 esse
2171 990 2300 1036 non
2348 968 2789 1045 tolerandum,
2842 965 3018 1054 quod
3066 964 3254 1031 diebus

616 1070 786 1136 festis
834 1091 962 1137 non
1010 1083 1428 1159 punctentur,
1481 1072 1597 1138 nisi
1651 1073 1718 1150 ii,
1772 1073 1881 1159 qui
1929 1084 2076 1158 post
2136 1073 2497 1139 absolutum
2560 1072 2841 1159 primum
2901 1081 3257 1136 nocturnum

614 1174 811 1248 choro
858 1173 1089 1250 adsint,
1128 1186 1192 1240 et
1225 1174 1450 1240 diebus
1501 1174 1849 1257 ferialibus,
1903 1175 2012 1260 qui
2047 1174 2257 1242 adsint
2289 1186 2433 1262 post
2464 1175 2786 1241 absolutos
2831 1193 2945 1238 sex
2992 1172 3253 1259 psalmos,

616 1284 683 1340 et
728 1277 881 1340 item
933 1278 1106 1360 quod
1156 1295 1284 1342 uon
1331 1279 1626 1363 exigatur
1685 1279 1917 1344 mulcta
1977 1289 2206 1344 statuta
2253 1296 2372 1363 pro
2421 1279 2536 1356 iis,
2602 1278 2713 1364 qui
2777 1274 3256 1362 processionibus

616 1378 1010 1445 intervenire
1059 1377 1459 1456 detrectant,
1512 1379 1794 1466 denique
1831 1381 1894 1446 in
1932 1381 2132 1448 tribus
2181 1382 2353 1447 hisce
2401 1380 2645 1446 casibus
2689 1400 2816 1447 non
2852 1377 3101 1445 tolerari
3137 1396 3259 1442 con-

616 1481 868 1547 trariam
917 1480 1476 1546 consuetudinem.
1531 1485 1596 1547 ln
1646 1482 1760 1548 hac
1808 1503 1878 1550 re
1924 1484 2252 1569 sequenda
2301 1483 2691 1570 proponitur
2737 1502 2961 1549 norma
3009 1503 3040 1547 a
3074 1486 3133 1549 S.
3169 1482 3259 1546 Ca·

617 1583 756 1649 rolo
805 1586 1187 1648 Borromaeo
1232 1586 1492 1661 sancita,
1548 1596 1610 1650 et
1642 1605 1672 1650 a
1709 1585 1949 1652 Bened.
1989 1591 2154 1654 xlv.
2208 1573 2537 1663 i'nculcata,
2575 1605 2872 1672 quaeque
2924 1583 3141 1650 eadem
3168 1583 3255 1658 sit,

615 1684 983 1771 exponitur.
1035 1721 1080 1732 -
1128 1688 1280 1751 166.
1334 1689 1400 1753 S.
1439 1690 1510 1754 C.
1569 1690 1766 1754 Conc.
1819 1691 1884 1755 in
1945 1691 2332 1756 Placentina
2395 1689 2780 1767 declaravit,
2847 1689 3171 1754 canonicos
3209 1694 3262 1751 et

614 1785 1024 1853 beneficiatos
1072 1788 1358 1854 eiusdem
1406 1790 1778 1876 collegiatae
1825 1791 2308 1859 distributiones
2352 1812 2482 1860 non
2514 1811 2770 1880 capere,
2810 1790 2966 1856 dum
3002 1801 3260 1874 tempore

618 1887 793 1953 chori
844 1888 1276 1954 confessiones
1323 1890 1617 1972 audiunt,
1671 1893 1824 1960 item
1870 1908 2015 1962 ante
2062 1897 2164 1961 vel
2213 1908 2359 1982 post
2404 1894 2831 1961 consessiones
2879 1890 3118 1958 auditas
3152 1890 3261 1977 pri-

615 1993 809 2057 vatim
873 1991 1055 2056 horas
1118 1995 1446 2060 canonicas
1508 1998 1797 2063 recitant.
1852 2003 2007 2065 Item
2056 2019 2175 2066 nec
2225 1999 2313 2077 ii,
2365 1998 2476 2085 qui
2525 1997 3053 2073 confabulantur3
3114 1992 3261 2080 quod

617 2095 1139 2182 intelligendum,
1187 2099 1236 2162 si
1289 2099 1506 2185 plures
1552 2102 2011 2169 collocutiones
2058 2101 2208 2168 liant
2255 2102 2320 2167 in
2369 2100 2823 2168 eadembora.
2890 2096 3263 2165 Distributio-

613 2219 729 2266 nes
774 2213 988 2267 autem
1036 2202 1296 2285 capiunt
1344 2203 1382 2267 ii
1434 2203 1606 2283 duo,
1661 2206 1770 2290 qui
1819 2218 2116 2292 tempore
2161 2226 2192 2269 a
2243 2204 2481 2292 Synodi
2532 2215 2596 2270 et
2645 2201 2919 2287 Capituli
2966 2199 3262 2266 sanctione

617 2305 1014 2390 praescripto
1066 2304 1306 2370 Missam
1359 2307 1706 2375 celebrant.
1744 2345 1789 2357 -
1834 2313 1983 2375 167.
2035 2311 2329 2386 Quamvis
2376 2308 2594 2393 regula
2640 2306 2721 2372 sit
2767 2305 3150 2392 generatim,
3194 2317 3261 2364 ne

623 2409 1001 2492 capitulares
1049 2409 1207 2473 ultra
1260 2411 1508 2477 tertiam
1568 2423 1817 2499 partem
1881 2412 2069 2478 simul
2118 2432 2148 2475 a
2198 2410 2393 2477 choro
2440 2409 2687 2486 absint,
2754 2406 3156 2472 nihilominus
3210 2402 3264 2466 in

616 2509 860 2575 casibus
889 2512 1369 2595 particularibus
1396 2513 1457 2580 id
1488 2515 1876 2602 relinquitur
1898 2513 2158 2580 arbitrio
2176 2510 2472 2601 Episcopi
2498 2522 2563 2577 et
2589 2509 2941 2596 Capituli.-
2965 2510 3105 2574 168.
3129 2506 3259 2572 S-C.

616 2616 745 2681 Rit.
787 2615 1107 2694 definivit,
1158 2620 1534 2704 capitulares
1584 2621 1788 2687 teneri
1840 2620 2106 2686 obedire
2139 2619 2440 2704 magistro
2471 2612 3021 2682 caeremoniarum
3055 2610 3113 2676 in
3141 2606 3261 2684 bis,

615 2740 778 2805 quae
828 2720 1117 2788 divinum
1166 2723 1408 2789 cultum
1457 2724 1850 2813 respiciunt3
1889 2741 2111 2788 eorum
2146 2719 2470 2805 siquidem
2513 2717 2819 2794 director,
2859 2734 2988 2781 non
3020 2711 3264 2778 famulus

614 2832 734 2888 est.
769 2860 814 2872 -
849 2827 1000 2891 169.
1051 2825 1314 2890 Librum
1363 2827 1888 2893 caeremonialem
1940 2823 2017 2891 ad
2065 2841 2352 2909 unguem
2398 2819 2785 2887 servandum
2836 2836 3000 2895 esse,
3042 2815 3147 2883 nisi
3178 2811 3267 2877 di·

614 2928 978 2995 versimode
1028 2948 1106 2995 ex
1163 2930 1629 2996 consuetudine
1686 2928 2173 2996 immemorabili
2240 2925 2563 2993 indultum
2608 2922 2715 2990 sit.
2780 2922 3092 2988 Eumdem
3149 2934 3265 2983 non

613 3030 845 3097 tollere
895 3030 1239 3098 laudabiles
1287 3032 1803 3110 consuetudines,
1857 3042 1920 3098 et
1968 3031 2209 3117 ubique
2253 3032 2314 3096 in
2349 3027 2690 3096 christiano
2724 3024 2900 3089 -orbe
2950 3024 3269 3089 observan-

615 3133 1033 3200 dum-170.
1062 3136 1392 3201 Canonicis
1429 3134 1516 3200 uti
1551 3134 1817 3222 singulis
1866 3136 2101 3200 nullam
2137 3131 2650 3219 praecedentiam
2688 3138 2753 3194 et
2785 3123 3266 3215 praerogativam

613 3236 868 3304 deberi.
903 3277 948 3290 -
985 3244 1133 3306 171.
1190 3239 1418 3306 lisdem
1467 3260 1594 3306 non
1644 3239 1838 3305 licere
1891 3239 1985 3304 uti
2021 3238 2308 3303 rochetto
2342 3246 2409 3301 et
2443 3241 2761 3299 mozzetta
2799 3234 2861 3296 in
2896 3227 3270 3296 administra-

613 3344 790 3411 tione
840 3351 1415 3414 Sacramentorum.
1469 3349 1641 3411 Bene
1690 3362 1847 3410 vero
1895 3338 2484 3426 inpraedicatione
2532 3334 2713 3402 verbi
2763 3332 2905 3410 Dei,
2941 3325 3269 3398 dummodo

614 3464 838 3535 agatur
883 3452 966 3519 de
1013 3455 1271 3538 propria
1322 3453 1584 3520 ecclesia
1634 3452 1734 3517 vel
1783 3450 1943 3526 aliis,
1982 3448 2085 3513 ubi
2132 3466 2280 3514 usus
2327 3443 2506 3510 adest
2554 3459 2818 3527 cappam
2867 3439 2976 3505 vel
3015 3443 3271 3503 mozzet·

616 3563 745 3620 tam
794 3554 1156 3622 deferendi.
1208 3559 1275 3620 ln
1324 3555 1868 3621 administratione
1919 3555 2469 3619 sacramentorum
2501 3543 2821 3611 canonicis
2861 3551 3157 3626 tempore
3186 3553 3275 3600 ae·

613 3659 782 3723 stivo
829 3659 979 3724 licet
1022 3658 1568 3743 superpelliceum
1617 3658 1906 3723 rochetto
1958 3654 2318 3738 imponere,
2371 3648 2639 3715 minime
2672 3665 2829 3712 vero
2864 3646 3001 3710 aliis
3047 3654 3277 3726 tempo·

613 3760 817 3826 ribus.
859 3765 1011 3826 172.
1061 3762 1449 3846 Episcopum
1496 3778 1681 3848 posse
1729 3756 2099 3844 probibere,
2138 3773 2220 3820 ne
2255 3753 2472 3816 Missae
2519 3751 2805 3836 privatae
2852 3745 3274 3850 celebrenturt

616 3860 770 3928 dum
807 3863 939 3948 ipse
977 3865 1214 3927 Missam
1266 3864 1642 3929 solemniter
1687 3860 2001 3931 celebrat,
2027 3894 2071 3906 -
2105 3859 2253 3923 173.
2294 3856 2630 3921 Canonicis
2661 3850 3037 3939 collegiatae
3073 3844 3279 3913 deberi

615 3964 1127 4050 praecedentiam
1177 3986 1363 4053 supra
1396 3967 1548 4031 alios
1584 3968 1646 4031 in
1681 3965 1964 4031 ecclesiis
1997 3961 2488 4049 parochialibus»,
2535 3970 2791 4048 praeter
2822 3959 3282 4026 celebrantem,

614 4081 804 4154 atque
855 4070 1044 4134 etiam
1097 4068 1158 4134 iu
1206 4070 1501 4154 Synodis.
1554 4072 1762 4135 Missas
1800 4070 2122 4133 *solemnes
2166 4067 2230 4132 in
2262 4064 2608 4153 parochiali
2633 4073 2939 4149 spectare
2988 4060 3066 4126 ad
3113 4072 3287 4144 paro-

617 4172 832 4238 chum.
886 4171 1169 4239 Officium
1219 4192 1415 4259 super
1462 4172 1874 4238 cadaveribus
1922 4192 1953 4236 a
2001 4170 2278 4254 parocho
2327 4170 2544 4256 peragi
2598 4167 2870 4244 debere,
2924 4162 3171 4231 etiamsi
3203 4160 3292 4224 in·

617 4273 927 4340 terreniat
994 4276 1384 4361 Capitulum.
1453 4276 1801 4340 Parochum
1858 4272 2387 4358 protonotarium
2428 4272 2693 4337 almutia
2747 4270 2838 4334 uti
2894 4289 3026 4336 non
3085 4258 3286 4354 posse·

613 4378 1022 4444 Erectionem
1073 4380 1441 4465 collegiatae
1487 4377 1725 4463 absque
1776 4376 2181 4463 beneplacito
2229 4374 2596 4460 Apostolico
2648 4375 2893 4438 nullam
2946 4388 3103 4438 esse.
3154 4362 3294 4432 Col-

618 4478 909 4563 legiatam
960 4482 1389 4566 antiquiorem
1437 4481 1826 4564 praecedere
1875 4476 2245 4544 recentiori.
2276 4513 2320 4526 -
2357 4479 2504 4541 174.
2559 4477 2960 4543 canonicum
2996 4474 3058 4538 in
3090 4466 3297 4535 eccle·

617 4580 882 4646 siasticis
930 4583 1364 4650 functionibus
1420 4581 1511 4648 uti
1562 4601 1692 4648 non
1747 4601 1935 4668 posse
2000 4581 2210 4647 bireto
2274 4577 2608 4644 doctorali.
2674 4575 2800 4646 Sed
2863 4596 2993 4644 non
3053 4570 3291 4638 idcirco

616 4680 913 4748 amittere
962 4684 1464 4750 distributiones.
1514 4684 1780 4762 Quando
1828 4684 2109 4751 celebrat
2139 4681 2517 4770 Episcopus,
2554 4682 2918 4770 presbyteri
2951 4668 3293 4744 assistentis
