3497 5235
564 324 690 401 οι».
714 325 786 384 11.
826 326 898 385 n·
936 293 1198 402 lpiioopo,
1239 328 1649 404 Arnim-0090,
1689 327 1919 386 Primto
1960 329 2018 386 et
2055 327 2381 386 Patrium.
2423 328 2477 403 g.
2505 326 2557 383 ε.
2781 323 2892 386 151

226 458 326 521 28.
379 456 781 523 Describitur
826 459 938 524 alia
984 458 1364 537 methodus,
1427 480 1616 547 quam
1665 460 1960 546 sequitur
2006 464 2073 528 S.
2112 463 2181 526 C.
2223 462 2355 527 Vis.
2411 459 2471 524 in
2521 458 2676 523 alma
2725 457 2900 523 Urbe

218 554 526 624 stabiliter
572 560 944 626 constituta.
980 597 1023 611 -
1071 563 1178 626 29.
1232 563 1450 628 Omnia
1501 562 1874 628 dioeceseos
1923 564 2053 628 loca
2102 581 2548 649 personaeque
2597 560 2901 647 Episcopi

219 659 563 726 visitationi
613 662 971 741 subiacent,
1023 662 1376 730 dummodo
1425 666 1837 750 exemptione
1886 686 2014 733 non
2063 665 2403 750 gaudeant.
2460 669 2619 730 Loca
2656 676 2721 731 et
2755 683 2903 751 per-

217 780 400 827 sonae
449 774 800 849 exemptae
847 765 1038 831 certis
1103 765 1165 832 in
1225 766 1466 832 casibus
1528 781 1793 855 possunt
1852 767 2114 834 subesse
2178 767 2517 833 visitationi
2570 765 2895 852 Episcopi,

221 876 536 950 tamquam
589 865 891 952 delegato
938 869 1339 952 Apostolicae
1390 868 1595 937 Sedis.
1648 907 1692 919 -
1739 875 1851 937 30.
1891 873 1997 935 31.
2051 869 2168 947 Qui
2232 888 2388 935 vero
2436 867 2765 953 speciatim
2831 867 2895 933 hi

220 985 386 1031 casus
430 970 589 1045 sint,
640 968 792 1035 alibi
842 968 1076 1036 dicitur
1121 970 1250 1035 suis
1299 971 1547 1037 locis.-
1581 975 1688 1038 32.
1729 976 1819 1037 De
1854 971 2160 1057 Capitulis
2208 971 2524 1057 exemplis
2572 969 2899 1035 visitandis

221 1087 356 1134 cum
403 1068 757 1149 adiunctis,
795 1071 1148 1137 remissive.
1186 1108 1228 1119 -
1262 1075 1369 1139 33.
1409 1074 1573 1151 Quid
1622 1073 1830 1140 facere
1879 1073 2108 1141 debeat
2140 1073 2515 1160 Episcopus,
2553 1082 2896 1157 antequam

221 1169 648 1237 visitationem
701 1173 979 1238 inchoet.
1032 1172 1194 1249 Quid
1243 1174 1632 1260 parochi,‘et
1680 1177 1965 1262 reliquus
2016 1177 2247 1252 clerus,
2301 1187 2633 1261 postquam
2671 1174 2897 1240 moniti

225 1272 516 1340 fuerint?
549 1311 593 1323 -
626 1278 737 1340 34.
773 1277 913 1341 Non
962 1275 1116 1340 licet
1165 1273 1386 1343 fideles
1435 1296 1668 1365 cogere
1714 1278 1793 1344 ad
1841 1277 2102 1343 crimina
2138 1276 2524 1362 detegenda,
2562 1277 2898 1359 multoque

225 1375 428 1441 minus
477 1377 601 1442 sub
643 1396 851 1460 poena
887 1380 1584 1445 excommunicationis.
1625 1417 1665 1429 -
1699 1384 1806 1447 35.
1846 1385 2123 1467 Tempus
2174 1377 2547 1444 visitationis
2597 1376 2898 1442 inchoan·

225 1475 330 1543 dae
379 1478 687 1545 relictum
737 1488 832 1544 est
880 1479 1143 1546 arbitrio
1192 1480 1516 1567 Episcopi.
1555 1519 1598 1530 -
1647 1485 1754 1548 36.
1811 1481 1982 1548 Idem
2033 1481 2378 1549 dicendum
2429 1479 2510 1545 de
2559 1481 2725 1556 loco,
2777 1479 2895 1543 nisi

226 1581 388 1664 quod
436 1601 471 1645 a
522 1580 871 1647 cathedrali
903 1600 1040 1647 eam
1077 1581 1361 1669 incipere
1396 1585 1854 1669 congruentius
1888 1596 2001 1650 est.
2040 1621 2083 1632 -
2117 1587 2224 1649 37.
2267 1585 2442 1648 Circa
2492 1581 2901 1647 coercitionis

225 1683 502 1749 remedia
552 1693 775 1749 contra
821 1702 1148 1770 personas,
1200 1684 1626 1751 visitationem
1662 1684 1879 1750 subire
1916 1696 2281 1763 renuentes,
2321 1683 2639 1771 quidquid
2675 1683 2898 1749 utrim-

228 1801 340 1869 que
388 1785 674 1862 dicatur,
725 1786 1108 1874 prudentiae
1157 1787 1451 1874 Episcopi
1505 1787 2001 1874 relinquendum
2052 1788 2342 1854 videtur.
2376 1824 2418 1835 -
2460 1791 2565 1853 38.
2620 1785 2900 1871 Expedit

228 1888 519 1964 maxime,
553 1898 626 1953 ut
651 1889 1082 1974 episcopalem
1110 1887 1531 1956 visitationem
1560 1909 1772 1955 sacrae
1798 1890 2126 1955 missiones
2152 1889 2897 1975 praecedant.-39.Sive

232 2009 335 2077 per
377 2009 453 2056 se
503 1992 901 2078 Episcopus,
958 1990 1092 2056 sive
1139 2009 1260 2077 per
1304 1993 1457 2056 alios
1505 1992 1778 2057 verbum
1825 1993 1935 2057 Dei
2003 1992 2066 2057 in
2129 1990 2490 2057 visitatione
2540 1989 2893 2075 praedicet.

233 2093 650 2159 Nominantur
697 2092 1026 2169 doctores,
1078 2095 1186 2179 qui
1239 2105 1775 2171 commonstrant,
1829 2091 1986 2179 quid
2036 2095 2388 2179 Episcopus
2436 2091 2517 2157 de
2566 2101 2783 2157 cetero
2834 2091 2899 2157 in

234 2197 588 2262 visitatione
639 2195 846 2262 facere
880 2196 1132 2263 debeat.
1161 2232 1203 2244 -
1237 2200 1342 2262 40.
1383 2201 1653 2262 Decreta
1686 2214 1898 2262 sacrae
1945 2196 2319 2261 visitationis
2355 2194 2750 2280 promulgari
2786 2196 2899 2259 de-

237 2298 412 2377 bent3
457 2298 692 2364 modus
724 2315 880 2363 vero
911 2298 1441 2386 promulgationis
1477 2299 1770 2384 Episcopi
1806 2298 2070 2364 arbitrio
2105 2299 2688 2381 relinquitur.-4l.
2722 2296 2901 2362 Circa

235 2401 683 2486 appellationes
730 2421 762 2464 a
810 2399 1084 2465 decretis
1129 2422 1183 2465 s.
1220 2401 1595 2466 visitationis
1639 2399 1935 2466 standum
1986 2413 2082 2465 est
2130 2401 2396 2466 Constit.
2453 2398 2691 2465 Bened.
2733 2401 2893 2465 XIV.

237 2501 524 2568 Eiusdem
577 2501 1026 2587 dispositiones
1077 2504 1458 2568 innuuntur.
1511 2539 1552 2550 -
1605 2507 1712 2569 42.
1761 2502 1924 2579 Quid
1990 2502 2193 2566 lacere
2257 2500 2488 2566 debeat
2554 2502 2902 2588 Episcopus

235 2614 366 2689 post
411 2604 734 2691 expletam
783 2625 835 2670 s.
891 2604 1344 2680 visitationem,
1398 2620 1466 2671 ut
1517 2604 1773 2671 decreta
1823 2603 2212 2671 exsecutioni
2252 2603 2673 2681 mandentur,
2711 2602 2903 2671 docet

241 2707 611 2773 Benedictus
660 2709 825 2773 xlv.
865 2706 1136 2773 Constit.
1182 2707 1292 2772 Ubi
1328 2710 1636 2791 primum.
2822 2730 2825 2733 ·

380 2907 492 2978 14.
531 2904 639 2980 Ne
674 2907 1007 2980 dominici
1046 2909 1195 3001 agri
1233 2908 1652 2981 custodibus
1688 2927 2018 2981 somnum
2053 2908 2436 3000 agentibus
2489 2907 2730 2979 veniat
2766 2906 2903 2977 ini-

245 3020 453 3094 micus
483 3021 725 3111 bomo,
766 3029 838 3095 et
872 3025 1393 3113 superseminet
1446 3022 1822 3111 zizaniam,
1865 3041 2008 3113 qua
2055 3022 2224 3094 boni
2280 3020 2616 3092 frumenti
2652 3037 2900 3092 semen

245 3147 646 3224 oppressum
700 3142 770 3206 et
825 3132 1337 3206 labefactatum
1383 3152 1585 3225 spem
1640 3153 1721 3208 ac
1773 3142 1936 3207 vota
1989 3131 2351 3208 Ecclesiae
2386 3131 2726 3223 decipiat,
2784 3150 2902 3203 sa-

246 3242 670 3330 pientissima
725 3245 878 3337 lege
914 3253 1206 3318 cautum
1242 3253 1350 3318 est
1386 3264 1513 3336 per
1547 3264 1790 3318 sacros
1823 3264 2163 3335 canoneS,
2206 3251 2276 3317 et
2314 3242 2737 3335 praesertim
2774 3259 2903 3333 per

244 3348 592 3443 Synodum
644 3353 1162 3446 Tridentinam,
1205 3364 1286 3430 ut
1320 3377 1686 3430 sacrorum
1725 3356 2093 3431 Antistites
2134 3357 2456 3449 singulas
2493 3354 2903 3428 dioeceseos

245 3463 374 3536 sibi
417 3468 867 3541 concreditae
920 3475 1162 3558 partes
1231 3469 1625 3542 identidem
1693 3469 1842 3541 suis
1909 3470 2082 3561 ipsis
2144 3468 2368 3541 oculis
2432 3467 2897 3558 perlustrent,

249 3586 652 3669 matureque
705 3580 1048 3650 malorum
1103 3580 1328 3652 initiis
1380 3580 1638 3653 idonea
1691 3588 1764 3652 et
1815 3579 2132 3653 efficacia
2185 3577 2505 3651 remedia
2556 3575 2901 3666 suppedi-

249 3692 413 3759 tent.
471 3711 508 3756 ‹
543 3687 765 3761 Multa
818 3689 1110 3780 quidem
1162 3684 1294 3784 (ita
1344 3689 1616 3763 Bened.
1658 3687 1850 3763 XIV.
1890 3688 2190 3763 Constit.
2237 3690 2365 3763 Ubi
2406 3688 2721 3780 primum
2758 3685 2900 3757 diei

253 3819 290 3863 ›
328 3799 390 3869 3.
428 3797 590 3873 Dec.
639 3801 853 3873 1740.
893 3799 969 3895 ἓ.
1001 3798 1113 3897 8.)
1167 3802 1527 3893 ignorabit
1575 3799 1997 3894 Episcopus,
2042 3803 2266 3874 multa
2319 3819 2484 3872 eum
2535 3797 2894 3886 latebunt,

252 3929 289 3975 »
323 3911 423 3983 vel
470 3914 725 3985 saltem
795 3914 1069 4003 seriuS,
1128 3932 1344 4004 quam
1398 3921 1798 4005 oporteret,
1856 3913 2258 4005 intelliget,
2319 3912 2456 3984 nisi
2509 3908 2602 3981 ad
2653 3925 2901 3981 omnes

251 4041 288 4084 >
323 4037 481 4094 suae
531 4023 939 4095 dioeceseos
989 4030 1231 4117 partes
1282 4044 1358 4097 se
1411 4025 1758 4114 conferat,
1815 4031 1887 4098 et
1941 4027 2076 4096 nisi
2115 4042 2239 4115 per
2275 4024 2588 4114 seipsum
2628 4019 2897 4109 ubique

249 4153 285 4197 ›
325 4131 577 4224 videat,
635 4134 907 4225 ubique
961 4135 1237 4225 audiat,
1296 4135 1563 4226 ubique
1601 4139 1953 4229 exploret,
1996 4136 2260 4227 quibus
2301 4133 2508 4205 malis
2543 4131 2903 4203 medicina

249 4265 286 4308 ›
328 4240 637 4318 facienda
689 4246 809 4334 sit,
868 4252 940 4318 et
991 4265 1351 4336 quaenam
1404 4247 1670 4320 fuerint
1724 4266 1970 4319 eorum
2021 4263 2307 4333 causae,
2350 4262 2584 4334 quave
2620 4242 2901 4314 ratione

250 4374 289 4420 ›
326 4358 578 4428 occurri
632 4358 852 4429 etiam
902 4356 1360 4447 providenter
1413 4365 1659 4448 queat,
1717 4376 1809 4431 ne
1864 4357 2150 4430 sublata
2197 4356 2651 4428 reviviscant.
2692 4350 2907 4425 Prae-

250 4485 290 4529 »
331 4469 506 4538 terea
556 4486 720 4540 cum
771 4485 855 4540 ea
907 4467 998 4539 sit
1050 4468 1411 4541 humanae
1464 4468 1979 4541 imbecillitatis
2030 4467 2371 4556 conditio,
2439 4472 2521 4538 ut
2590 4467 2663 4538 in
2734 4483 2904 4557 agro

253 4595 293 4639 ›
330 4573 691 4664 dominico,
746 4579 952 4651 cuius
1001 4579 1281 4651 cultura
1334 4581 1708 4653 commissa
1761 4576 2114 4673 Episcopo
2148 4586 2282 4668 est,
2333 4579 2599 4652 sensim
2649 4595 2904 4670 vepres

255 4704 296 4750 ›
332 4690 406 4756 et
446 4690 709 4780 spinae,
765 4695 840 4763 et
888 4691 1147 4762 noxiae
1200 4692 1636 4782 inutilesque
1688 4692 1960 4765 herbae
2013 4698 2495 4781 succrescant,
2539 4696 2726 4763 certe
2762 4686 2901 4759 nisi
