3497 5235
671 271 789 335 342
1426 278 1795 344 Instructionis
1835 281 1888 338 S.
1919 281 2101 356 Gongr.
2133 282 2280 346 cone.
2320 284 2590 359 expositio.

631 439 644 484 s
673 436 712 479 ν
754 418 822 483 et
857 405 1146 484 Missam
1181 429 1306 501 pro
1342 414 1605 502 populo
1643 415 1717 487 in
1757 413 1984 487 casu?
2022 420 2095 488 2.
2143 418 2245 490 An
2284 425 2352 490 et
2391 420 2744 509 quomodo
2777 421 2868 491 sit
2906 417 3292 491 celebranda

673 546 710 588 ν
752 528 821 592 et
888 522 1318 612 applicanda
1387 522 1598 597 Missa
1670 531 2164 602 conventualis
2217 552 2256 601 a
2312 530 2789 622 Campimellis
2853 528 3176 620 Capitulo
3236 531 3292 601 in

629 657 708 710 ,ν
751 629 965 705 casu?
1020 636 1091 705 3.
1151 635 1260 705 An
1311 643 1383 708 et
1435 639 1790 726 quomodo
1857 642 1948 712 sit
2015 642 2446 716 celebranda
2516 650 2587 715 et
2641 639 3072 733 applicandi
3125 638 3295 714 Missa

623 801 624 806 l
669 769 708 812 ν
747 764 873 836 pro
944 748 1204 837 populo
1277 750 1350 819 in
1403 744 1611 821 casu?
1647 775 1684 818 ›
1741 753 1813 822 S.
1858 751 1932 823 C.
1989 755 2402 846 respondit:
2462 752 2521 833 j'«
2563 753 2671 826 Ad
2729 755 2795 823 1.
2852 750 3187 844 Negative
3235 754 3293 823 in

668 881 707 928 ›
748 859 1105 929 omnibus.
1166 857 1271 930 Ad
1322 862 1394 932 2.
1437 861 1905 950 Affirmative,
1963 873 2033 937 et
2086 884 2241 937 esse
2294 864 2798 938 celebrandam
2853 871 2923 936 et
2966 865 3297 955 applican-

619 1025 624 1030 .
667 994 705 1038 ›
746 972 912 1043 dam
948 990 1075 1061 pro
1113 972 1690 1047 benefactoribus
1719 977 1793 1047 in
1835 994 2118 1067 genere,
2149 978 2464 1050 cohibita
2502 984 2783 1049 tantum
2818 996 2946 1068 pro
2982 977 3293 1048 decennio

666 1105 704 1149 ι
743 1084 1224 1174 applicatione
1278 1085 1368 1156 ad
1422 1087 1577 1158 dies
1629 1087 1847 1160 festos
1900 1091 2117 1160 etiam
2170 1089 2524 1161 redactos,
2588 1088 2691 1160 Ad
2744 1090 2815 1160 3.
2864 1088 3291 1174 Affirmative,

633 1218 701 1270 .›
742 1216 784 1265 a
836 1196 1146 1286 parocho
1216 1198 1550 1270 omnibus
1617 1200 1817 1273 festis
1870 1203 2084 1274 etiam
2138 1202 2456 1274 reductis
2508 1200 2602 1272 ad
2655 1219 2975 1272 normam
3028 1198 3290 1291 Encycl.

617 1361 622 1364 ⁴
661 1332 698 1375 ›
737 1305 1008 1383 Bened.
1049 1306 1239 1381 XIV.
1287 1312 1424 1383 inc.
1488 1312 1659 1385 Cum
1710 1332 1978 1403 semper
2029 1314 2325 1385 oblatas.
2359 1339 2397 1380 »

809 1421 971 1490 141.
1029 1417 1329 1502 Quando
1381 1420 1781 1515 Episcopus
1817 1421 2106 1496 Missam
2148 1423 2641 1498 Pontificalem
2676 1427 2750 1498 in
2788 1425 3181 1498 cathedrali
3210 1443 3299 1498 ce-

653 1529 916 1620 lebrat,
975 1530 1189 1605 Missa
1244 1537 1738 1607 conventualis
1792 1555 1935 1607 non
1991 1537 2202 1622 debet
2256 1559 2297 1609 a
2352 1537 2678 1627 Capitulo
2724 1539 2984 1625 omitti,
3023 1539 3152 1610 sed
3185 1540 3293 1629 pri-

652 1642 872 1713 vatim
911 1645 1232 1717 eamdem
1272 1646 1528 1718 lectam
1584 1648 1941 1720 celebrare
1970 1650 2131 1722 licet
2172 1668 2295 1739 per
2324 1670 2515 1738 eum,
2549 1652 2661 1723 cui
2698 1650 3112 1722 huiusmodi
3148 1668 3293 1722 onus

651 1751 985 1845 obtingit.
1027 1753 1208 1826 Nam
1246 1756 1317 1827 S.
1353 1755 1426 1828 C.
1460 1755 1611 1831 Rit.
1647 1760 1959 1850 idipsum
1997 1761 2415 1849 declaravit,
2450 1769 2529 1834 ut
2563 1769 2851 1860 constat
2883 1781 2972 1834 ex
3007 1763 3291 1834 eiusdem

650 1863 938 1937 decreto
990 1866 1131 1939 diei
1190 1870 1305 1940 12.
1365 1867 1541 1941 Nov.
1607 1872 1822 1943 1831.
1882 1874 2077 1963 apud
2129 1871 2522 1946 Gardellin.
2583 1894 2657 1946 n.
2710 1875 2930 1946 4669.
2991 1874 3085 1945 ad
3148 1875 3289 1960 20.;

621 1975 752 2057 2ibi
805 1979 992 2049 enim
1046 1979 1348 2071 legitur:
1411 2006 1448 2047 (ι
1479 1980 1710 2064 Quum
1764 1981 2160 2077 Episcopus
2197 1985 2454 2057 diebus
2491 1985 2765 2057 festivis
2801 1984 3163 2076 applicare
3194 1985 3293 2057 de-

653 2113 691 2157 »
731 2089 902 2162 beat
944 2109 1072 2182 pro
1124 2093 1378 2164 ovibus
1415 2096 1590 2182 suis,
1633 2099 2032 2184 quaeritur,
2075 2115 2195 2185 an,
2235 2094 2588 2188 Episcopo
2624 2097 2817 2168 hisce
2856 2096 3111 2168 diebus
3144 2114 3291 2188 pon-

653 2225 690 2265 »
731 2202 1092 2276 tificaliter
1144 2204 1597 2294 celebrante,
1673 2209 1994 2281 canonici
2051 2209 2366 2281 debeant
2419 2207 2707 2280 Missam
2777 2209 3289 2281 conventualem

633 2335 691 2379 -›
733 2330 861 2403 pro
912 2315 1493 2389 benefactoribus
1547 2327 1870 2406 cantare,
1909 2327 1981 2391 et
2033 2314 2364 2409 quando?
2397 2346 2433 2389 ›
2494 2318 2565 2392 S.
2609 2318 2865 2412 Congr.
2910 2320 3282 2410 respondit:

651 2444 689 2486 ι
728 2420 1378 2516 HebdomadariuS‚
1413 2430 1522 2500 vel
1561 2431 1647 2518 is,
1682 2433 1794 2502 cui
1833 2449 2016 2502 onus
2050 2432 2235 2504 inest
2264 2428 2519 2503 Missae
2559 2432 3079 2518 conventualis,
3121 2432 3285 2502 illam

650 2557 687 2602 >
730 2537 1041 2611 celebret
1093 2541 1348 2613 lectam
1403 2543 1512 2613 vel
1567 2551 1734 2615 ante
1788 2543 1898 2615 vel
1951 2551 2113 2636 post
2163 2542 2449 2616 Missam
2505 2545 3020 2637 pontificalem.
3056 2571 3089 2612 ι

789 2771 911 2846 IV.
974 2776 1152 2936 ‹2An
1205 2798 1373 2850 suas
1424 2779 1742 2851 habeant
1797 2781 2341 2854 constitutiones
2394 2789 2465 2854 et
2509 2801 2631 2855 eas
2667 2783 3147 2873 punctualiter
3176 2779 3284 2852 ob-

644 2909 682 2956 »
721 2894 1043 2960 servent.
1083 2914 1118 2959 >

771 3132 1192 3195 Snuusmuu.
1252 3133 1404 3195 142.
1460 3129 1820 3196 Concilium
1868 3134 2221 3197 Romanum
2271 3129 2416 3198 anni
2470 3134 2664 3196 1725.
2716 3129 3022 3207 sancivit,
3071 3138 3134 3195 ut
3176 3129 3279 3193 Ca-

621 3227 832 3315 ·pitula
882 3232 1088 3297 omnia
1139 3231 1649 3311 constitutioneS‚
1702 3233 1754 3298 si
1802 3233 2135 3310 haberent,
2187 3231 2682 3319 depromerent3
2717 3233 2934 3299 sinon
2976 3233 3279 3304 haberent,

633 3329 796 3397 intra
845 3352 1199 3419 congruum
1239 3345 1493 3421 tempus
1529 3334 1784 3401 easdem
1818 3335 2243 3402 conficerent.
2278 3373 2321 3385 -
2358 3338 2505 3401 143.
2546 3335 2787 3402 Ibidem
2826 3335 3083 3402 tradidit
3112 3334 3279 3399 etiam

629 3433 1036 3512 methodum,
1090 3456 1253 3521 quae
1304 3437 1367 3502 in
1417 3439 1644 3504 iisdem
1681 3436 2098 3505 conficiendis
2129 3437 2369 3505 servari
2404 3437 2620 3503 debet.
2659 3474 2703 3486 -
2737 3441 2887 3504 144.
2935 3433 3279 3503 Huiusmodi

627 3539 989 3605 sanctiones
1034 3561 1086 3605 s.
1124 3559 1214 3605 m.
1267 3542 1514 3608 Bened.
1566 3544 1723 3608 Xlll.
1779 3542 1854 3608 ad
1906 3542 2115 3608 omnia
2178 3540 2372 3608 totius
2432 3541 2721 3606 catholici
2784 3539 2955 3605 orbis
3016 3536 3277 3624 Capitula

630 3652 917 3707 extensas
964 3643 1196 3708 voluit.
1236 3647 1462 3709 -145,
1518 3643 1585 3710 Id
1636 3644 1827 3711 etiam
1886 3643 2151 3732 nuperis
2214 3643 2389 3709 hisce
2451 3640 2851 3728 temporibus
2909 3638 3278 3708 confirmavit

628 3746 691 3810 S.
734 3747 807 3811 C.
863 3748 1060 3811 Cone.
1113 3746 1242 3812 suis
1290 3746 1829 3813 declarationibus
1875 3748 2038 3813 circa
2074 3748 2361 3834 Capitula
2396 3750 2713 3812 Romanae
2748 3745 3009 3826 Synodo
3041 3742 3273 3809 minime

624 3847 938 3913 subiecta.
971 3884 1016 3897 -
1053 3852 1199 3914 146.
1255 3848 1535 3935 Idipsum
1585 3852 1653 3917 S.
1685 3853 1755 3916 C.
1797 3853 1990 3916 Conc.
2048 3849 2321 3915 inculcat
2369 3849 2435 3913 in
2482 3847 2612 3913 suis
2648 3846 3166 3933 responsionibus
3193 3842 3273 3907 in·

625 3948 1112 4016 discriminatim
1157 3949 1237 4017 ad
1289 3966 1508 4017 omnes
1560 3953 1753 4018 totius
1801 3952 2095 4017 catholici
2159 3950 2330 4016 orbis
2392 3950 2746 4016 AntistiteS.
2818 3948 3108 4034 Capitula
3162 3947 3270 4033 ipsa

626 4053 1156 4119 constitutionum
1207 4071 1367 4138 opus
1414 4056 1735 4122 condendi
1788 4055 1885 4121 ius
1931 4056 2205 4133 hahent,
2259 4066 2579 4120 reservata
2639 4055 2959 4142 Episcopo
3009 4054 3270 4120 facultate

622 4154 876 4221 easdem
926 4155 1338 4243 expendendi
1406 4169 1471 4223 et
1529 4158 1954 4244 approbandi.
2008 4162 2087 4225 At
2132 4159 2182 4224 si
2234 4160 2521 4244 Capitula
2586 4158 2952 4245 negligant,
3016 4171 3271 4246 congruo

618 4266 917 4342 tempore
965 4259 1287 4326 inutiliter
1333 4261 1583 4347 elapsu,
1637 4267 1699 4331 S.
1742 4264 1814 4328 C.
1870 4261 2200 4347 Episcopis
2247 4260 2596 4349 significat,
2652 4274 2720 4328 ut
2764 4282 2882 4328 suo
2929 4273 3126 4328 marte
3171 4254 3264 4347 ipsi

622 4358 1046 4428 conficiendas
1074 4375 1326 4441 curent,
1367 4350 1752 4451 easdemque
1777 4364 2118 4430 servandas
2153 4364 2444 4452 Capitulo
2476 4365 2835 4451 iniungant.
2868 4402 2912 4414 -
2941 4369 3087 4431 147.
3117 4369 3171 4431 S.
3200 4360 3258 4424 C.

619 4463 815 4526 Conc.
868 4483 997 4530 non
1061 4467 1228 4532 solet
1290 4466 1656 4552 capitularia
1718 4477 1949 4532 statuta
2015 4468 2440 4534 examinanda
2504 4486 2867 4548 assumere;
2932 4469 3077 4535 licet
3132 4478 3263 4529 vero

619 4563 913 4631 eamdem
979 4570 1316 4635 consulere
1371 4587 1570 4654 super
1628 4569 2059 4655 peculiaribus
2120 4571 2599 4661 quaestionibus
2654 4582 2883 4638 statuta
2933 4574 3056 4655 ipsa
3098 4566 3259 4633 attin-

611 4666 936 4755 gentibus.
976 4706 1018 4718 -
1055 4674 1202 4736 148.
1257 4675 1520 4738 Perraro
1568 4672 1690 4739 hoc
1719 4672 1840 4739 sibi
1879 4693 2040 4741 onus
2086 4674 2442 4760 assumpsit.
2497 4674 2860 4760 Aliquando
2906 4673 3122 4740 eadem
3154 4678 3258 4735 sta-
