3497 5235
512 315 630 377 478
1264 315 1631 383 Instructionin
1671 313 1724 372 8.
1755 312 1939 386 Oeagr-
1966 312 2111 372 Oono.
2152 315 2422 389 expetitio.

518 472 556 522 ›
595 450 823 521 tulum
877 450 1316 544 capellaniae
1368 448 1793 536 amovibilis,
1852 448 2236 522 dummodo
2284 450 2377 521 sit
2428 449 2702 522 reditus
2751 450 3178 523 sufficientis

480 585 556 649 q»
594 579 722 651 pro
776 562 990 650 victu,
1031 564 1412 635 accedente
1464 560 1899 650 obligatione
1949 547 2187 632 valida
2258 562 2626 639 nominare
2696 561 3028 634 debentis
3083 563 3178 636 de

520 698 559 741 ›
598 692 739 744 non
794 674 1222 748 removendo
1274 674 1706 762 ordinanda,
1766 674 2072 746 durante
2123 673 2314 745 illius
2365 675 2555 763 vita,
2612 681 2822 765 prout
2874 677 3179 749 indulsit

519 808 558 851 ιν
600 784 675 855 in
725 804 868 857 una
922 786 1267 860 Mutinen.
1314 785 1428 855 11.
1472 783 1807 858 Decemb.
1853 785 2065 858 1090.
2126 792 2198 858 et
2249 787 2323 857 in
2375 786 2750 878 Euqubina
2807 787 2922 859 17.
2979 786 3186 879 Apri-

519 924 557 974 ›
599 900 685 972 lis
726 901 969 988 1706„
1010 908 1080 973 et
1138 905 1211 975 S.
1257 899 1467 992 Conq.
1524 899 1764 989 Episc.
1821 905 1887 971 et
1937 898 2179 990 Requl.
2242 897 2427 970 sacto
2477 898 2694 971 verbo
2746 916 2910 969 cum
2961 895 3186 971 SStho

521 1036 560 1081 ›
600 1013 673 1082 in
728 1013 800 1084 S.
841 1012 1151 1104 Aqathae
1190 1011 1470 1084 Gothor.
1519 1012 1633 1081 17.
1675 1006 1926 1082 Octob.
1973 1011 2188 1082 1617.
2228 1007 2453 1082 Hodie
2489 1016 2732 1082 tamen
2766 1009 3184 1084 huiusmodi

520 1148 559 1194 ›
598 1123 1166 1215 dispensationes
1218 1122 1661 1212 frequentius
1711 1120 2192 1211 expediuntur
2243 1139 2366 1212 per
2414 1119 2779 1194 Datariam
2835 1122 3190 1215 Apostoli*

520 1259 559 1305 ν
598 1253 780 1323 cam,
823 1253 1004 1323 quas
1054 1234 1392 1308 officiales
1444 1240 1701 1307 vocant
1752 1234 2219 1323 expeditiones
2270 1234 2368 1306 ad
2418 1234 2667 1307 vitam.
2709 1258 2750 1302 ›

661 1347 830 1417 399.
873 1342 1072 1420 Inter
1121 1346 1557 1438 capellanias
1626 1346 1917 1418 laicales
1970 1345 2234 1417 adsunt
2300 1346 2731 1436 pleraeque,
2792 1365 2979 1437 quae
3033 1365 3190 1419 non

516 1465 684 1531 sunt
738 1458 1152 1530 amoribiles
1205 1458 1295 1531 ad
1347 1465 1630 1545 nutum,
1670 1458 1797 1528 sed
1853 1458 1923 1528 in
1979 1458 2943 1548 perpetuumvconferuntur,
2987 1458 3190 1530 vide-.-

514 1567 679 1640 licet
714 1570 941 1641 donec
992 1571 1178 1642 vitae
1216 1589 1429 1641 usura
1482 1570 1897 1659 capellanus
1934 1568 2364 1659 perfruatur,
2407 1587 2541 1642 nec
2589 1580 2966 1663 propterea
3023 1574 3183 1644 sine

515 1681 702 1753 iusta
755 1701 969 1753 causa
1022 1681 1250 1753 eidem
1289 1681 1656 1771 capellano
1708 1688 2008 1773 possunt
2042 1682 2331 1753 auferri.
2371 1677 2752 1763 Quaeritur
2802 1683 3052 1772 itaque
3087 1702 3192 1755 an

512 1795 800 1865 titulum
853 1794 1322 1868 ordinationis
1375 1793 1715 1884 praebere
1782 1799 2077 1881 queant.
2151 1790 2381 1883 Negat
2448 1789 2886 1865 Monacellus
2935 1796 3174 1865 Form.

514 1905 677 1995 Leq.
718 1908 896 1996 App.
936 1906 1033 1977 ad
1076 1926 1150 1998 p.
1193 1906 1265 1980 3.
1311 1909 1525 1980 Instr.
1568 1906 1641 1979 8.
1685 1924 1760 1977 n.
1808 1904 1923 1978 Η.
1967 1912 2209 1978 contra
2250 1903 2645 1993 lllorinum3
2701 1912 2774 1977 et
2818 1908 3003 1979 ratio
3039 1913 3177 1994 est,

515 2018 684 2107 quia
737 2037 897 2089 cum
949 2018 1357 2091 huiusmodi
1410 2018 1854 2109 capellaniae
1923 2036 2066 2090 non
2117 2019 2263 2090 sint
2312 2037 2476 2089 vera
2546 2017 2943 2106 beneficia,
3005 2018 3179 2091 hinc

511 2147 655 2200 non
706 2137 1004 2222 possunt
1057 2131 1394 2203 inservire
1430 2131 1521 2200 ad
1573 2128 1732 2217 hoc,
1777 2135 1856 2200 ut
1890 2130 2053 2219 quis
2101 2129 2312 2201 titulo
2360 2129 2687 2201 beneficii
2725 2148 2889 2201 cum
2925 2131 3183 2202 iisdem

514 2241 930 2333 capellaniis
979 2242 1371 2315 ordinetur.
1415 2240 1503 2312 At
1557 2259 1717 2313 vero
1769 2242 1934 2313 licet
1985 2241 2312 2313 beneficii
2348 2241 2634 2313 titulum
2687 2258 2814 2313 eae
2865 2242 3185 2332 capella,-

512 2352 674 2423 niae
712 2355 1142 2426 constituere
1170 2357 1562 2443 nequeant,
1595 2353 2056 2425 nihilominus
2086 2359 2419 2443 poterunt
2455 2353 2710 2425 saltem
2739 2354 3180 2426 constituere

513 2463 800 2534 titulum
851 2465 1261 2554 patrimonii
1317 2465 1415 2536 ita
1468 2472 1575 2552 ut,
1629 2466 1754 2554 qui
1804 2482 1965 2536 cum
2019 2465 2104 2535 iis
2154 2465 2522 2537 ordinetur
2593 2484 2736 2536 non
2788 2465 3003 2537 titulo
3054 2465 3181 2538 be·

511 2574 775 2664 neficii,
815 2576 942 2648 sed
993 2575 1201 2648 titulo
1240 2577 1640 2665 patrimonii
1689 2577 2063 2649 ordinatus
2113 2575 2253 2647 dici
2291 2575 2579 2649 debeat.
2617 2572 2841 2658 Quam
2883 2578 3172 2667 quidem

513 2688 1033 2760 conclusionem
1065 2689 1337 2778 recipit,
1370 2695 1442 2762 et
1469 2689 1928 2779 amplectitur
1964 2691 2113 2779 ipse
2140 2686 2723 2761 Monacellusloc.
2747 2691 2872 2762 cit.
2900 2710 2977 2761 n.
3016 2691 3170 2772 16„

512 2798 611 2870 ait
649 2801 879 2870 enim:
942 2822 978 2866 ε
1020 2797 1173 2871 Una
1212 2801 1683 2887 concluditur,
1725 2818 1871 2888 eos,
1928 2800 2050 2890 qui
2105 2800 2285 2872 tales
2338 2800 2775 2891 capellanias
2827 2802 3186 2873 vitalitias*

516 2936 553 2979 x·
592 2910 948 3002 obtinent,
988 2914 1296 2985 ordinari
1341 2931 1486 2984 non
1544 2920 1906 3001 tamquam
1945 2912 2037 2983 ad
2073 2914 2358 2985 titulum
2410 2912 2767 3001 beneficii,
2809 2915 2934 2985 sed
2989 2921 3168 2986 tam-

516 3048 552 3089 »
595 3040 811 3111 quam
863 3024 956 3095 ad
1007 3026 1291 3097 titulum
1344 3026 1782 3116 patrimonii,
1823 3031 1903 3095 ut
1938 3024 2109 3097 dicit
2148 3020 2537 3114 Ventriglia
2574 3025 2645 3096 in
2699 3024 2936 3095 Praxi
2976 3025 3066 3096 P.
3105 3025 3170 3095 I.

513 3159 552 3202 ›
592 3136 833 3208 adnot.
872 3137 994 3209 212.
1033 3136 1107 3232 ξ.
1155 3136 1221 3208 1.
1264 3156 1338 3207 n.
1377 3135 1451 3205 A.
1495 3160 1532 3204 »

658 3247 825 3319 400.
866 3245 1279 3319 confirmari
1332 3247 1509 3318 haec
1581 3247 1939 3320 sententia
1993 3253 2227 3337 potest
2286 3247 2611 3336 exemplo
2661 3246 3166 3319 fundationum

510 3358 818 3446 illarum,
860 3377 1044 3449 quae
1096 3359 1551 3450 appellantur
1596 3360 2039 3449 patrimonia
2091 3377 2345 3442 sacra,
2401 3376 2729 3449 quaeque
2782 3379 2823 3428 a
2879 3366 3169 3432 testato-

506 3470 705 3541 ribus
756 3473 1125 3545 institutae
1170 3479 1366 3559 sunt,
1408 3477 1487 3543 ut
1542 3478 1732 3544 certo
1771 3473 2050 3544 cuidam
2102 3490 2568 3563 personarum
2604 3473 2835 3544 coetui
2889 3473 3165 3545 adiudi-

508 3589 758 3654 centur
808 3583 900 3656 ad
952 3601 1189 3655 sacros
1241 3579 1543 3655 Ordines
1593 3584 2127 3675 suscipiendoS,
2186 3584 2421 3673 qualis
2488 3591 2640 3656 erat
2693 3603 2823 3671 ea,
2883 3584 2974 3655 de
3027 3603 3160 3674 qua

506 3694 855 3784 agebatur
906 3696 978 3764 in
1033 3697 1517 3766 Rauennaten.
1565 3696 1873 3767 Patrim.
1917 3715 2103 3768 sacr.
2170 3697 2285 3766 19.
2343 3691 2482 3767 Iul.
2544 3697 2757 3767 1783.
2799 3691 2888 3765 In
2941 3714 3027 3767 ea
3074 3695 3192 3793 εἰ·ν

506 3807 799 3895 quidem
848 3807 1052 3894 haec,
1094 3824 1279 3896 quae
1324 3806 1544 3877 sacris
1582 3806 1773 3877 hisce
1826 3807 2270 3895 patrimoniis
2305 3808 2776 3879 communiter
2809 3806 3155 3894 inhaeret,

508 3918 819 3988 conditio
870 3919 1147 3990 adiecta
1200 3922 1377 4005 erat,
1420 3923 1499 3988 ut
1551 3918 1992 4007 capellanuS,
2053 3917 2173 3989 ubi
2226 3917 2531 4011 primum
2585 3919 2792 3991 aliter
2842 3919 3158 4008 provisus

508 4027 713 4117 soret,
757 4031 1195 4123 capellaniae
1248 4032 1396 4102 iure
1450 4028 1854 4110 excideret.
1914 4037 1985 4103 et
2032 4030 2134 4102 sic
2186 4029 2478 4103 alterius
2531 4030 2887 4120 capellani
2943 4029 3174 4102 nomi-¹

506 4142 781 4213 nationi
835 4143 1034 4214 fieret
1072 4143 1264 4214 locus
1300 4143 1496 4216 iuxta
1553 4144 1786 4232 legem
1823 4140 2286 4213 fundationis.
2329 4137 2584 4230 ltaque
2630 4159 2789 4212 cum
2851 4141 3159 4213 Andreas

506 4248 830 4342 Cignani,
881 4256 1004 4345 qui
1058 4255 1148 4326 ad
1201 4255 1378 4327 illud
1428 4272 1706 4326 sacrum
1762 4253 2268 4343 patrimonium
2321 4253 2730 4324 nominatus
2781 4250 3042 4339 fuerat,
3093 4254 3156 4321 et

502 4380 627 4452 per
665 4365 838 4439 illud
875 4365 965 4436 ad
1017 4362 1319 4438 Ordines
1355 4366 1803 4452 ascenderat,
1847 4363 2321 4454 parochialem
2369 4363 2756 4451 quamdam
2792 4364 3154 4437 ecclesiam

505 4472 808 4564 adeptus
860 4475 1136 4565 fuisset,
1178 4478 1248 4548 S.
1292 4475 1364 4549 C.
1409 4475 1618 4549 Conc.
1663 4477 2014 4562 delinivit,
2072 4474 2301 4549 locum
2354 4493 2509 4546 esse
2559 4493 2789 4546 novae
2841 4477 3151 4548 nomina·

497 4583 671 4655 tioni
727 4586 963 4659 favore
1016 4585 1405 4680 Raphaelis
1443 4586 1766 4681 Cignani,
1812 4587 2094 4661 tametsi
2132 4587 2448 4659 Andreas
2498 4593 3009 4677 propugnaret,
3047 4603 3152 4657 ec-

500 4695 787 4768 clesiam
857 4701 1129 4773 noviter
1197 4702 1532 4792 adeptam
1601 4700 2083 4794 parochialem
2150 4708 2438 4776 centum
2487 4704 2949 4793 scutatorum„
2990 4713 3170 4772 con-.-
