3497 5235
1016 275 1139 350 ⁰⁸9·
1161 276 1258 334 m.
1302 275 1372 332 Dc
1412 272 1547 332 clero
1586 273 1859 333 tumui.
1900 277 1955 349 g.
1980 274 2026 331 1.
2741 272 2859 335 323

226 442 256 483 s
289 433 394 486 nes
459 418 871 502 temporum.
907 434 946 477 ›
1003 406 1216 503 (Lib.
1253 407 1377 481 27.
1418 409 1674 481 decret.
1723 427 1897 500 paq.
1940 409 2113 481 400.
2177 415 2245 481 et
2296 401 2481 501 seq.)
2541 404 2860 497 Cumque

223 523 585 617 Episcopus
647 520 1095 594 Castrimaris
1171 521 1245 591 in
1318 521 1572 593 eadem
1623 538 1840 591 causa
1894 520 2301 592 huiusmodi
2354 519 2733 591 dilationes
2786 521 2865 591 in

227 637 470 710 edenda
524 634 944 725 privationis
995 633 1355 704 sententia
1411 631 1973 722 posthabuisset,
2032 649 2119 702 ex
2171 650 2256 703 eo
2306 632 2609 720 scilicet,
2671 632 2867 720 quod

230 748 735 822 distributiones
810 743 1264 835 praebendae
1343 742 1495 816 loco
1548 743 1988 815 haberentur
2020 794 2038 829 ,
2121 744 2501 835 propositis
2577 743 2860 817 dubiis:

233 887 264 927 ‹
299 863 357 931 1.
393 862 497 932 An
549 859 910 930 sententia
981 857 1401 946 privationis
1471 856 1615 928 lata
1670 855 1763 926 ab
1815 852 2164 945 Episcopo
2236 850 2721 928 sustineatur?
2777 854 2868 929 Et

235 997 265 1042 >
300 979 639 1062 quatenus
667 969 1050 1060 ⁸negative,
1092 969 1165 1038 2.
1204 966 1310 1038 An
1347 973 1418 1039 et
1453 966 1808 1056 quomodo
1843 967 1934 1040 sit
1971 967 2502 1060 procedendum
2541 969 2615 1038 in
2651 963 2864 1039 casu?

234 1109 264 1154 >
297 1085 396 1155 die
445 1084 566 1154 25.
609 1079 818 1152 Febr.
861 1080 1180 1151 eiusdem
1236 1079 1406 1150 anni
1453 1078 1665 1149 1741.
1709 1079 2112 1169 rescripsit:
2162 1078 2260 1150 Ad
2306 1081 2371 1148 1.
2412 1075 2756 1170 Negatis-e
2794 1086 2867 1153 et

233 1195 610 1285 »amplius
669 1190 774 1263 Ad
825 1191 898 1261 2.
953 1188 1350 1281 Episcopus
1403 1189 1767 1280 procedat,
1827 1197 2037 1281 prout
2088 1191 2175 1262 de
2214 1191 2392 1278 iure,
2434 1191 2527 1262 ad
2564 1191 2867 1261 formam

234 1335 264 1377 ›
295 1306 590 1379 Conciiii.
627 1328 665 1371 »
747 1300 897 1374 Sub
951 1302 1239 1372 nomine
1294 1301 1616 1392 generico
1670 1301 2317 1375 Emolumentorum
2369 1301 2543 1392 quid
2595 1302 2896 1391 veniat,-

233 1425 289 1490 et
347 1437 432 1488 an
501 1422 785 1507 praeter
854 1411 1313 1505 praebendae
1383 1413 1657 1485 reditus
1727 1411 1990 1484 absens
2052 1432 2179 1505 per
2229 1413 2520 1505 longum
2585 1417 2868 1503 tempus

229 1530 379 1602 haec
412 1528 889 1599 emolumenta
944 1525 1319 1614 percipiat,
1377 1525 1540 1596 vide
1579 1525 2044 1598 Puteolanen.
2083 1529 2288 1617 Susp.
2332 1547 2378 1598 a
2412 1527 2640 1599 divin.
2683 1525 2758 1598 S.
2790 1526 2865 1599 C.

230 1639 434 1733 Episc.
474 1648 548 1712 et
584 1636 840 1729 Regul.
880 1638 997 1708 15.
1028 1633 1194 1707 Iun.
1235 1637 1481 1724 1855.,
1523 1638 1821 1708 Ianuen.
1870 1639 2064 1710 Serv.
2106 1637 2295 1709 chor.
2333 1640 2403 1708 8.
2439 1637 2616 1729 Aug.
2650 1639 2898 1711 1869.

358 1753 518 1824 107.
590 1747 883 1820 Praeter
951 1748 1250 1819 formam
1303 1768 1346 1818 a
1399 1745 1734 1820 Patribus
1804 1744 2238 1821 Tridentinis
2312 1752 2867 1841 praescriptam,

237 1883 422 1954 quam
491 1855 699 1933 modo
752 1860 1292 1951 explicavimuS,
1356 1857 1821 1949 «Episcopus
1883 1860 2099 1930 aliam
2154 1880 2439 1950 quoque
2499 1863 2687 1933 viam
2742 1858 2875 1957 (ita

237 2001 269 2045 >
301 1975 560 2047 Bened.
602 1970 794 2044 xlv,
837 1973 967 2044 loc.
1009 1974 1130 2043 cit.
1174 1991 1370 2043 num.
1415 1968 1577 2068 38.)
1632 1973 1810 2043 inire
1875 1979 2110 2062 potest
2163 1973 2254 2043 ad
2308 1975 2875 2063 comprimendos

239 2087 639 2160 »eiusmodi
692 2092 1172 2156 contumaces.
1242 2080 1521 2175 Quippe
1592 2086 1885 2157 Sacrum
1958 2083 2346 2157 Concilium
2415 2105 2878 2178 nequaquam

241 2227 275 2268 ν
312 2198 667 2290 abrogavit
721 2215 848 2285 ea,
922 2215 1106 2286 quae
1157 2197 1434 2267 sancita
1488 2201 1691 2283 sunt,
1752 2196 1825 2267 in
1883 2197 2052 2288 Cap.
2092 2193 2199 2267 Ex
2253 2203 2417 2268 tuae
2469 2199 2553 2270 de
2605 2201 2879 2272 clericis

242 2337 280 2379 ›
317 2331 438 2382 non
487 2309 704 2381 resid.
748 2304 1007 2402 (Fagn.
1050 2307 1141 2379 ad
1178 2307 1312 2378 hoc
1354 2309 1522 2398 Cap.
1566 2326 1763 2377 num.
1805 2306 1991 2403 35).
2034 2307 2477 2402 Quapropter
2513 2311 2632 2382 illo
2660 2312 2884 2384 trien-

240 2449 277 2490 »
312 2424 402 2493 nii
450 2422 685 2512 spatio
738 2421 1174 2512 permittitur
1223 2417 1572 2509 Episcopo
1608 2417 1893 2490 eosdem
1942 2420 2343 2509 pervicaces
2378 2442 2424 2492 a
2459 2422 2727 2494 divinis
2764 2443 2885 2495 su-

237 2560 274 2601 »
311 2534 679 2624 spendere,
760 2532 1090 2622 quamvis
1143 2531 1328 2602 viam
1401 2530 1726 2602 insistere
1781 2531 2137 2622 coeperit,
2195 2550 2411 2621 quam
2467 2529 2882 2605 Tridentina

233 2672 270 2715 ›
309 2647 624 2736 Synodus
677 2644 1046 2716 indicavit.
1111 2643 1469 2731 Attamen,
1512 2642 1570 2714 si
1625 2644 1696 2715 id
1733 2642 1975 2731 faciat,
2019 2643 2108 2714 ad
2148 2645 2563 2734 privationis
2600 2654 2891 2717 senten-

232 2783 270 2825 »
314 2759 471 2830 tiam
525 2756 899 2829 serendam
934 2756 1269 2828 devenire
1309 2757 1587 2845 nequit.
1645 2753 2195 2826 Celeberrimum
2227 2762 2334 2828 est
2372 2756 2733 2830 decretum
2774 2758 2890 2830 die

229 2896 266 2937 ›
306 2871 377 2940 8.
412 2867 792 2940 Novembr.
838 2869 1056 2938 1673.
1113 2867 1387 2938 editum
1441 2868 1515 2937 in
1567 2886 1781 2938 causa
1838 2866 2239 2939 Parentina
2291 2863 2335 2962 (
2349 2867 2470 2939 lib.
2510 2869 2585 2940 2.
2628 2870 2883 2940 decret.

223 3006 264 3048 s
294 3002 459 3073 paq.
499 2972 745 3075 393).
808 2980 894 3051 Ut
943 2979 1357 3052 consulatur
1402 2979 1741 3059 ecclesiis,
1777 2996 2081 3069 quarum
2116 2979 2480 3050 servitium
2516 2980 2895 3051 detrimen-

225 3119 264 3159 »
304 3100 451 3164 tum
491 3093 774 3185 patitur
814 3097 1103 3181 propter
1138 3091 1531 3163 absentiam
1565 3091 2103 3169 canonicorum,
2138 3089 2243 3161 vet
2296 3090 2893 3181 beneficiatorum,

219 3230 259 3271 ›
301 3206 426 3295 qui
469 3210 757 3296 propter
818 3203 1171 3274 redituum
1222 3202 1633 3273 tenuitatem
1692 3200 2113 3273 residentiae
2165 3201 2338 3293 leqes
2406 3207 2893 3282 contemnunt,

215 3341 255 3382 ›
296 3317 704 3407 quaeritur:
759 3314 1038 3394 Primo,
1076 3333 1206 3395 an,
1260 3313 1564 3386 durante
1616 3312 1922 3384 triennio
1966 3313 2407 3404 praescripto
2460 3333 2505 3384 a
2561 3316 2635 3386 S.
2683 3315 2890 3386 Cone.

211 3452 251 3493 ›
299 3429 487 3499 Sess.
523 3425 649 3498 23.
694 3445 851 3516 cap.
898 3423 1013 3495 12.
1057 3424 1140 3495 de
1194 3424 1545 3513 Reform„
1590 3424 1813 3513 possit
1865 3423 2201 3496 adversus
2246 3425 2627 3497 obtinentes
2666 3426 2741 3495 in
2780 3444 2900 3495 ca-

205 3562 246 3605 »
291 3538 737 3609 thedratibus
791 3544 915 3607 aut
966 3536 1351 3625 cotteqiatis
1405 3536 1821 3627 diqnitates,
1875 3537 2375 3624 canonicatus,
2421 3537 2898 3629 praebendas,

202 3675 245 3717 ν
289 3656 430 3720 aut
471 3648 864 3739 portiones,
915 3666 1157 3737 eosque
1209 3666 1349 3717 non
1403 3646 1781 3718 residentes
1810 3648 2097 3737 procedi
2133 3648 2227 3719 ad
2264 3651 2779 3740 suspensionem
2813 3667 2901 3720 ex

197 3788 242 3833 ›
294 3762 479 3851 Cap.
521 3757 629 3829 Ex
682 3768 852 3832 tuae
902 3760 986 3830 de
1036 3759 1205 3831 cler.
1249 3778 1389 3830 non
1427 3756 1698 3832 resid?
1750 3760 1842 3831 Et
1892 3766 2234 3852 quatenus
2272 3763 2739 3854 affirmative;
2787 3762 2906 3832 Se-

197 3902 240 3945 »
281 3874 589 3954 cunda,
643 3891 742 3943 an
795 3870 870 3942 id
911 3872 1135 3960 possit
1185 3871 1400 3942 etiam
1461 3877 1620 3961 post
1673 3871 2080 3945 inchoatam
2131 3872 2324 3944 viam
2386 3873 2807 3964 procedendi
2858 3891 2905 3943 a

191 4014 234 4056 ν
288 3983 628 4060 Concilio
652 3978 1224 4074 praescriptam?
1262 3985 1488 4055 Sacra
1528 3983 1780 4075 Conqr.
1813 3984 2204 4075 respondit:
2242 3984 2338 4056 ad
2361 3986 2678 4075 primum
2706 3986 2908 4077 Affir-

190 4124 231 4168 ι
274 4096 599 4170 malive.
682 4094 790 4166 Ad
851 4093 1231 4165 secundum
1273 4094 1554 4183 pariter
1605 4095 2075 4186 affirmative,
2141 4095 2429 4166 exclusa
2475 4097 2901 4185 privatione.

185 4237 229 4279 ›
274 4209 486 4282 Cum
539 4206 629 4278 de
681 4206 929 4276 eodem
984 4212 1405 4295 argumento
1459 4205 1884 4296 disceptatio
1934 4206 2134 4276 fieret
2172 4205 2288 4277 die
2335 4207 2406 4276 3.
2440 4202 2650 4276 Febr.
2690 4206 2903 4276 1680.

182 4352 225 4394 ›
270 4325 367 4395 in
407 4337 641 4392 causa
671 4320 989 4390 Pennen.
1027 4316 1261 4388 Resid.
1304 4311 1480 4410 (lib.
1514 4315 1634 4388 31.
1669 4315 1924 4387 decret.
1957 4334 2127 4406 paq.
2165 4310 2362 4411 ir),
2400 4316 2613 4387 Sacra
2650 4312 2906 4407 Congr.

177 4463 221 4505 ›
265 4429 734 4523 respondit:
798 4428 1086 4501 Servari
1137 4428 1492 4500 decretum
1544 4428 1619 4498 in
1672 4445 1891 4498 causa
1945 4427 2345 4498 Parentina
2395 4427 2686 4499 editum.
2725 4452 2762 4495 s

350 4543 547 4616 108.
614 4540 890 4613 Adsunt
931 4541 1002 4609 in
1040 4539 1405 4629 aliquibus
1440 4536 1887 4609 dioecesibus
1925 4536 2292 4625 ecclesiae,
2346 4536 2472 4609 ubi
2509 4541 2916 4614 sacerdotes

163 4659 504 4739 eisdem
554 4653 848 4741 addicti,
889 4651 1038 4725 sive
1075 4652 1245 4743 quia
1297 4650 1646 4724 beneficio
1701 4648 2104 4741 potiuntur,
2145 4649 2294 4721 sive
2333 4649 2503 4741 quia
2538 4650 2628 4725 de
2665 4671 2916 4727 mensa
