3497 5235
577 309 698 372 526
1325 308 1695 375 hnkruotionin
1734 307 1789 365 8.
1822 307 2004 381 Gongr.
2034 308 2181 366 Om-
2222 307 2492 382 monitio.

584 474 622 517 »
662 450 947 521 malive.
990 445 1096 519 Ad
1134 448 1206 518 9..
1241 444 1675 517 Affirmative
1714 446 1786 515 in
1822 451 2004 516 scut.
2038 443 2182 515 300
2218 442 2595 535 erogandis
2648 443 2722 513 in
2773 440 3029 513 Christi
3067 459 3238 532 pau-

582 586 620 630 ›
660 578 866 653 peres
917 559 1293 647 utriusque
1344 557 1714 647 paroeciae
1784 555 2349 626 administratae.
2409 554 2515 624 Ad
2565 554 2637 624 3.
2681 552 3191 624 Affirmative.»

727 672 894 742 492.
946 666 1039 740 In
1094 669 1380 759 Ripuna
1429 668 1854 741 Administr.
1903 667 2020 738 19.
2062 664 2259 756 Sept.
2307 667 2519 738 1789.
2577 663 2980 755 Capitulum
3036 663 3242 735 colle-

587 784 820 875 giatae
873 781 1214 854 ecclesiae
1266 777 1337 852 S.
1379 777 1650 852 Nicolai
1703 775 1967 850 Montis
2020 778 2414 850 Prandonis
2464 780 2904 850 sacerdotem
2943 774 3244 848 Felicem

581 891 852 965 Novelli
908 894 982 964 in
1031 892 1678 963 administratorem
1737 888 2044 980 Capituli
2098 891 2458 981 elegerat3
2515 890 2638 978 qui
2693 909 2786 959 an
2839 888 2929 960 de
2985 889 3239 979 gremio

583 1002 889 1095 Capituli
941 1011 1156 1091 esset,
1215 1023 1298 1075 ex
1355 1002 1520 1074 solio
1574 1021 1719 1074 non
1772 1003 2068 1073 eruitur.
2127 998 2550 1073 Huiusmodi
2603 1000 2856 1074 electio
2891 1018 3052 1071 curn
3093 1000 3242 1070 aliis

584 1117 675 1190 de
727 1116 960 1187 causis
1012 1114 1593 1206 oppugnabatur,
1636 1121 1786 1185 tum
1823 1114 2238 1203 praesertim
2289 1113 2480 1203 quod
2516 1112 2865 1185 sacerdoti
2901 1130 3051 1183 non
3088 1112 3246 1183 licet

586 1227 845 1300 laicum
901 1228 1371 1299 ministerium
1426 1243 1781 1297 exercere.
1841 1222 2189 1305 Quoniam
2243 1244 2408 1296 vero
2461 1221 2881 1296 Ordinarius
2933 1224 3072 1295 hoc
3124 1226 3250 1295 miv

586 1339 961 1410 nisterium
1015 1356 1173 1409 cum
1227 1337 1649 1409 sacerdotali
1704 1336 2055 1427 dignitate
2109 1335 2555 1408 conciliabile
2606 1354 2732 1408 seu
2792 1335 3249 1427 compatibile

584 1468 758 1521 sane
813 1468 967 1522 esse
1021 1448 1449 1537 testabatur,
1491 1449 1583 1519 ad
1636 1447 1981 1520 dubium:
2044 1472 2082 1513 ι
2122 1446 2222 1520 An
2260 1449 2700 1519 sustineatur
2734 1449 2983 1520 electio
3020 1467 3253 1521 sacer-

588 1586 626 1629 »
665 1561 855 1634 dotis
889 1558 1161 1632 Novelli
1215 1562 1288 1632 in
1326 1561 1728 1632 ministrum
1767 1556 2072 1649 Capituli
2119 1556 2376 1631 Montis
2410 1556 2808 1631 Praudonis
2846 1561 2919 1632 in
2957 1556 3182 1632 casu?
3213 1586 3248 1628 ν

582 1670 740 1745 Emi
794 1671 1040 1745 Patres
1091 1674 1651 1763 rescripserunt:
1714 1694 1751 1736 α
1784 1671 2247 1743 Affirmative.
2284 1695 2321 1738 »

734 1785 903 1855 493.
962 1783 1299 1874 Sequitur
1366 1783 1753 1856 declaratio
1808 1781 1880 1854 S.
1922 1781 1996 1854 C.
2036 1779 2278 1873 Episc.
2336 1790 2406 1855 et
2475 1778 2735 1874 Regul.
2794 1785 2869 1856 in
2928 1785 3255 1858 Civitatis

591 1897 876 1977 Castelli
927 1916 1132 1988 super
1164 1897 1405 1978 dubie,
1442 1916 1539 1968 un
1578 1897 1789 1968 liceat
1841 1896 2115 1967 clericis
2167 1895 2528 1986 acquirere
2564 1896 2866 1967 actiones
2904 1897 3256 1969 societatis

585 2010 794 2102 vulqo
850 2010 1427 2083 «Accomandita
1459 2035 1496 2078 »
1553 2012 1674 2081 30.
1716 2004 1881 2080 Iun.
1929 2010 2144 2079 1845.
2200 2005 2408 2078 Porro
2463 2006 2576 2109 ‚ihi
2641 2008 2973 2080 instituta
3025 2008 3256 2082 fuerat

588 2122 918 2209 societaS,
977 2139 1058 2192 eo
1112 2122 1397 2193 nomine
1450 2127 1908 2211 nuncupata,
1966 2121 2169 2190 cuius
2221 2123 2656 2208 promotores
2707 2118 2942 2191 eidem
2998 2139 3252 2192 nomen

589 2233 789 2321 dari,
863 2252 990 2305 seu
1058 2236 1374 2304 actiones
1427 2232 1701 2323 acquiri
1757 2230 1848 2301 ab
1903 2229 2400 2302 ecclesiasticis
2451 2230 2616 2300 viris
2677 2229 2751 2300 in
2814 2232 3002 2303 votis
3074 2252 3262 2303 sum-

589 2363 873 2434 mopere
925 2344 1332 2431 habebant,
1391 2363 1432 2414 a
1487 2363 1630 2434 qua
1683 2363 1759 2413 re
1814 2362 1955 2415 non
2021 2347 2224 2413 erant
2293 2342 2510 2413 alieni
2579 2343 3045 2415 ecclesiastici
3101 2346 3254 2433 viri,

588 2457 729 2527 nisi
791 2456 982 2545 quod
1037 2455 1511 2543 verebantur,
1570 2474 1660 2527 ne
1730 2456 1832 2525 rei
1903 2454 2192 2526 illicitae
2263 2453 2766 2545 negotiationis
2836 2454 3255 2528 evaderent.

589 2560 847 2656 Itaque
900 2566 971 2638 S.
1015 2565 1266 2657 Congr.
1312 2563 1547 2657 Episc.
1593 2573 1663 2639 et
1699 2563 1964 2658 Regul.
2024 2566 2217 2638 adita
2271 2572 2403 2654 est,
2448 2585 2634 2656 quae
2671 2572 2913 2638 votum
2966 2565 3267 2640 Consul-

590 2678 763 2750 toris
813 2676 901 2749 de
956 2697 1145 2750 more
1198 2679 1604 2769 exquisivit.
1662 2675 1797 2750 Hic
1851 2680 2093 2768 itaque
2147 2679 2219 2748 in
2265 2697 2393 2749 suo
2431 2685 2592 2749 voto
2628 2697 2771 2749 rem
2812 2679 3105 2769 penitus
3140 2699 3268 2752 ex-

592 2786 1049 2881 pendendam
1104 2811 1521 2881 aggressus,
1581 2790 2069 2862 definitionem
2123 2791 2670 2864 Accomanditae
2720 2792 3260 2882 praemittebat,

591 2920 778 2991 quae
829 2903 929 2975 sic
981 2911 1132 2975 est:
1189 2901 1502 2976 Societas
1553 2903 2054 2994 negotiatoria,
2113 2921 2299 2992 quae
2356 2904 2599 2975 unitur
2650 2904 2836 2974 inter
2887 2901 3073 2975 duas
3109 2905 3269 2994 plu-

588 3031 848 3103 resque
903 3033 1285 3105 personas,
1344 3033 1646 3105 quarum
1702 3034 1847 3086 una
1923 3015 2033 3084 vel
2088 3015 2376 3104 plureS,
2434 3033 2619 3104 quae
2671 3015 3010 3085 dicuntur
3065 3035 3267 3087 acco-

589 3125 1012 3199 mandantes
1050 3133 1312 3198 certam
1353 3127 1728 3216 pecuniam
1772 3128 1843 3197 in
1883 3127 2292 3198 societatem
2330 3127 2752 3212 immittunt,
2784 3126 2960 3215 quin
2999 3145 3264 3199 nomen

589 3255 796 3308 suum
852 3245 1243 3327 praestent,
1285 3240 1393 3310 vel
1449 3238 2054 3310 administrationi
2091 3256 2247 3310 sese
2284 3239 2772 3310 immisceant:
2835 3238 3061 3310 altera
3099 3258 3262 3310 vero

588 3366 922 3438 persona,
967 3368 1152 3439 quae
1204 3350 1467 3423 dicitur
1517 3351 2174 3440 complementarius
2228 3356 2353 3420 aut
2404 3351 2688 3422 institor
2740 3368 2943 3421 suam
2999 3351 3268 3421 solum-

591 3460 799 3531 modo
851 3479 1136 3551 operam
1190 3468 1261 3533 et
1315 3461 1741 3532 industriam
1782 3461 2105 3551 praebet,
2146 3479 2416 3551 suoque
2463 3461 2749 3533 nomine
2785 3469 3262 3534 mercaturam

591 3570 726 3642 sub
779 3572 1260 3662 peculiaribus
1321 3573 1605 3664 legibus
1661 3580 1731 3644 et
1786 3572 2317 3645 conditionibus
2385 3580 2692 3644 exercet.
2751 3575 3263 3646 Accomaudita

592 3683 854 3754 dicitur
903 3685 1285 3776 repuleriS,
1323 3684 1612 3773 quando
1668 3684 2194 3755 accomandans
2247 3685 2552 3756 institori
2593 3687 2970 3775 pecuniam
3011 3687 3261 3771 tradit,

592 3800 673 3866 ut
725 3795 798 3866 in
851 3805 1125 3886 partem
1163 3797 1402 3868 veniat
1456 3795 1631 3867 lucri
1689 3802 1760 3866 et
1813 3795 2056 3866 damni
2095 3814 2219 3886 pro
2255 3803 2437 3883 rata,
2481 3797 2576 3867 ita
2619 3804 2883 3883 tameo,
2928 3804 3010 3868 ut
3047 3815 3265 3887 penes

593 3909 1252 3989 accomandantem,
1290 3927 1420 3979 ceu
1456 3925 1700 3978 verum
1741 3906 2109 3978 dominum
2159 3907 2249 3978 ab
2288 3909 2608 3979 institore
2647 3916 3264 3997 repraesentatum

591 4026 962 4094 remaneat
1014 4021 1361 4110 pecuniae
1396 4019 1790 4091 dominium
1837 4024 1908 4089 et
1945 4017 2236 4091 formale
2275 4019 2775 4110 negotiationis
2811 4019 2951 4091 ius.
2995 4018 3267 4092 Dicitur

593 4131 1043 4222 irregularis,
1097 4131 1386 4221 quando
1439 4128 1964 4201 accomandans
2016 4131 2361 4220 pecuniae
2397 4130 2788 4202 dominium
2829 4149 2915 4201 ac
2949 4132 3270 4223 proprie-

593 4248 815 4314 tatem
870 4244 941 4313 in
995 4243 1387 4314 institorem
1443 4241 1781 4314 transfert
1835 4242 2053 4314 veluti
2108 4243 2181 4312 in
2233 4240 2597 4313 dominum
2654 4249 2725 4314 et
2778 4241 3084 4314 liberum
3142 4259 3270 4314 ne-

596 4354 1000 4445 gotiationis
1052 4354 1751 4442 administratorem,
1821 4355 1941 4444 qui
1996 4354 2283 4426 nomine
2352 4354 2635 4444 proprio
2687 4355 2880 4444 agit3
2937 4354 3268 4443 adeoque

594 4465 1118 4537 accomandans
1171 4465 1345 4537 nibil
1400 4464 1597 4536 aliud
1653 4472 1790 4551 est,
1851 4466 1987 4536 nisi
2043 4484 2279 4537 merus
2330 4466 2678 4555 pecuniae
2732 4467 3086 4552 creditor,
3146 4464 3272 4554 qui

594 4575 668 4652 in
720 4582 990 4665 partem
1046 4576 1447 4649 admittitur
1499 4576 1675 4649 lucri
1716 4583 1787 4648 et
1826 4577 2098 4648 damni.
2156 4576 2212 4648 Α
2248 4573 2730 4648 lanuensibus
2768 4578 3272 4660 accomandita

594 4686 937 4775 originem
990 4687 1232 4778 duxit3
1288 4691 1533 4780 itaque
1588 4707 1851 4762 nomen
1907 4691 2225 4781 ignotum
2267 4695 2386 4762 est
2436 4690 2513 4761 in
2565 4690 2714 4762 iure
2767 4688 3145 4764 Caesare0.
