3497 5235
665 328 787 396 388
1415 334 1783 393 humationis
1824 334 1877 392 Β.
1907 333 2090 408 Gongr.
2118 334 2265 393 Ocno.
2307 335 2577 409 expetitio.

812 468 981 538 224.
1019 464 1105 538 Et
1130 467 1552 554 notandum,
1592 467 1785 557 quod
1821 467 2128 539 facultas
2167 467 2436 539 tributa
2471 464 2810 558 Episcopo
2836 470 3242 558 cognoscendi

664 585 737 653 et
788 578 1235 669 approbandi
1287 597 1539 650 causas
1592 577 1961 650 absentiae
2015 579 2362 670 competit
2397 579 2614 650 etiam
2650 575 2971 650 Praelatis
3016 579 3246 652 inferio-

662 692 863 766 ribus
915 691 1184 763 nullius
1229 691 1571 764 dioecesis
1609 691 1973 783 proprium
2010 691 2443 763 territorium
2484 695 2550 761 et
2595 690 3106 762 iurisdictionem
3135 692 3249 782 epi-

661 805 1020 899 scopalem
1072 804 1540 893 habentibus,
1598 812 1678 878 ut
1729 804 2123 877 declaravit
2175 803 2424 876 eadem
2479 801 2690 875 Sacra
2744 801 3148 895 Congregatio
3188 805 3248 875 in

668 917 956 988 Nullius
1009 916 1128 986 26.
1174 911 1463 986 lanuar.
1510 916 1724 987 1625.
1784 916 1977 1008 apud
2030 912 2299 986 Girald.
2343 915 2472 987 loc.
2507 918 2625 987 cit.
2666 912 2742 1008 ἓ.
2780 915 2867 986 Et
2899 914 3244 986 notandum.

812 1028 982 1099 225.
1039 1024 1288 1098 Plures
1341 1034 1578 1098 autem
1633 1027 2030 1099 afferuntur
2082 1044 2369 1115 causae,
2428 1045 2515 1098 ex
2568 1026 2827 1117 quibus
2861 1047 2898 1098 a
2931 1026 3250 1099 residentia

666 1154 822 1210 sese
876 1154 1216 1209 excusare
1283 1136 1481 1210 haud
1533 1156 1689 1209 raro
1758 1137 2052 1229 parochi
2117 1137 2555 1209 existimant.
2634 1135 2858 1209 Primo
2919 1137 3053 1208 loco
3096 1138 3249 1208 venit

667 1249 977 1341 corporis
1029 1250 1433 1338 infirmitaS,
1477 1250 1565 1322 de
1605 1269 1748 1340 qua
1786 1250 2147 1322 licentiam
2201 1247 2581 1323 recedendi
2634 1269 2673 1320 a
2725 1248 3036 1342 parochia
3080 1249 3159 1319 ita
3187 1248 3251 1319 li-

664 1362 988 1433 mitatam
1026 1378 1179 1432 esse
1218 1361 1582 1452 respondit
1618 1358 1832 1434 Sacra
1860 1358 2113 1453 Congr.
2150 1363 2342 1453 apud
2370 1358 2638 1433 Girald.
2674 1357 2829 1457 (Ius
2855 1363 3049 1434 Pont.
3078 1360 3150 1430 P.
3177 1358 3246 1429 11.

666 1492 832 1544 sesS.
890 1469 1012 1543 87.
1051 1468 1123 1565 ἓ.
1172 1472 1417 1556 Quoad
1454 1466 1624 1568 IL),
1665 1490 1965 1563 nempe:
2015 1497 2051 1538 (ι
2085 1470 2159 1544 Si
2211 1479 2454 1545 tamen
2490 1478 2718 1544 rector
2756 1472 3052 1543 infirmus
3081 1474 3248 1555 esset,

668 1608 707 1651 ι
748 1588 819 1654 et
872 1583 945 1654 in
997 1583 1149 1654 loco
1201 1583 1590 1674 parochiali
1641 1586 1877 1658 curari
1931 1603 2075 1656 non
2128 1590 2368 1677 posset
2423 1583 2706 1657 defectu
2753 1582 3143 1655 medicorum
3170 1579 3253 1651 vel

669 1718 708 1761 ι
748 1692 1307 1783 medicinarum,
1365 1702 1538 1768 tunc
1592 1714 1796 1787 posse
1849 1697 1941 1769 ab
1994 1693 2370 1769 Ordinario
2440 1696 2595 1768 dari
2649 1695 3044 1768 dilationem
3087 1692 3251 1763 trium

671 1830 709 1872 ν
748 1812 872 1876 aut
927 1811 1233 1894 quatuor
1284 1808 1662 1897 mensium,
1724 1815 1801 1880 ut
1853 1809 1926 1880 in
1980 1808 2152 1881 locis
2206 1807 2672 1880 vicinioribus
2720 1811 2995 1878 maneat
3024 1818 3257 1892 recupe-

672 1942 710 1984 »
751 1915 1020 1988 randae
1074 1917 1403 1988 sanitatis
1451 1937 1697 2006 causa,
1755 1920 1984 2012 posito
2037 1922 2310 1992 interea
2348 1919 2440 1989 ab
2481 1920 2634 2010 ipso
2669 1914 3030 1990 Ordinario
3077 1915 3135 1985 in
3163 1929 3257 2003 pa·

672 2052 711 2095 »
751 2028 1047 2100 rochiali
1099 2028 1354 2100 idoneo
1407 2031 1665 2102 vicario
1720 2050 1880 2103 cum
1936 2049 2247 2123 congrua
2275 2030 2597 2121 portione
2633 2047 2723 2101 ex
2759 2026 3087 2101 reditibus
3116 2024 3256 2095 eius-

674 2166 710 2206 »
751 2140 915 2213 dem
949 2138 1326 2233 parochiae
1357 2166 1424 2211 ⁷».
1467 2137 1661 2233 (Lib.
1699 2142 1766 2214 1.
1811 2142 2069 2216 decret.
2104 2162 2272 2234 paq.
2308 2142 2467 2222 51„
2502 2138 2775 2214 Bened.
2807 2135 2990 2210 xlv.
3029 2138 3136 2208 loc.
3163 2135 3251 2205 cit.

671 2272 746 2322 n.
790 2251 907 2324 Η.
951 2248 1218 2322 Girald.
1262 2252 1391 2322 loc.
1437 2250 1631 2349 cit.).

820 2364 988 2434 226.
1021 2359 1347 2435 Secundo
1373 2362 1524 2435 loco
1558 2365 1745 2437 circa
1774 2369 2213 2437 senectutem
2253 2361 2326 2435 S.
2358 2362 2608 2455 Congr.
2651 2364 2769 2435 die
2808 2364 2877 2433 6.
2916 2359 3067 2451 Apr.
3095 2353 3256 2427 1617.

673 2475 1085 2566 respondit:
1147 2499 1183 2539 «
1214 2472 1359 2548 Nec
1395 2481 1701 2549 aetatem
1754 2475 2077 2563 senilem,
2118 2494 2252 2548 nec
2305 2475 2561 2546 malam
2599 2474 3073 2546 valetudinem
3104 2483 3262 2538 excu·
3402 2502 3403 2595 Ν

672 2609 711 2653 »
751 2603 911 2657 sare
947 2585 1333 2677 parochum
1371 2608 1411 2659 a
1440 2587 1827 2661 residentia
1856 2587 2214 2679 personali
2240 2610 2309 2657 ».
2336 2582 2532 2680 (Lib.
2558 2586 2673 2660 18.
2700 2586 2955 2658 decret.
2972 2572 3260 2674 pa9.329.

668 2693 942 2771 Bened.
983 2694 1174 2768 XIV.
1218 2699 1348 2770 loc.
1391 2700 1513 2771 cit.
1517 2696 1584 2794 ).
1642 2698 1840 2770 Facit
1892 2699 1983 2771 ad
2037 2716 2186 2770 rem
2250 2703 2463 2770 etiam
2536 2697 2842 2789 epistola
2892 2696 2960 2766 S.
2999 2691 3063 2761 C.
3100 2687 3257 2758 Cone.

668 2809 761 2881 ad
814 2807 1242 2900 Episcopum
1295 2807 1871 2900 Fulginatensem
1946 2810 2061 2882 die
2122 2811 2235 2880 13.
2280 2806 2437 2880 lan.
2488 2809 2735 2895 172Ο.,
2796 2826 2980 2898 quae
3027 2801 3266 2875 refertur
3400 2887 3401 2892 Ν

669 2919 743 2991 in
796 2919 975 3011 App.
1024 2920 1195 3009 Syn.
1238 2920 1670 3010 Baptistellii
1711 2940 1882 3012 paq.
1927 2919 2046 2992 79.
3400 2909 3401 2952 l

817 3031 986 3101 227.
1045 3026 1279 3102 Tertio
1332 3030 1483 3101 loco
1519 3029 1609 3101 ob
1646 3051 1947 3123 parvum
1984 3050 2359 3104 numerum
2407 3029 2998 3123 parochianorum
3034 3039 3147 3094 non
3176 3035 3270 3088 ex-

666 3149 958 3217 cusatur
1009 3142 1363 3233 parochus
1399 3163 1440 3214 a
1478 3143 1902 3215 residentia:
1939 3163 2099 3216 cum
2136 3145 2327 3215 enim
2357 3143 2472 3214 die
2499 3144 2570 3213 3.
2596 3139 2890 3213 Octobr.
2919 3137 3077 3210 anni
3099 3126 3267 3203 1661.

668 3251 1077 3325 Bernardus
1127 3250 1475 3341 Monuzzi,
1535 3255 1887 3344 parochus
1939 3252 2289 3346 Fognani,
2349 3252 2679 3344 petiverit
2736 3274 2775 3316 (ε
2811 3249 3018 3322 eximi
3066 3265 3101 3315 a
3144 3238 3274 3312 resi-

672 3392 710 3434 »
753 3365 1023 3453 dentia,
1079 3373 1316 3439 stante
1370 3385 1588 3457 parvo
1647 3385 1940 3440 numero
1993 3367 2452 3455 familiarum,
2494 3366 2604 3437 cui
2659 3365 2939 3437 vicinus
2987 3353 3275 3452 parochus

670 3500 709 3543 »
751 3475 1140 3567 supplebit,
1175 3503 1213 3546 ν
1268 3474 1339 3548 S.
1381 3476 1846 3570 Congregatio
1884 3481 2204 3552 censuit:
2267 3503 2303 3544 αι
2343 3476 2500 3551 Non
2554 3495 2710 3549 esse
2761 3471 3271 3548 annuendum.»

667 3583 861 3684 (Lib.
901 3587 1025 3659 27.
1068 3588 1322 3661 decret.
1382 3609 1552 3681 paq.
1593 3584 1836 3685 229.).
1898 3586 2098 3663 Idem
2152 3589 2521 3661 confirmat
2584 3587 2971 3680 Fagnanus
3029 3585 3095 3655 in
3146 3578 3272 3666 Gap·
3396 3657 3397 3662 ,

666 3696 1196 3791 Exstirpandae
1245 3695 1318 3793 ἓ.
1366 3700 1502 3783 Qui
1553 3719 1716 3772 vero
1770 3721 1843 3772 n.
1890 3700 2005 3773 Η.
2047 3701 2129 3772 de
2167 3702 2421 3772 Praeb.
2478 3700 2592 3771 his
2643 3698 2925 3770 verbis:
2987 3687 3278 3765 «S.con·
3395 3665 3397 3754 l

670 3834 709 3877 ι
751 3811 1064 3901 gregatio
1117 3811 1469 3900 consulta,
1511 3832 1601 3882 an
1640 3811 1996 3904 parochus
2034 3818 2365 3885 teneatur
2400 3810 2735 3899 residere,
2778 3807 3056 3882 etiamsi
3095 3799 3278 3874 essent

673 3947 711 3990 »
750 3923 826 3993 in
878 3923 997 3994 illa
1054 3921 1385 4016 parochia
1459 3929 1602 3996 tres
1666 3931 1949 3996 tantum
2002 3925 2114 3996 vel
2169 3931 2475 4014 quatuor
2526 3923 2841 4010 incolae,
2913 3911 3275 4009 respondit:

673 4056 711 4098 »
751 4027 1001 4105 Teneri
1031 4058 1067 4100 ι»
1125 4028 1425 4128 (Bened.
1466 4029 1660 4103 XIV.
1702 4034 1752 4104 l.
1795 4055 1855 4105 c.
1902 4054 1974 4105 n.
2021 4031 2202 4128 16.).
2650 4063 2658 4070 ·

821 4144 988 4215 228.
1049 4143 1312 4227 Quarto
1364 4144 1517 4217 loco
1568 4152 1720 4218 erat
1773 4145 1940 4216 olim
1977 4153 2048 4218 et
2084 4144 2223 4216 alia
2278 4164 2491 4217 causa
2540 4141 2979 4216 concedendi
3031 4128 3285 4230 parocho

674 4254 1069 4346 licentiam,
1129 4264 1208 4328 ut
1260 4257 1550 4349 impune
1604 4265 1845 4350 posset
1901 4257 2150 4330 abesse
2203 4275 2328 4349 per
2377 4256 2830 4349 septennium
2882 4252 3147 4324 ratione
3175 4249 3286 4316 stu·

674 4366 953 4438 diorum
1005 4386 1249 4441 sacrae
1302 4366 1710 4461 Scripturae
1764 4375 1839 4441 et
1889 4369 2059 4441 iuris
2111 4368 2434 4442 canonici
2470 4368 2545 4440 in
2574 4366 2883 4459 publicis
2920 4357 3291 4436 universita-
3392 4393 3393 4396 κ

667 4475 864 4548 tibus
915 4498 1001 4550 ex
1061 4480 1231 4572 Cap.
1272 4478 1443 4552 Cum
1497 4498 1584 4551 ex
1638 4499 1722 4553 eo
1774 4479 1896 4553 35.
1954 4481 2036 4554 de
2082 4481 2398 4553 election.
2458 4480 2532 4550 in
2572 4478 2639 4553 6.
2684 4475 2950 4550 Verum
3002 4475 3154 4566 post
3178 4460 3293 4535 Tri·

670 4584 1048 4659 deminum
1098 4591 1235 4663 hac
1286 4590 1625 4663 facultate
1677 4592 1970 4685 parochi
2006 4594 2311 4685 amplius
2342 4590 2446 4662 uti
2484 4594 2851 4681 nequeunt
2887 4606 2978 4660 ex
3015 4577 3293 4677 pluribus

664 4693 1005 4768 laudatae
1056 4698 1128 4769 S.
1170 4699 1422 4792 Congr.
1468 4703 1800 4793 decreti3‚
1858 4709 1928 4776 et
1980 4707 2404 4799 praesertim
2459 4703 2594 4777 sub
2641 4705 2755 4778 die
2794 4703 2857 4773 1.
2895 4700 3072 4774 Dec.
3117 4685 3291 4766 1594·
3390 4757 3391 4760 .

3389 4777 3391 4912 l
