3497 5235
517 313 639 379 534
1678 314 1945 390 Appendix
1981 314 2030 372 1.

515 448 850 537 traditur,
909 448 1033 539 qui
1096 447 1308 541 plena
1379 466 1636 522 causae
1688 449 2093 540 cognitione
2146 445 2454 539 adepta,
2528 449 2715 522 diem
2787 450 3186 540 constituit,

517 579 661 650 qua
713 562 1181 652 disceptanda
1233 567 1307 634 et
1373 561 1794 633 resolvenda
1846 561 1982 648 sit,
2038 578 2299 632 curans
2351 567 2431 633 ut
2498 569 2876 635 accusatus
2932 566 3194 637 certior

516 672 607 744 de
659 672 790 744 hoc
845 673 995 747 fiat.

663 781 993 856 XXXIV.
1035 784 1161 859 Die
1213 786 1600 859 constituta
1667 786 2089 876 proponitur
2139 802 2356 857 causa
2425 804 2662 858 coram
2726 784 3004 859 Vicario
3054 784 3191 861 Ge-

480 882 770 978 'nerali‚
805 897 1399 970 interesseutibus
1425 903 1882 988 procuratore
1921 896 2171 982 fiscali,
2204 896 2576 971 defensore
2612 905 2683 969 et
2718 895 3182 971 Cancellario.

665 1004 956 1078 XXXV.
998 1007 1162 1083 Post
1217 1015 1458 1080 votum
1527 1009 2006 1099 procuratoris
2073 1007 2222 1078 fisci
2276 1015 2348 1079 et
2418 1010 2884 1082 deductiones
2937 1010 3188 1083 deleu-

517 1119 737 1190 sionis
788 1118 1143 1209 profertur
1192 1121 1578 1207 sententia,
1620 1119 1956 1192 dictando
1999 1118 2486 1210 dispositivarn
2539 1118 2976 1193 cancellario
3029 1141 3192 1195 cum

518 1230 855 1320 explicita
895 1233 1281 1320 mentione,
1324 1232 1398 1302 in
1436 1249 1606 1303 casu
1643 1232 2153 1320 damnationi8‚
2195 1233 2582 1305 canonicae
2636 1236 3034 1306 sanctionis
3078 1253 3198 1306 ac-

520 1348 767 1414 cusato
817 1343 1246 1436 applicatae.

666 1450 995 1525 XXXVI.
1039 1452 1411 1528 Sententia
1463 1454 1801 1525 indicitur
1853 1460 2267 1546 praevent0‚
2310 1456 2432 1545 qui
2473 1455 3036 1549 appellationem
3087 1459 3199 1529 in-

518 1569 892 1656 terponere
946 1573 1177 1656 potest
1229 1566 1322 1636 ad
1375 1567 1868 1638 auctoritatem
1923 1567 2471 1639 ecclesiasticam
2525 1570 2994 1659 superiorem.

668 1674 1034 1749 XXXVII.
1076 1676 1208 1751 Pro
1261 1678 1741 1769 appellatione
1793 1686 2171 1750 servantur
2225 1697 2515 1751 normae
2550 1687 2867 1752 statutae
2920 1701 2962 1751 a
3016 1678 3198 1752 Cou-

522 1790 892 1862 stitutione
928 1790 1037 1863 Ad
1072 1791 1458 1864 militantes
1497 1809 1558 1860 s.
1596 1807 1688 1859 m.
1723 1785 1993 1861 Bened.
2025 1786 2217 1860 XIV.
2260 1792 2380 1863 30.
2417 1788 2648 1863 Martii
2693 1792 2944 1878 1742..
2980 1793 3198 1863 aliae-

523 1920 662 1992 que
716 1910 1092 1974 emanatae
1146 1901 1236 1973 ab
1301 1901 1436 1973 hac
1501 1898 1574 1973 S.
1631 1897 1977 1991 congreg.
2038 1899 2334 1973 Decreto
2390 1903 2508 1973 18.
2568 1899 2736 1975 Dec.
2805 1904 3025 1974 1835.
3079 1900 3186 1996 (1)

524 2020 596 2086 et
647 2014 852 2087 litera
903 2014 1229 2088 circulari
1282 2016 1423 2087 diei
1481 2016 1547 2084 1.
1591 2011 1891 2104 Augusti
1948 2013 2161 2083 1851.

665 2347 746 2421 (1)
785 2350 869 2401 En
914 2350 974 2401 in
1023 2348 1353 2401 commodum
1399 2348 1665 2397 lectorum
1713 2343 1995 2395 decretum
2043 2342 2385 2396 huiusmodi.
2423 2342 2587 2397 Haud
2634 2345 2935 2396 referimus
2968 2347 3198 2398 litteras

523 2436 777 2502 prolixas
804 2434 922 2485 diei
957 2434 1270 2497 LAnguz—ti
1305 2432 1485 2492 1851..
1519 2432 1780 2496 quoniam
1821 2431 2151 2495 praecipuae
2178 2429 2424 2480 eiusdem
2454 2429 2934 2495 praescriptiones
2960 2432 3021 2481 in
3048 2446 3199 2495 prae·

526 2519 677 2569 senti
716 2518 1099 2570 Instructione
1141 2518 1351 2568 relatae
1390 2516 1556 2567 nobie
1596 2515 1889 2565 videntur.

666 2604 1021 2658 Ducam-un
1063 2605 1193 2658 Pao
1233 2598 1461 2657 Gausis
1499 2602 1995 2654 Carmnamnns.
2050 2598 2168 2650 Non
2211 2598 2298 2650 ita
2336 2598 2547 2663 pridem
2587 2614 2620 2650 a
2658 2600 2718 2654 S.
2748 2598 3195 2665 congregatione

523 2689 788 2752 Negotiis
828 2692 885 2739 et
925 2687 1454 2740 consultationibus
1492 2687 1888 2750 Episcoporum
1920 2689 1975 2735 et
2011 2686 2376 2747 Regularium
2418 2688 2741 2752 praeposita
2781 2688 3090 2739 nonnullae
3117 2702 3198 2738 re-

523 2777 686 2841 gulae
725 2776 1101 2839 praescriptae
1128 2773 1358 2824 fuerunt
1387 2786 1480 2835 pro
1518 2774 1670 2822 recta
1711 2777 1769 2821 et
1809 2769 2080 2835 expedita
2115 2769 2441 2821 definitione
2470 2787 2762 2823 causarum
2790 2773 3189 2835 criminalium,

525 2876 664 2927 quae
691 2875 725 2911 a
749 2860 928 2912 curiis
959 2860 1350 2922 Episcoporum
1382 2855 1471 2907 vel
1502 2855 1926 2907 ordinariorum
1957 2853 2028 2904 ad
2056 2853 2295 2904 eamdem
2327 2854 2902 2920 S.Congregationem
2933 2859 2992 2907 in
3021 2855 3193 2920 gradu

523 2946 933 3011 appellationis
983 2942 1335 2994 deteruntur.
1364 2943 1511 3004 Quas
1545 2939 1770 3006 quidem
1811 2939 2311 3004 praescriptiones,
2343 2941 2603 3005 qnoniam
2631 2943 3035 3008 impedimenta
3073 2941 3191 2991 snb-

521 3030 646 3081 lata
684 3037 850 3093 aunt,
894 3043 1032 3094 quae
1069 3028 1259 3092 aliqua
1296 3041 1363 3077 ex
1402 3029 1564 3090 parte
1603 3040 1793 3076 earum
1834 3024 2186 3075 exsecutioni
2229 3025 2570 3089 interposita
2608 3026 2855 3089 fuerant,
2894 3028 3081 3077 visum
3106 3028 3191 3076 eat

523 3113 1013 3168 Eminentiasimis
1060 3111 1328 3164 Patribus
1366 3110 1426 3161 in
1463 3111 1754 3163 Conventa
1796 3108 1992 3160 habito
2031 3122 2136 3168 xv.
2177 3108 2412 3161 Calend.
2465 3111 2721 3174 Ianuarii
2774 3124 3190 3165 uocccxxxv.

523 3200 752 3251 uberius
780 3199 1082 3265 explicare,
1128 3199 1186 3247 et
1223 3210 1345 3247 cum
1375 3209 1607 3244 assensu
1636 3197 1691 3243 et
1724 3193 2123 3257 approbatione
2156 3193 2247 3245 SS.
2281 3196 2347 3245 D.
2380 3195 2447 3244 N.
2472 3196 2795 3249 Gal-:Gonu
2830 3209 2962 3248 xvi.
2996 3198 3193 3247 iterum

522 3284 892 3349 promulgare,
936 3285 1001 3332 ut
1038 3281 1109 3332 ab
1145 3280 1421 3345 omnibns,
1463 3276 1535 3329 ad
1574 3293 1711 3343 quos
1751 3280 2059 3343 pertinent,
2103 3280 2529 3331 accuratissime
2570 3288 2887 3331 serventur.
2920 3281 3066 3333 Sunt
3102 3295 3193 3330 au·

525 3372 638 3420 tem
678 3382 814 3432 quae
855 3373 1200 3432 sequnntur:

524 3455 575 3506 1.
617 3453 753 3504 Reis
793 3468 827 3504 a
862 3452 1039 3501 curiis
1080 3447 1491 3514 episcopalibus
1528 3448 1816 3500 criminali
1868 3447 2079 3499 iudicio
2116 3448 2401 3499 damnatis
2453 3451 2697 3513 spatium
2748 3449 2964 3502 dierum
3014 3449 3194 3500 decem

668 3538 1013 3602 conoe-ditur,
1071 3553 1178 3603 quo
1220 3536 1289 3587 ad
1332 3536 1390 3589 S.
1437 3536 1937 3600 congregationem
1983 3537 2379 3602 Episcopornm
2413 3540 2472 3588 et
2508 3538 2879 3602 Regularium
2910 3539 3192 3604 appellare

669 3622 907 3688 possint.

526 3709 609 3760 11.
652 3709 846 3760 Decem
886 3705 1007 3758 dies
1045 3709 1326 3759 numerari
1364 3706 1640 3771 incipient
1677 3722 1790 3757 non
1827 3722 1863 3758 a
1898 3706 2018 3772 die,
2074 3722 2181 3772 quo
2219 3709 2508 3761 sententia
2545 3708 2666 3760 lata
2704 3712 2823 3773 eet,
2866 3707 2962 3760 aed
3001 3726 3038 3762 a
3072 3707 3189 3771 die,

673 3807 781 3858 quo
819 3807 914 3843 reo
953 3794 1043 3843 vel
1084 3793 1205 3843 eina
1243 3792 1523 3844 defensori
1564 3807 1659 3855 per
1695 3792 1986 3843 Cursorem
2025 3791 2364 3843 denuntiata
2406 3795 2538 3846 fuit.

524 3878 638 3929 111.
680 3878 761 3928 Eo
790 3882 1031 3940 tempore
1067 3877 1275 3942 elapso,
1311 3876 1448 3941 quin
1475 3891 1599 3926 reus
1631 3876 1720 3927 vel
1748 3877 1873 3927 eina
1902 3875 2161 3928 defensor
2189 3877 2587 3943 appellaverit,
2626 3877 2799 3929 latam
2829 3893 2862 3929 a
2887 3893 2948 3928 se
2975 3881 3193 3929 aenton-

442 3951 449 3957 ’
514 3952 520 3961 ’
672 3963 813 4013 tiam
853 3961 1163 4027 Episcopus
1201 3966 1558 4026 exsequetur.

529 4047 630 4099 IV.
670 4046 1025 4110 Interposita
1081 4049 1237 4098 intra
1277 4044 1460 4096 decem
1500 4045 1622 4096 dies
1660 4045 2041 4110 appellatione
2092 4045 2248 4097 curia
2286 4046 2620 4111 episcopalis
2669 4049 2800 4097 acta
2846 4046 3193 4111 autographa

671 4131 850 4183 totins
887 4146 1084 4182 causae
1123 4130 1194 4181 ad
1235 4130 1292 4183 S.
1322 4130 1827 4194 Congregationem
1865 4131 2133 4182 continuo
2177 4134 2561 4197 transmittat,
2605 4146 2825 4197 nempe:

746 4218 797 4270 1.
847 4217 1200 4266 Proceumn
1244 4217 1423 4281 ipsum
1467 4218 1523 4267 in
1565 4217 1724 4268 curia
1762 4217 2097 4267 confectum.

742 4301 795 4354 2.
836 4302 978 4354 Eine
1018 4303 1388 4366 restrictum,
1421 4316 1515 4351 seu
1555 4300 2030 4366 compendiariam
2068 4302 2476 4366 expositionem
2515 4317 2723 4368 eornm,
2755 4316 2894 4367 quae
2923 4317 2989 4353 ex
3016 4298 3191 4353 eodem

889 4400 1145 4450 processu
1184 4389 1500 4450 emergunt.

742 4470 798 4525 3.
837 4470 1201 4522 Defensiones
1242 4485 1340 4534 pro
1380 4486 1471 4521 reo
1507 4470 1817 4523 exhibitas.

743 4555 798 4608 4.
840 4556 1088 4621 Denique
1128 4558 1473 4607 sententiam
1516 4556 1713 4608 latam.

526 4638 603 4692 V.
642 4639 775 4702 Ipsa
799 4641 956 4692 curia
983 4656 1078 4692 reo
1102 4642 1332 4707 eiusque
1360 4640 1641 4692 defensori
1673 4639 2062 4708 denuntipbit,
2091 4640 2530 4706 appellationem
2557 4654 2738 4692 coram
2761 4639 2950 4693 eadem
2978 4639 3035 4692 S.
3057 4635 3188 4689 Con·

674 4726 1003 4785 gregatione
1043 4725 1484 4789 prosequendam
1522 4742 1663 4778 esse.
