3497 5235
516 270 633 335 280
1266 271 1637 331 Instructionin
1676 269 1730 328 Β.
1759 269 1942 344 congr.
1979 270 2127 330 ῦοιιο.
2167 271 2437 346 expetitio.

522 430 561 473 »
601 426 696 478 an
762 405 1171 478 huiusmodi
1243 405 1790 477 constitutiones
1860 393 2293 477 censeantur
2359 407 2729 476 revocatae
2784 422 2826 473 a
2878 398 3201 474 Concilio

522 541 561 584 »
600 512 966 590 Trident.?
1021 514 1093 587 S.
1135 514 1271 592 C...
1328 513 1731 608 respondit]:
1790 515 2044 589 abesse
2097 516 2335 604 licere,
2391 513 2520 586 sed
2575 533 2715 586 non
2769 514 3035 586 lucrari
3089 514 3207 585 di-

524 653 563 695 »
603 628 1070 700 stributiones
1122 628 1607 718 quotidianas.
1671 627 1775 698 Ad
1826 628 2270 700 secundum:
2328 627 2870 699 constitutiones
2923 646 2967 697 a
3005 623 3201 699 Sede

527 764 566 807 »
610 737 1006 830 Apostolica
1059 739 1515 812 confirmatas
1568 756 1712 808 non
1765 738 2040 810 censeri
2092 738 2442 810 sublataS.
2480 762 2518 804 »
3134 788 3166 832 s

673 853 790 923 13.
851 849 1188 942 Superius
1240 851 1640 942 expositum
1695 857 1830 938 est,
1886 850 2318 924 heneficium
2352 851 2815 924 trimestrium
2853 849 3206 923 feriarum

524 984 565 1035 a
602 962 812 1035 Conc.
853 960 1044 1035 Trid.
1086 964 1543 1052 impetratum
1579 962 1811 1033 locum
1850 981 1996 1033 non
2029 963 2327 1051 hahere,
2367 965 2428 1034 si
2464 962 2754 1053 quando
2795 963 3208 1052 peculiares

523 1077 1067 1149 constitutiones
1119 1075 1325 1147 aliter
1377 1074 1904 1166 praescribunt,
1962 1076 2061 1150 ita
2115 1083 2195 1148 ut
2246 1074 2631 1169 Fagnanus
2690 1082 3015 1167 tempore
3064 1094 3208 1147 suo

521 1188 621 1259 ita
676 1194 974 1261 testetur
1024 1183 1214 1277 (cap.
1258 1185 1364 1259 Ad
1418 1187 1858 1260 audientiam
1915 1207 1955 1258 a
1994 1207 2067 1258 η.
2108 1186 2181 1260 8.
2223 1189 2319 1261 ad
2358 1188 2476 1261 16.
2517 1188 2602 1260 de
2644 1187 2824 1264 Cler.
2866 1207 3011 1259 non
3055 1207 3200 1259 res,

515 1304 581 1371 et
614 1318 772 1390 cap.
807 1296 1005 1371 Licet
1058 1318 1134 1371 η.
1165 1297 1288 1371 48.
1330 1299 1414 1371 de
1450 1293 1775 1393 Praeb.):
1836 1321 1874 1363 ι
1904 1295 2277 1371 Canonicis
2330 1301 2577 1371 maiori
2630 1299 2916 1371 servitio
2968 1298 3207 1371 eccle-

523 1413 779 1500 ».siae,
821 1429 1038 1502 quam
1092 1429 1345 1482 novem
1400 1412 1780 1498 mensium,
1821 1409 2226 1500 adscriptiS,
2266 1409 2802 1501 postulantibus
2837 1428 2923 1482 ex
2962 1411 3203 1502 gratia

526 1547 563 1590 »
604 1524 1045 1595 vacationem
1101 1522 1312 1594 trium
1366 1522 1716 1593 mensium
1771 1519 1843 1592 S.
1877 1518 1951 1592 C.
1997 1539 2149 1594 meo
2187 1528 2506 1612 tempore
2541 1538 2822 1611 semper
2856 1520 3205 1593 abnuit.»

519 1631 999 1706 Nihilominus
1051 1639 1288 1706 autem
1341 1632 1531 1705 hanc
1565 1633 2020 1706 severitatem
2058 1632 2531 1724 subsequenti
2567 1638 2884 1723 tempore
2919 1638 3211 1723 tempe-

522 1753 748 1845 ratam
804 1745 1022 1819 fuisse
1085 1746 1438 1838 colligitur
1489 1764 1576 1817 ex
1629 1766 1715 1820 ea
1769 1747 2086 1835 ratione,
2145 1765 2362 1835 quam
2431 1752 2769 1837 promunt
2828 1764 3205 1818 sacrorum

521 1876 875 1931 canonum
931 1860 1396 1948 interpretes,
1471 1864 1543 1931 et
1594 1858 1859 1930 diserte
1910 1855 2182 1931 Bened.
2225 1854 2417 1929 XIV.
2479 1857 2763 1943 Quaest.
2805 1878 2973 1931 can.
3011 1858 3200 1932 293.

516 1965 591 2061 ξ.
631 1970 816 2041 Haec
877 1970 1263 2059 procedunt
1336 1969 1531 2061 apud
1584 1967 1657 2041 S.
1699 1966 1775 2040 C.
1827 1966 2039 2042 Cone.
2100 1972 2175 2042 in
2250 1971 2537 2044 Valven.
2582 1975 2777 2045 Serv.
2818 1972 3010 2044 chor.
3069 1972 3204 2044 24.

518 2076 696 2151 Nov.
747 2081 957 2152 1838.
998 2081 1073 2177 g.
1112 2081 1590 2154 Nihilominus
1609 2103 1642 2168 ,·
1707 2081 2039 2153 videlicet
2092 2081 2286 2171 quod
2344 2106 2381 2148 «ι
2413 2090 2520 2155 est
2571 2082 2752 2155 dura
2803 2082 3203 2155 residentia

527 2194 824 2265 »totius
875 2194 1096 2281 anni,
1152 2199 1574 2285 oportetque
1627 2193 1825 2265 iuxta
1879 2193 2336 2285 fragilitatem
2389 2194 2781 2282 humanam
2832 2195 3202 2288 indulgeri

531 2328 568 2372 ›
611 2305 884 2393 aliquid
938 2305 1028 2376 oh
1081 2307 1588 2378 recreationem
1644 2306 1864 2376 animi
1918 2310 1990 2377 et
2044 2308 2381 2397 corporis.
2420 2331 2459 2375 ›

659 2415 775 2486 14.
800 2413 890 2488 Et
919 2436 1129 2505 sane3
1162 2436 1288 2509 pro
1318 2419 2012 2490 circumstantiarum
2040 2435 2563 2508 causarumque
2583 2420 2929 2491 varietate
2957 2419 3200 2492 maius

517 2527 630 2597 vel
680 2528 917 2600 minus
968 2531 1420 2602 vacationum
1455 2531 1768 2622 spatium
1822 2527 1893 2599 S.
1936 2529 2008 2600 C.
2050 2526 2124 2600 C.
2169 2529 2556 2603 concedere
2594 2547 2738 2601 non
2776 2529 3065 2602 abnuit.
3112 2527 3203 2602 In

518 2638 850 2712 werden.
894 2642 964 2712 3.
999 2638 1205 2712 Mart.
1246 2643 1492 2730 1792„
1535 2644 1610 2715 in
1652 2642 1955 2736 Siqnina
1995 2645 2191 2716 Serv.
2233 2643 2423 2714 chor.
2472 2643 2587 2714 17.
2631 2641 2803 2715 Feb.
2851 2644 3071 2715 1838.
3126 2650 3200 2715 et

518 2750 641 2823 cit.
684 2748 980 2825 valven.
1027 2754 1222 2826 Serv.
1265 2755 1456 2826 chor.
1490 2755 1612 2825 24.
1645 2750 1827 2825 Nov.
1868 2755 2098 2827 eiusd.
2143 2755 2345 2840 anni,
2386 2773 2544 2826 cum
2581 2755 2797 2826 trium
2835 2755 3202 2825 mensium

516 2865 791 2935 vacatio
843 2864 1297 2956 expostulata
1350 2864 1640 2955 fuisset,
1696 2883 1899 2938 sacer
1949 2863 2139 2937 Ordo
2196 2866 2495 2957 gratiam
2547 2865 2889 2956 elargitus
2938 2872 3050 2937 est
3108 2866 3205 2938 ad

517 2975 696 3048 duos
733 2995 1012 3050 menses
1059 2983 1371 3051 tantum.
1420 2977 1821 3068 Aliquando
1857 2979 2077 3050 etiam
2110 2979 2449 3051 diurnum
2486 2977 2770 3049 chorale
2822 2970 3200 3049 servitium

425 3132 429 3137 ·
519 3088 614 3161 ad
650 3090 1069 3179 tertiariam,
1111 3108 1328 3180 quam
1384 3096 1669 3177 vocant,
1709 3090 2022 3180 reduxit,
2065 3094 2145 3161 ut
2198 3089 2524 3161 videlicet
2577 3088 2883 3178 quilibet
2933 3087 3192 3160 abesse

518 3201 768 3290 possit,
809 3202 1177 3273 servitium
1233 3202 1516 3273 chorale
1569 3201 1948 3275 absolvens
2001 3204 2209 3274 tertia
2270 3219 2557 3293 quaque
2592 3201 3082 3291 hebdomada,
3112 3208 3198 3274 ut

513 3311 590 3382 in
617 3313 1001 3385 Bituntina
1033 3313 1147 3384 15.
1170 3312 1365 3404 Sept.
1399 3314 1647 3403 177o.,
1679 3316 1755 3386 in
1778 3314 2151 3407 Euqubina
2183 3315 2378 3387 Serv.
2408 3314 2596 3385 chor.
2630 3315 2745 3385 13.
2774 3309 2933 3384 Ian.
2969 3314 3193 3385 1795.

516 3429 589 3494 et
631 3424 1080 3497 Conversana
1121 3428 1317 3500 Serv.
1359 3425 1550 3498 chor.
1593 3427 1714 3498 20.
1750 3423 2086 3498 Decemh.
2135 3427 2382 3515 1834„
2423 3425 2548 3497 uhi
2602 3426 2786 3497 aliae
2824 3424 3204 3497 adsimiles

518 3538 1012 3609 concessiones
1048 3538 1478 3611 reseruntur.
1539 3536 2079 3627 Nonnunquam
2121 3557 2285 3611 vero
2322 3538 2778 3619 mediariam,
2813 3554 2942 3608 seu
2979 3537 3205 3608 alter-

518 3648 843 3720 nativam
880 3648 1068 3721 idem
1104 3668 1304 3721 sacer
1332 3646 1523 3721 Ordo
1549 3651 1954 3740 impertitus
1983 3655 2119 3736 est,
2150 3651 2420 3723 scilicet
2449 3656 2529 3721 ut
2557 3650 2720 3740 quis
2748 3666 2894 3720 una
2920 3648 3207 3721 hebdo-

517 3757 731 3829 mada
782 3758 1074 3831 chorum
1113 3761 1353 3847 adeat,
1411 3762 1551 3832 alia
1602 3780 1768 3833 vero
1804 3779 1977 3851 non,
2018 3763 2238 3834 veluti
2274 3762 2352 3835 in
2388 3763 2743 3835 Lucerina
2778 3761 2937 3833 Res.
2985 3763 3192 3835 Serv.

519 3869 708 3942 chor.
749 3872 869 3942 22.
913 3869 1082 3943 Dec.
1130 3873 1376 3961 1838.,
1436 3879 1507 3945 et
1566 3874 1940 3949 Cathacen.
2007 3878 2079 3947 5.
2122 3873 2320 3966 Sept.
2368 3876 2582 3948 1699.
2640 3874 2867 3946 relata
2931 3875 3011 3945 in
3067 3874 3202 3946 Re-

517 3988 849 4054 canaten.
912 3981 1106 4055 Serv.
1159 3983 1349 4056 chor.
1408 3987 1480 4056 8.
1522 3980 1664 4057 Iul.
1712 3988 1926 4058 1786.
1982 3985 2056 4081 ἓ.
2107 3989 2569 4079 Tantumque.
2627 3982 2822 4066 Quae
2872 3985 3200 4076 profecto

523 4091 898 4166 Cathacen.
941 4113 1100 4167 cum
1138 4095 1498 4167 clausulas
1533 4097 1874 4171 exhibeat
1911 4099 2000 4170 de
2054 4117 2246 4170 more
2297 4099 2409 4171 his
2466 4097 2763 4170 indultis
2815 4097 3031 4168 adiici
3081 4114 3203 4167 so-

513 4201 705 4290 litaS,
761 4204 878 4277 hic
931 4206 1209 4298 integra
1246 4208 1701 4296 exscribitur,
1743 4216 1955 4300 prout
2006 4210 2376 4299 sequitur:
2439 4233 2477 4275 «ι
2509 4207 2800 4281 Attenta
2837 4209 3198 4280 tenuitate

517 4336 556 4379 »
594 4313 956 4389 redituum
1023 4320 1301 4390 censuit
1352 4337 1436 4391 ex
1495 4321 1720 4411 gratia
1781 4319 2301 4413 indulgendum
2356 4339 2548 4409 esse,
2612 4326 2824 4411 prout
2874 4319 3195 4411 benigne

517 4424 893 4500 »indulsit
946 4430 1286 4519 praefatis
1325 4432 1871 4521 capitularibus,
1930 4439 2009 4504 ut
2062 4438 2210 4504 toto
2264 4433 2436 4504 anni
2488 4439 2807 4523 tempore
2860 4450 2993 4524 per
3042 4448 3203 4502 me-

518 4558 557 4602 »
596 4536 885 4627 diarias,
927 4540 1112 4612 idest
1165 4559 1291 4631 per
1327 4541 1693 4614 dimidiam
1740 4561 1982 4615 eorum
2035 4551 2311 4634 partem
2365 4544 2662 4617 alternis
2713 4542 3199 4617 hebdomadis

519 4671 556 4716 ›
596 4643 882 4737 Missae,
939 4647 1316 4742 Matutino,
1372 4662 1442 4755 et
1494 4654 1828 4727 omnihus
1877 4652 2086 4728 Horis
2139 4656 2489 4729 iuteresse
2539 4655 2871 4744 valeant,
2928 4656 3026 4725 ita
3076 4658 3207 4723 ta-
