3497 5235
617 250 737 316 ¹50
1370 250 1742 311 Intrandum
1782 251 1837 310 Β.
1867 251 2051 327 Gongr.
2079 249 2229 310 ono.
2267 250 2540 326 apaan.

613 402 825 459 secus
873 401 1091 479 super
1136 383 1254 458 bis
1302 386 1679 478 contigerit
1722 387 2094 475 attentari,
2133 384 2415 460 irritum
2451 391 2525 458 et
2557 385 2777 457 inane
2811 383 3291 458 decernimus.

606 494 770 572 Non
821 496 1280 571 obstantibus
1338 496 1985 572 Constitutionibus
2054 505 2128 572 et
2197 495 2792 570 ordinationibus
2843 493 3296 588 Apostolici8‚

615 611 831 683 etiam
868 615 943 683 in
981 608 1438 701 generalibus
1473 607 1806 684 Conciliis
1840 610 2080 699 editiS‚
2123 628 2406 683 necnon
2432 607 2915 682 Cancellariae
2947 606 3306 700 Apostoli-

615 740 741 797 cae
791 723 1081 814 regulis,
1138 723 1429 795 statutis
1481 740 1770 814 quoque
1813 723 2032 795 etiam
2070 723 2351 810 iuratiS‚
2393 718 3039 795 consuetudinibus
3076 719 3300 791 etiam

616 832 1330 923 immemorabilibus,
1386 840 1607 924 atque
1656 833 1958 907 indultis
2009 835 2228 908 etiam
2280 831 2702 924 Apostolicis
2755 830 3305 923 quomodolibet

613 945 967 1019 hactenus
1002 945 1388 1034 concessis,
1422 946 1824 1036 ceterisque
1853 947 2228 1019 contrariis
2256 945 2863 1035 quibuscumque.
2897 943 3131 1035 Atque
3156 942 3301 1015 hae

612 1055 930 1131 Litterae
968 1053 1238 1129 Romae
1274 1054 1687 1148 publicatae
1739 1056 2039 1148 perinde
2090 1055 2499 1129 habeantur
2534 1073 2620 1128 ac
2653 1055 2715 1127 si
2748 1055 3141 1144 unicuique
3179 1071 3304 1125 eo-

616 1187 804 1259 rum,
834 1186 1014 1259 quos
1032 1175 1505 1257 concernunt,
1527 1168 2003 1259 personaliter
2031 1169 2405 1240 intimatae
2431 1173 2504 1240 et
2523 1166 2933 1239 notificatae
2953 1164 3294 1238 fuissent.

647 1309 652 1314 ·
759 1276 951 1352 Nulli
1003 1296 1171 1372 ergo
1221 1279 1595 1352 hominum
1647 1279 1861 1353 liceat
1910 1279 2102 1352 hanc
2153 1280 2491 1372 paginam
2534 1275 2954 1350 Nostrarum
2988 1272 3307 1350 Ordina-

613 1391 892 1467 tionum
943 1396 1015 1463 et
1065 1388 1667 1465 constitutionum
1721 1389 2155 1482 intringere,
2211 1408 2341 1463 seu
2393 1389 2626 1462 eidem
2681 1407 2862 1462 ausu
2914 1390 3302 1462 temerario

614 1501 996 1578 contraire.
1056 1499 1130 1573 Si
1182 1502 1346 1593 quis
1400 1509 1640 1577 autem
1705 1502 1843 1575 hoc
1894 1509 2252 1576 attentare
2305 1503 2907 1594 praesumpserit,
2966 1501 3305 1594 indigna-

614 1614 882 1687 tionem
934 1612 1446 1704 omnipotentis
1495 1611 1651 1703 Dei,
1692 1622 1764 1688 et
1816 1613 2193 1688 beatorum
2229 1611 2415 1686 Petri
2451 1620 2525 1686 et
2556 1611 2763 1686 Pauli
2802 1612 3300 1705 Apostolorum

619 1727 773 1800 eius
823 1743 900 1798 se
952 1725 1231 1799 noverit
1283 1725 1763 1800 incursurum.

767 1835 1026 1908 Datum
1061 1833 1333 1910 Romae
1384 1836 1581 1929 apud
1631 1837 1974 1911 Sanctum
2000 1836 2327 1927 Petrum,
2367 1855 2558 1910 anno
2595 1832 3127 1910 lucarnationis
3162 1834 3308 1909 Do-

622 1949 928 2022 minicae
989 1948 1365 2022 millesimo
1417 1950 2009 2041 octingentesimo
2059 1948 2543 2041 octuagesimo
2593 1948 2937 2038 secund0,
2995 1944 3117 2019 IV.
3179 1944 3296 2021 Id.

619 2055 841 2150 Iunii,
898 2055 1366 2133 Pontificatus
1418 2056 1653 2132 Nostri
1706 2078 1901 2132 anno
1952 2056 2037 2130 V.

769 2292 806 2337 α
844 2266 946 2340 11.
994 2269 1141 2359 An,
1199 2274 1273 2341 et
1321 2269 1602 2360 quoties
1651 2269 2044 2360 dioecesis,
2099 2268 2240 2343 sibi
2290 2270 2754 2359 commissae,
2809 2269 3304 2343 visitationem

625 2405 664 2451 ι
704 2381 1131 2474 expleverit.
1164 2405 1203 2451 ›

758 2580 1178 2646 Sunnmuu.
1222 2582 1326 2645 14.
1380 2579 1471 2644 Ne
1519 2576 1760 2644 zizania
1807 2596 1954 2644 cum
2005 2576 2173 2645 bono
2223 2576 2546 2645 frumento
2593 2594 2992 2644 succrescere
3021 2575 3301 2652 sinatur,

619 2699 828 2748 sacrae
861 2681 1237 2747 visitationis
1269 2683 1371 2746 lex
1407 2679 1666 2747 inducta
1701 2691 1821 2746 est.
1859 2682 2256 2747 Praeclarum
2293 2679 2731 2747 testimonium
2767 2676 3094 2745 Benedicti
3124 2680 3297 2743 XIV.

623 2783 706 2851 de
750 2803 947 2870 scopo
990 2802 1202 2850 sacrae
1247 2782 1645 2850 visitationis.
1682 2820 1726 2833 -
1779 2787 1883 2849 15.
1935 2783 2115 2860 Quod
2165 2781 2578 2848 consu-matur
2641 2780 2867 2867 synodi
2933 2779 3299 2846 Tridentini

622 2886 853 2953 verbis.
893 2923 936 2936 -
973 2890 1075 2952 16.
1130 2889 1196 2954 S.
1250 2886 1627 2951 visitationis
1674 2885 1933 2952 materia
1982 2886 2280 2951 latissime
2329 2897 2541 2970 patet:
2596 2883 2935 2971 peculiaria
2984 2881 3301 2967 quaedam

619 2988 864 3077 agenda
908 2989 1298 3074 seliguntur.
1340 3025 1382 3038 -
1435 2990 1539 3054 17.
1595 2991 1684 3053 De
1742 3008 1798 3053 s.
1848 2988 2226 3053 visitationis
2285 2986 2583 3053 utilitate.
2640 2985 2958 3052 Laudatur
3019 2983 3303 3069 Crispini

621 3099 928 3156 tractatus
974 3089 1057 3156 de
1115 3092 1237 3157 Vis.
1277 3092 1459 3156 Past.
1494 3124 1536 3137 -
1586 3093 1689 3156 18.
1742 3091 1856 3166 Qui
1910 3101 2199 3155 auctores
2258 3088 2340 3155 de
2409 3088 2528 3155 hoc
2583 3098 2961 3177 argumento
3009 3088 3297 3173 egerint,

624 3191 817 3258 tradit
861 3193 1153 3259 Barbosa.
1220 3191 1458 3271 Quibus
1518 3190 1851 3259 addendus
1900 3203 1994 3258 est
2042 3191 2435 3258 Gaudentius
2483 3211 2514 3255 a
2561 3193 2748 3256 Ianua
2798 3188 2880 3256 de
2924 3192 3305 3255 visitatione

623 3294 990 3360 Praelator.
1042 3293 1267 3361 itidem
1316 3294 1396 3361 de
1445 3297 1593 3361 Aste
1650 3295 2025 3359 Visitatione
2071 3295 2452 3379 Apostolica.
2489 3330 2531 3341 -
2581 3295 2687 3359 19.
2738 3291 3035 3381 Episcopi
3085 3290 3342 3358 cuius·‘

622 3414 904 3480 cumque
949 3394 1077 3461 sint
1123 3395 1380 3484 gradus,
1432 3394 1580 3461 huic
1630 3397 1755 3482 legi
1809 3396 2318 3485 obstringuntur.
2376 3398 2514 3462 Non
2564 3396 2978 3481 excipiuntur
3030 3394 3303 3482 praelati

623 3498 960 3565 inferiores
1010 3499 1233 3565 tertiae
1277 3498 1540 3585 speciei.
1592 3534 1635 3548 -
1682 3503 1789 3565 20.
1846 3503 2030 3565 Anno
2096 3498 2173 3565 ab
2236 3499 2521 3584 episcopi
2583 3498 2762 3565 obitu
2812 3499 3018 3584 elapso
3082 3507 3305 3585 potest

623 3600 895 3667 vicarius
942 3600 1303 3688 capitularis
1361 3622 1412 3666 s.
1468 3600 1894 3668 visitationem
1944 3619 2278 3687 peragere.
2319 3639 2361 3650 -
2404 3606 2510 3667 21.
2550 3604 2748 3679 Quem
2799 3602 2993 3667 ritum
3038 3620 3303 3667 servare

627 3701 882 3780 debeat,
935 3701 1125 3769 docet
1171 3706 1240 3771 S.
1278 3707 1354 3770 C.
1391 3705 1515 3770 Rit.
1554 3740 1596 3753 -
1629 3706 1739 3769 22.
1778 3707 1872 3768 An
1926 3723 2078 3769 vero
2127 3702 2299 3770 idem
2349 3703 2774 3770 visitationem
2825 3723 2903 3769 ex
2948 3714 3304 3791 praecepto

629 3805 808 3893 obire
861 3815 1173 3871 teneatur.
1226 3840 1268 3853 —
1315 3809 1424 3872 23.
1481 3803 1707 3871 vicarii
1760 3808 2090 3895 generales
2150 3809 2286 3871 sine
2345 3806 2602 3893 speciali
2655 3805 2936 3893 episcopi
3000 3807 3307 3872 mandato

626 3907 1059 3973 visitationem
1118 3907 1445 3993 suscipere
1505 3919 1863 3993 nequeunt.
1916 3944 1960 3956 -
2007 3913 2113 3974 24.
2171 3910 2374 3975 Hodie
2437 3909 2911 3994 metropolitani
2969 3906 3304 3975 dioeceses

627 4028 890 4076 suorum
937 4009 1491 4095 suffraganeorum
1540 4010 1798 4075 visitare
1845 4021 2217 4096 nequeunt,
2270 4014 2389 4076 nisi
2440 4030 2618 4077 causa
2678 4011 2744 4077 in
2797 4008 3087 4076 Concilio
3148 4027 3303 4095 pro-

628 4111 792 4178 bata.
827 4150 870 4161 -
901 4117 1007 4179 25.
1063 4113 1296 4180 Stricte
1347 4112 1673 4197 loquendo
1721 4131 1850 4178 non
1902 4126 2161 4179 tenetur
2208 4113 2559 4199 Episcopus
2605 4112 3087 4178 convisitatores
3131 4131 3305 4176 assu-

619 4212 831 4281 mere.
887 4216 1423 4282 Convisitatorum
1474 4216 1808 4301 qualitates
1840 4237 2147 4302 quaenam
2186 4237 2320 4282 esse
2355 4216 2652 4283 debeant.
2692 4253 2735 4264 -
2765 4219 2872 4282 26.
2916 4218 3106 4281 Casus
3154 4231 3303 4298 spe-

628 4316 799 4384 cialis
849 4319 913 4384 in
961 4323 1209 4386 Pisana
1248 4320 1428 4385 visit.
1483 4321 1591 4385 28.
1633 4322 1812 4385 Mart.
1855 4323 2045 4386 1839.
2085 4355 2127 4368 -
2161 4324 2270 4385 27.
2311 4321 2488 4385 Nulla
2539 4336 2745 4404 poena
2777 4319 2843 4384 in
2877 4327 3149 4383 externo
3181 4318 3303 4380 Ec·

627 4419 856 4485 clesiae
904 4419 1042 4486 foro
1086 4431 1316 4488 statuta
1365 4431 1462 4486 est
1509 4432 1724 4486 contra
1776 4422 2150 4508 Episcopus,
2205 4422 2311 4506 qui
2348 4422 2613 4508 singulis
2645 4420 2848 4497 anniS‚
2885 4420 2983 4484 vel
3020 4416 3307 4485 bienniis

626 4519 1060 4589 visitationem
1125 4543 1253 4589 non
1318 4523 1581 4590 obeunt.
1637 4524 1918 4591 Affertur
1966 4525 2390 4611 laudaturque
2454 4522 2797 4589 methodus
2852 4544 2888 4609 'a
2951 4526 3015 4590 S.
3073 4520 3307 4588 Carolo

625 4626 1016 4690 Borromaeo
1059 4634 1332 4701 servata,
1386 4638 1455 4692 ut
1504 4626 1712 4713 legem
1762 4627 2197 4693 Tridentinarn
2247 4638 2463 4714 posset
2506 4624 2883 4692 adamussim
2931 4625 3217 4711 explere.
3261 4658 3305 4670 ·
