3497 5235
1077 304 1198 380 th.
1222 305 1318 364 111.
1358 308 1431 366 Do
1471 307 1606 367 clero
1647 309 1921 367 nuculari.
1960 312 2012 384 g.
2042 308 2090 367 ὅ.
2797 298 2921 365 379

399 430 490 506 In
544 435 922 509 Pisauren.
985 439 1347 513 Camerar.
1389 443 1511 512 21.
1552 439 1730 515 Nov.
1780 444 1994 515 1761.
2036 442 2634 535 poenitentiarius
2669 456 2755 512 ex
2793 458 2926 511 an·

266 546 461 637 tiqua
496 545 953 621 observantia
988 553 1356 623 camerarii
1394 570 1654 626 munus
1688 553 1887 627 obire
1921 560 2389 628 consueverat
2424 571 2568 625 non
2604 570 2810 624 secus
2838 570 2922 624 ac

267 658 381 730 alii
434 659 802 730 canonici:
859 661 1156 753 insuper
1206 665 1648 754 experientia
1700 671 2139 758 compertum
2176 665 2445 749 iuerat,
2487 670 2637 737 tum
2677 662 2924 755 poeni-

267 769 676 843 tentiarium
729 770 919 843 illius
969 774 1333 865 tempori5‚
1381 780 1532 847 tum
1583 776 1903 849 eiusdem
1955 775 2363 849 decessores
2414 775 2922 848 camerariatus

270 899 482 954 onera
528 879 896 954 absolvere
921 884 1265 973 potuisse,
1306 886 1482 974 quin
1518 904 1838 977 unquam
1875 888 1948 958 in
1986 887 2320 960 navanda
2356 885 2922 960 confessionibus

269 990 706 1083 excipiendis
756 1010 972 1085 opera
1023 994 1367 1068 defecisse
1418 996 1845 1091 deprehensi
1882 1005 2170 1071 essent.
2235 994 2575 1080 Quocirca
2636 996 2925 1069 tametsi

267 1103 632 1177 decretum
669 1102 760 1175 ab
796 1099 1146 1197 Episcopo
1182 1106 1403 1180 latum
1429 1106 1708 1198 fuisset,
1740 1127 1884 1199 quo
1912 1109 2510 1201 poenitentiarius
2544 1106 2926 1180 vetabatur

265 1214 424 1307 eligi
481 1214 556 1286 in
610 1217 1103 1306 camerarium,
1160 1218 1251 1289 ad
1304 1217 1709 1291 dubium:‹
1751 1220 1860 1291 An
1909 1222 2297 1293 canonicus
2330 1218 2925 1312 poenitentiarius

269 1348 304 1396 ›
341 1345 384 1397 a
436 1321 765 1415 Capitulo
816 1326 981 1418 eligi
1032 1330 1256 1420 possit
1307 1330 1399 1403 ad
1434 1329 1743 1404 officium
1798 1332 2165 1405 camerarii
2213 1331 2290 1403 in
2342 1326 2543 1404 casui.l
2584 1353 2622 1400 »
2675 1327 2929 1402 rescri-

263 1443 465 1528 ptum
521 1444 655 1510 est:
716 1458 754 1502 ι
795 1436 1256 1513 Affirmative.
1295 1464 1333 1511 »

406 1548 585 1621 209.
640 1545 921 1621 Nemini
959 1552 1280 1644 ignotum
1333 1559 1466 1642 est,
1508 1572 1733 1646 penes
1783 1554 1992 1646 plura
2041 1551 2366 1646 Capitula
2402 1555 2550 1626 sive
2590 1572 2676 1626 ex
2713 1550 2931 1643 privi-

266 1660 496 1753 legio,
555 1660 703 1733 sive
755 1680 843 1733 ex
893 1668 1207 1753 statum,
1265 1665 1414 1737 sive
1475 1682 1563 1737 ex
1625 1666 2144 1739 consuetudine
2199 1666 2377 1738 illud
2429 1665 2793 1751 obtinere,
2850 1667 2932 1733 ut

269 1772 594 1845 canonici
644 1772 1095 1863 praebendas
1155 1776 1381 1867 magis
1440 1777 1757 1868 opimas,
1815 1779 2401 1868 quotiescumque
2470 1775 2924 1861 vacaverint,

266 1883 569 1975 optandi
606 1884 756 1956 iure
791 1885 1183 1975 potiantur.
1225 1882 1480 1977 Itaque
1516 1906 1658 1959 non
1695 1889 2120 1962 inconcinne
2158 1889 2406 1980 quaeri
2442 1892 2712 1979 potest,
2754 1883 2930 1975 quid

266 1996 443 2069 iuris
495 1996 620 2084 sit,
679 1995 969 2086 quando
1020 2006 1276 2088 agatur
1308 1998 1397 2070 de
1453 1999 1777 2097 theologo
1828 1999 1939 2073 vel
1994 2001 2569 2092 poenitentiario,
2627 2013 2929 2087 quorum

262 2106 722 2199 praebendae
758 2110 955 2179 iuxta
989 2110 1428 2182 sanctionem
1466 2107 1676 2182 Conc.
1719 2107 1909 2183 Trid.
1968 2116 2038 2183 et
2073 2110 2368 2184 Constit.
2411 2108 2680 2183 Bened.
2720 2103 2927 2180 XIII.

264 2217 676 2290 Pastoralis
710 2217 914 2310 officii
950 2218 1024 2290 in
1078 2236 1320 2291 eorum
1371 2219 1583 2300 officii
1636 2239 1845 2293 usum
1900 2229 2244 2314 perpetuo
2295 2222 2728 2295 constitutae
2785 2236 2943 2292 esse

264 2328 566 2403 debent.
607 2325 695 2400 In
730 2330 977 2421 primis
1010 2330 1476 2404 statuendum
1513 2338 1648 2421 est,
1681 2351 1766 2405 ea
1795 2334 1977 2422 iura,
2011 2351 2199 2423 quae
2228 2351 2354 2424 pro
2381 2331 2823 2425 poenItentia
2841 2331 2949 2402 rio

261 2441 555 2529 valent,
596 2441 846 2513 eadem
883 2459 1010 2532 pro
1050 2441 1373 2534 theologo
1407 2442 1689 2532 valere,
1738 2462 1822 2516 ac
1856 2446 2240 2516 viceversa.
2300 2441 2407 2540 (S.
2449 2442 2672 2536 Cong.
2714 2441 2930 2514 Conc.

254 2554 338 2627 in
382 2552 760 2628 vicentina
811 2550 1137 2645 Optionis
1188 2555 1308 2627 31.
1354 2552 1511 2626 Ian.
1559 2555 1773 2628 1852.
1813 2554 1889 2652 ἓ.
1932 2557 2254 2640 Prima„
2289 2556 2659 2630 Bellunen.
2704 2554 2936 2626 Erect.

258 2663 528 2740 Praeb.
569 2663 786 2738 Poen.
827 2667 947 2737 23.
991 2667 1157 2757 Apr.
1205 2668 1417 2740 1864.
1456 2665 1530 2763 g.
1572 2669 1688 2740 Ius
1722 2664 1972 2754 enim).
2014 2668 2336 2742 Subinde
2371 2688 2532 2743 cum
2584 2687 2670 2740 ex
2718 2665 2932 2738 Conc.

262 2775 463 2852 Trid.
523 2786 596 2852 et
631 2776 929 2851 Constit.
976 2801 1014 2844 ‹
1056 2779 1453 2851 Pastoralis
1496 2804 1533 2846 ›
1572 2779 2016 2872 praebenda,
2060 2799 2245 2871 quae
2278 2781 2505 2872 prima
2545 2776 2928 2864 vacaverit,

259 2910 398 2983 pro
437 2896 743 2980 utroque
779 2890 1010 2962 officio
1043 2889 1473 2963 destinanda
1509 2893 1628 2980 sit,
1668 2898 1838 2963 ante
1863 2891 2101 2963 omnia
2139 2890 2643 2980 inquirendum
2671 2893 2806 2976 est,
2838 2903 2934 2956 an

254 3004 343 3076 id
394 3003 631 3076 locum
683 3000 977 3091 habeat,
1035 3002 1634 3093 quandocumque
1684 3001 2126 3093 praebenda,
2185 3020 2369 3094 quae
2423 3002 2649 3094 primo
2692 3002 2929 3085 vacat,

252 3114 583 3206 optionis
636 3114 772 3186 iuri
822 3112 1130 3185 obnoxia
1183 3115 1301 3185 sit.
1362 3110 1514 3185 Iam
1566 3131 1730 3185 vero
1782 3131 2005 3205 penes
2057 3115 2379 3187 doctores
2428 3131 2513 3184 ea
2566 3109 2933 3184 distinctio

250 3225 608 3313 invaluit,
663 3231 743 3296 ut
795 3227 1034 3297 vincat
1086 3225 1195 3296 ius
1245 3226 1580 3316 optioniS‚
1637 3224 1696 3297 si
1733 3233 2045 3319 tempore
2080 3225 2474 3296 vacationis
2518 3219 2932 3314 praebenda

245 3354 398 3430 per
431 3332 769 3426 Episcopi
806 3334 1166 3408 decretum
1203 3335 1279 3407 in
1314 3336 1907 3426 poenitentiariae
1945 3338 2055 3408 vel
2092 3334 2513 3427 theologalis
2549 3351 2758 3406 usum
2794 3331 2937 3404 for-

246 3450 486 3521 miter
535 3446 894 3520 destinata
947 3464 1089 3519 non
1142 3446 1382 3536 fuerit3
1438 3464 1643 3520 secus
1695 3454 1934 3521 autem
1969 3449 2029 3520 si
2067 3449 2273 3521 aliter
2326 3446 2608 3521 accidit.
2667 3443 2936 3517 Consu-

243 3562 468 3635 latur
517 3558 971 3633 doctissimus
1020 3556 1230 3632 Petra
1269 3559 1360 3631 ad
1405 3560 1699 3633 Constit.
1745 3560 1840 3632 ΙΙ.
1883 3560 2125 3632 Innoc.
2180 3559 2293 3632 VI.
2334 3578 2409 3630 η.
2448 3559 2573 3631 24.
2616 3563 2781 3630 tom.
2823 3554 2938 3636 ⁴„

243 3695 301 3748 a
364 3691 517 3764 quo
570 3672 689 3744 alii
743 3672 983 3762 plures
1033 3670 1228 3743 haud
1280 3673 1481 3762 parvi
1534 3673 1843 3744 nominis
1895 3672 2216 3746 doctores
2268 3671 2717 3762 allegantur,
2773 3684 2940 3739 nec·

240 3803 418 3860 non
476 3781 548 3855 S.
593 3781 666 3855 C.
708 3781 785 3855 C.
826 3784 899 3853 in
953 3783 1169 3856 citata
1221 3783 1587 3855 Bellunen.
1644 3782 1719 3879 ἓ.
1778 3783 2115 3875 Equidem
2169 3790 2240 3855 et
2289 3780 2362 3877 ἓ.
2421 3783 2512 3856 At
2561 3784 2793 3854 iuxta.

420 3892 660 3967 Semel
695 3900 932 3966 autem
968 3893 1372 3966 huiusmodi
1410 3902 1697 3985 peracta
1732 3896 2253 3986 destinatione‚‘
2277 3897 2572 3990 propius
2607 3895 2698 3967 ad
2734 3911 2943 3985 prae-

231 4010 606 4085 stitutam
642 4005 1130 4095 quaestionem
1167 4007 1400 4094 venio,
1444 4026 1534 4077 an
1563 4009 2155 4098 poenitentiarius
2192 4009 2300 4079 vel
2340 4008 2706 4100 theologus
2733 4024 2944 4098 prae-

223 4118 559 4197 bendas
608 4117 1015 4208 pinguiores
1066 4117 1362 4208 optandi
1415 4118 1570 4191 iure
1616 4119 1961 4210 polleant.
2019 4117 2233 4192 Porro
2285 4120 2420 4192 hac
2456 4121 2527 4191 in
2565 4138 2640 4192 re
2686 4120 2940 4191 iterum

225 4229 864 4324 distinguendum
903 4236 1037 4319 est,
1078 4249 1172 4301 an
1208 4230 1395 4302 idem
1425 4232 1812 4304 canonicus
1841 4231 2292 4321 praebendae
2325 4231 2606 4303 titulum
2635 4231 2944 4304 retinere

220 4347 478 4434 velit,
535 4361 629 4415 an
682 4343 915 4434 ipsum
968 4360 1113 4412 una
1158 4360 1316 4414 cum
1351 4359 1480 4415 suo
1518 4359 1809 4414 munere
1844 4341 2180 4415 dimittat.
2224 4339 2295 4413 Si
2334 4342 2671 4433 primum,
2725 4360 2946 4433 nega-

215 4463 422 4537 tiva
460 4453 831 4545 responsio
867 4460 1060 4526 certa
1095 4459 1167 4526 et
1201 4453 1608 4527 indubitata
1645 4460 1794 4541 est;
1849 4470 2013 4524 nam
2051 4460 2334 4544 praeter
2370 4453 2732 4527 doctorum
2780 4471 2948 4526 sen-

209 4566 579 4650 tentiam
634 4582 779 4637 non
829 4581 1103 4658 paucae
1156 4569 1308 4638 tum·
1361 4570 1661 4654 vetereS,
1700 4570 1852 4637 tum
1890 4566 2317 4637 recentiores
2368 4561 2441 4637 S.
2483 4563 2559 4637 C.
2591 4563 2667 4638 C.
2708 4564 2948 4640 decla-

205 4682 596 4764 rationes
629 4678 707 4751 in
742 4684 1076 4770 promptu
1111 4685 1308 4768 sunt,
1349 4694 1536 4770 quae
1572 4676 1858 4766 utrique
1885 4678 2226 4752 canonico
2260 4679 2558 4771 optandi
2595 4680 2708 4751 ius
2741 4695 2950 4770 aper-
