3497 5235
1061 244 1181 319 Gap.
1207 246 1302 304 111.
1341 247 1413 303 Do
1454 244 1587 301 eluro
1628 245 1898 303 saecului.
1942 248 1994 320 ἓ.
2022 246 2096 302 11.
2793 246 2910 309 463

248 405 282 447 ι
322 379 681 470 plicarunt
737 379 811 450 in
866 378 1091 466 lestiS,
1146 381 1219 450 in
1273 379 1537 470 quibus
1591 381 1980 452 secundani
2034 378 2319 452 Missam
2374 380 2736 454 celebrare
2789 383 2913 454 de-

252 517 288 558 »
326 490 653 562 buissent
706 492 923 562 etiam
977 510 1104 581 pro
1158 492 1418 582 populo
1473 492 1768 562 alterius
1820 494 2220 582 paroeciae.

388 599 700 693 »Igitur
766 602 1224 692 supradictus
1292 599 1688 694 Episcopus
1757 603 2086 693 implorat
2156 605 2605 678 sanationem
2665 614 2736 679 et
2789 605 2917 677 ab·

250 739 286 780 »
326 714 753 786 solutionem
808 715 994 786 circa
1060 711 1312 785 Missas
1382 732 1527 786 non
1598 714 1995 787 celebratas
2046 734 2173 808 pro
2225 716 2487 809 populo
2554 717 2915 790 secundae

245 852 281 893 »
320 827 695 917 paroeciae
750 825 1007 898 diebus
1053 824 1253 897 festis
1306 827 1736 917 suppressiS‚
1796 832 1866 897 et
1921 844 2105 915 quae
2157 828 2234 903 in
2285 828 2737 900 hebdomada
2789 847 2918 919 ap-

248 963 282 1003 »
323 939 571 1028 plicari
626 936 1071 1010 debuissent.
1113 934 1509 1027 Episcopus
1549 934 1629 1006 V.
1687 938 1819 1007 has
1872 938 2249 1027 petitiones
2311 947 2551 1030 sperat
2601 940 2915 1030 benigne

247 1074 283 1117 ›
322 1050 808 1141 excipiendaS‚
867 1049 1221 1138 siquidem
1276 1049 1492 1121 iidem
1556 1048 1830 1120 favores
1900 1050 1972 1120 in
2041 1050 2293 1133 iisdem
2363 1052 2914 1123 circumstantiis

248 1186 284 1227 »
321 1159 826 1233 catalaunensi
884 1157 1235 1251 Episcopo
1288 1161 1403 1231 die
1453 1162 1526 1231 9.
1571 1156 1733 1230 Maii
1793 1162 2008 1232 1874.
2051 1163 2364 1233 concessi
2420 1161 2734 1234 suerunt.

390 1298 427 1339 »
471 1272 543 1343 S.
586 1270 659 1343 C.
701 1270 775 1343 C.
830 1272 946 1343 die
999 1274 1119 1343 27.
1180 1270 1546 1343 Februarii
1607 1273 1821 1343 1875.
1880 1292 2096 1344 causa
2150 1273 2432 1363 cognita
2484 1274 2914 1365 respondere

249 1409 283 1449 ›
323 1385 647 1475 putavit:
686 1422 735 1436 -
772 1381 992 1455 Detur
1028 1401 1453 1474 responsum
1494 1390 1572 1454 ut
1611 1385 1679 1455 in
1718 1381 2186 1456 Catalaunen.
2221 1385 2364 1456 diei
2389 1386 2461 1456 9.
2496 1381 2661 1456 Maii
2695 1386 2909 1457 1874.

248 1519 284 1560 ν
322 1494 517 1584 quod
553 1495 655 1566 sic
705 1512 859 1566 sese
909 1493 1176 1566 habet:
1233 1491 1479 1575 Quoad
1518 1495 2042 1568 absolutionem
2094 1501 2229 1567 etc.
2274 1496 2430 1569 vide
2465 1516 2683 1587 supra
2718 1519 2792 1569 n.
2835 1496 2905 1569 7.

247 1631 283 1674 ›
322 1601 530 1697 (Acta
582 1608 656 1679 S.
698 1604 902 1677 Sedis
952 1607 1093 1678 vol.
1137 1602 1271 1675 111.
1315 1626 1479 1698 pag.
1527 1604 1760 1701 701.).

388 1721 463 1789 9.
510 1744 547 1786 »
594 1719 905 1791 Antistes
955 1717 1028 1791 C.
1094 1718 1399 1810 supplici
1479 1717 1720 1791 libello
1800 1718 2040 1791 oblato
2116 1719 2230 1791 die
2312 1720 2427 1791 13.
2495 1716 2915 1793 Novembris

251 1856 287 1898 ›
325 1831 495 1901 anni
557 1831 770 1902 1880.
814 1832 885 1902 S.
946 1828 1020 1900 C.
1079 1828 1151 1902 C.
1212 1831 1585 1921 exposuit,
1644 1832 1717 1903 in
1773 1832 2087 1904 ecclesiis
2154 1832 2687 1923 parochialibus
2740 1852 2914 1906 suae

254 1967 290 2008 »
329 1942 673 2014 dioecesis
725 1941 986 2013 diebus
1039 1942 1236 2014 festis
1290 1962 1329 2012 a
1384 1942 1690 2032 parocho
1761 1943 1872 2013 vel
1935 1944 2474 2033 vice-paroch0‚
2532 1945 2643 2016 vel
2697 1945 2914 2017 etiam

254 2080 289 2120 ›
330 2054 421 2125 ab
476 2054 614 2124 alio
668 2054 1033 2127 sacerdote
1086 2049 1373 2125 Missam
1428 2053 1906 2145 parochialem
1960 2063 2451 2146 nuncupatam
2504 2056 2916 2127 solemniter

255 2190 292 2233 ›
335 2184 495 2237 cum
551 2171 766 2235 cantu
822 2164 1168 2237 celebrari
1221 2172 1291 2237 et
1345 2166 1531 2236 inter
1580 2162 1958 2237 Missarum
2010 2166 2355 2238 solemnia
2419 2169 2572 2239 fieri
2626 2186 2914 2257 quoque

252 2298 289 2343 ›
328 2272 449 2347 SS.
493 2273 862 2366 Evangelii
919 2276 1524 2365 explanationem.
1574 2274 1853 2348 Fideles
1921 2295 2127 2368 porro
2182 2278 2474 2350 firmiter
2525 2286 2911 2369 putantes,

256 2389 525 2459 »illam
579 2406 861 2479 semper
913 2407 1039 2479 pro
1097 2390 1267 2479 ipsis
1321 2388 1709 2479 applicari,
1767 2391 1858 2461 ad
1910 2408 2068 2461 eam
2122 2390 2553 2461 audiendam
2607 2390 2916 2463 libenter

251 2525 289 2566 ι»
330 2501 746 2589 confluunt;
805 2506 880 2571 at
933 2518 1058 2592 pro
1111 2500 1374 2591 populo
1427 2502 1830 2592 applicatur
1882 2503 2170 2574 nonnisi
2224 2502 2393 2573 dum
2462 2502 2656 2573 illam
2712 2521 2921 2595 paro-

251 2636 288 2678 «
328 2612 507 2684 chus
559 2613 783 2700 canit,
825 2613 949 2702 qui
1001 2611 1326 2702 pluribus
1379 2613 1737 2685 distentus
1789 2615 1977 2687 curis
2015 2613 2425 2704 frequenter
2477 2614 2749 2705 cogitur
2784 2614 2920 2686 hu-

248 2725 633 2796 »jusmodi
716 2743 980 2796 munus
1058 2726 1262 2797 alteri
1315 2724 1663 2796 sacerdoti
1740 2726 2202 2797 demandare.
2269 2724 2454 2797 Hinc
2521 2723 2916 2816 Episcopus

248 2860 285 2902 ι»
325 2845 585 2926 optans
639 2836 890 2908 fideles
930 2838 1003 2907 in
1042 2836 1176 2907 hac
1228 2855 1524 2909 erronea
1562 2838 2027 2928 persuasione
2065 2838 2332 2909 diutius
2368 2837 2563 2907 haud
2616 2837 2914 2924 versari,

248 2972 286 3016 ›
329 2966 417 3019 ac
468 2949 679 3018 simul
734 2949 1147 3037 advertenS,
1189 2947 1411 3039 quod,
1453 2951 1512 3020 si
1564 2949 1637 3020 id
1674 2954 2205 3040 pernoscerent,
2248 2965 2454 3037 aegre
2509 2946 2801 3035 ferrent,
2846 2953 2918 3019 et

251 3086 287 3127 ›
329 3079 479 3130 non
532 3060 838 3150 amplius
891 3067 1037 3132 tam
1107 3060 1483 3152 diligenter
1553 3059 1646 3131 ad
1697 3059 1893 3130 illam
1965 3045 2246 3130 Missam
2311 3058 2747 3130 audiendam
2801 3076 2919 3129 ac-

251 3195 289 3237 »
332 3171 696 3258 cederent,
738 3174 778 3241 a
832 3168 903 3240 S.
946 3169 1020 3240 C.
1062 3169 1137 3242 C.
1181 3172 1507 3261 quaerit:

264 3273 269 3278 ’
398 3278 462 3352 Ι.
506 3307 544 3351 »
586 3280 837 3354 Utrum
873 3284 1234 3375 praedicta
1290 3302 1549 3375 urgens
1588 3283 2028 3353 consuetudo
2065 3282 2156 3352 sit
2190 3281 2525 3354 habenda
2572 3287 2921 3371 tanquam

250 3419 287 3460 ι»
328 3413 550 3466 causa
605 3397 947 3467 canonica
1000 3395 1405 3483 sufficienS,
1464 3401 1544 3466 ut
1594 3393 1948 3484 parochus
2001 3393 2123 3464 alii
2185 3393 2581 3465 committat
2632 3389 2921 3463 Missam

250 3531 289 3574 ν
331 3526 461 3598 pro
513 3508 775 3599 populo
829 3509 980 3579 loco
1036 3509 1260 3598 ipsius
1313 3499 1861 3579 celebrandam?

403 3614 504 3688 11.
550 3643 587 3685 ν
629 3616 861 3690 Posito
918 3619 1109 3708 quod
1161 3638 1304 3691 non
1357 3620 1450 3690 sit
1501 3638 1717 3690 causa
1769 3618 2168 3706 sufficienS,
2221 3624 2299 3690 ut
2352 3638 2478 3710 pro
2534 3619 2759 3709 gratia
2813 3618 2923 3688 ni-

251 3756 289 3801 »
328 3732 722 3803 hilominus
773 3732 1205 3804 concedatur
1250 3732 1578 3804 facultas.
1621 3730 1692 3804 S.
1737 3729 1810 3804 C.
1855 3729 1928 3802 C.
1975 3731 2107 3803 sub
2147 3732 2261 3803 die
2312 3732 2386 3802 9.
2431 3729 2652 3821 April.
2701 3728 2916 3799 1881.

247 3868 286 3911 »
330 3845 747 3936 respondit:
811 3843 912 3914 Ad
964 3839 1024 3913 Ι.
1066 3841 1433 3934 Negative.
1475 3842 1583 3915 Ad
1635 3839 1735 3913 ΙΙ.
1776 3840 1934 3915 Non
1988 3844 2348 3934 expedire.
2408 3839 2615 3938 (Acta
2670 3843 2742 3914 S.
2798 3838 2924 3913 Se-

249 3980 289 4023 »
332 3957 450 4029 dis
501 3957 638 4026 vol.
679 3952 873 4026 XIV.
916 3975 1079 4048 pag.
1122 3955 1324 4051 332).
1386 3982 1424 4023 ι»

1052 4168 1191 4220 Art.
1228 4167 1336 4220 IV.
1375 4167 1467 4221 De
1504 4167 1810 4221 facultate
1849 4167 2124 4220 binandi.

387 4341 813 4404 Summarum.
870 4337 1023 4400 378.
1076 4338 1331 4398 Praeter
1379 4332 1547 4398 diem
1596 4331 1950 4398 Nativitatis
1997 4334 2068 4395 D.
2109 4333 2182 4396 N.
2223 4334 2268 4396 I.
2311 4333 2380 4397 C.
2435 4348 2565 4397 non
2623 4330 2772 4396 licet
2828 4329 2927 4397 his

244 4441 315 4506 in
365 4440 475 4506 die
530 4437 772 4502 Missam
822 4438 1168 4502 celebrare.
1222 4436 1611 4521 Quandoque
1658 4445 1869 4499 tamen
1919 4433 1982 4499 id
2030 4435 2366 4499 necessitas
2414 4433 2654 4521 exigit3
2691 4453 2927 4519 nempe

240 4562 399 4609 cum
453 4561 617 4606 unus
666 4542 993 4626 parochus⁸
1027 4540 1267 4606 duabus
1316 4539 1625 4626 parochiis
1669 4548 1952 4623 praeest,
1991 4537 2090 4601 vel
2127 4556 2272 4603 cum
2305 4536 2668 4624 parochiani
2706 4535 2929 4602 eadem

236 4648 410 4715 hora
462 4665 682 4713 omnes
741 4646 931 4712 simul
999 4644 1348 4711 convenire
1406 4652 1776 4728 nequeunt,
1830 4651 1895 4707 et
1941 4640 2151 4706 nullus
2197 4640 2355 4707 alius
2401 4638 2559 4706 adsit
2605 4639 2922 4707 sacerdos.
