3497 5235
1069 324 1189 400 οη.
1215 324 1312 381 111.
1353 324 1427 382 Do
1466 326 1601 385 clero
1642 325 1914 385 nasedai.
1956 326 2010 401 ἓ.
2039 326 2090 386 8.
2804 318 2922 382 409

247 454 741 543 dictitabatur,
798 461 1017 529 noctu
1069 455 1254 529 clam
1306 458 1381 528 in
1435 459 1588 530 eius
1616 458 1907 533 domum
1944 460 2261 551 ingressa
2300 464 2483 545 erat,
2522 464 2594 529 et
2630 456 2919 529 nonnisi

244 585 537 659 vespere
564 566 1038 657 subsequenti
1070 571 1364 642 mutatis
1394 570 1712 643 vestibus
1739 570 2001 643 exinde
2029 574 2382 642 evaserat.
2427 566 2533 641 Re
2562 569 2636 639 in
2664 567 2918 658 vulgus

247 678 494 752 dissita
548 684 623 752 et
674 679 766 751 ad
816 675 1247 772 Episcopum
1301 682 1567 771 delata,
1625 681 1996 772 inquisitio
2048 702 2088 752 a
2142 682 2337 752 curia
2387 680 2773 771 episcopali
2807 679 2919 751 in-

244 792 494 862 stituta
549 796 661 862 est
712 790 1037 863 adinstar
1087 791 1444 866 iudicialis
1498 812 1899 887 processus.
1959 790 2255 865 Actibus
2309 791 2402 863 ad
2456 794 2727 865 exitum
2761 809 2922 882 per-

245 901 480 973 ductis
507 920 638 993 per
670 902 1104 973 sententiam
1141 903 1258 977 die
1285 906 1357 977 2.
1392 903 1795 996 Septembr.
1837 906 2051 976 1845.
2094 901 2495 996 Episcopus
2527 903 2919 994 parochum

246 1011 338 1083 ab
388 1013 624 1085 officio
677 1013 1066 1104 parochiali
1120 1033 1247 1107 per
1298 1017 1477 1088 duos
1533 1034 1816 1090 menses
1886 1015 2265 1109 suspendit
2317 1033 2401 1087 ea
2454 1014 2656 1105 lege,
2710 1020 2790 1087 ut
2842 1014 2921 1084 in

244 1124 576 1216 religiosa
612 1125 821 1197 domo
873 1126 1274 1216 spiritualia
1318 1129 1655 1200 exercitia
1693 1133 2096 1221 perageret.
2139 1122 2242 1197 Eo
2278 1124 2562 1197 interim
2597 1133 2916 1215 tempore

243 1232 641 1328 Episcopus
675 1239 829 1310 eius
882 1240 1072 1311 vitae
1124 1241 1472 1312 rationem
1526 1240 1925 1332 invigilavit
1980 1240 2072 1311 ad
2126 1257 2287 1311 eum
2333 1238 2577 1326 tinem,
2617 1244 2697 1310 ut
2733 1237 2919 1308 iudi-

242 1366 401 1420 care
458 1356 724 1438 posset,
766 1368 861 1421 an
898 1349 1159 1442 dignus
1185 1351 1299 1423 vel
1336 1351 1675 1442 indignus
1710 1358 1928 1439 esset,
1961 1358 2043 1423 ut
2077 1351 2168 1422 ad
2206 1349 2561 1442 pastorale
2595 1351 2918 1441 regimen

239 1461 765 1533 restitueretur.
823 1458 1147 1534 Recursu
1186 1463 1277 1535 ad
1326 1461 1695 1534 Summum
1750 1460 2166 1535 Pontificem
2207 1463 2649 1553 interposito,
2692 1462 2767 1532 in
2803 1479 2917 1533 co-

239 1572 462 1644 mitiis
499 1574 953 1665 generalibus
978 1575 1462 1648 consultatum
1491 1582 1645 1647 est:
1692 1598 1730 1639 ‹
1767 1577 1869 1647 An
1901 1581 1973 1648 et
2008 1573 2361 1665 quomodo
2397 1572 2916 1664 providendum

242 1706 279 1750 ι»
319 1690 514 1756 esset
566 1686 642 1756 in
695 1680 916 1759 casu?
951 1710 989 1755 >
1042 1683 1489 1778 Quapropter
1556 1687 1806 1759 eadem
1861 1683 1934 1757 S.
1980 1683 2444 1777 Congregatio
2497 1685 2612 1756 die
2665 1687 2736 1756 3.
2794 1681 2918 1757 Se-

236 1794 552 1886 ptembr.
599 1797 810 1868 1847.
870 1800 1273 1888 rescripsit:
1334 1796 1730 1869 ‹Dandam
1801 1816 1955 1870 esse
2027 1798 2314 1887 plenam
2386 1797 2914 1869 exsecutionem
3006 1856 3014 1863 .

238 1927 276 1976 ›
315 1908 724 1979 sententiae
777 1908 918 1981 diei
973 1912 1044 1981 3.
1087 1906 1525 2000 Septembris
1584 1910 1799 1982 1845.
1837 1934 1874 1978 a>

386 2018 560 2090 269.
618 2017 819 2101 Quod
870 2021 931 2092 si
986 2021 1163 2093 forte
1216 2028 1545 2114 ageretur
1600 2021 1690 2093 de
1742 2020 2165 2092 criminibus
2200 2019 2521 2107 occultis,
2562 2037 2747 2109 quae
2782 2037 2915 2110 pa-

232 2128 453 2201 rocho
501 2131 1037 2220 adscribuntur,
1079 2139 1229 2205 tum
1267 2139 1500 2224 potest
1545 2131 1945 2226 Episcopus
1980 2131 2308 2204 eumdem
2347 2132 2785 2222 suspendere
2824 2148 2912 2202 ex

233 2241 475 2311 causis
511 2241 645 2313 sibi
679 2244 896 2324 notis,
931 2251 997 2316 et
1032 2263 1119 2315 ex
1152 2245 1548 2336 informata
1581 2245 2015 2317 conscientia
2050 2244 2248 2315 iuxta
2283 2263 2441 2334 cap.
2474 2242 2541 2316 1.
2579 2245 2760 2316 Sess.
2785 2240 2905 2315 14.

238 2350 330 2422 de
366 2351 890 2437 Reformatione
934 2350 1072 2450 (1).
1131 2352 1273 2428 Eas
1323 2373 1490 2427 vero
1540 2374 1797 2427 causas
1849 2353 2246 2446 Episcopus
2298 2374 2417 2427 reo
2453 2354 2911 2426 manifestare

228 2480 386 2535 non
435 2471 751 2554 tenetur,
808 2470 1059 2557 utique
1110 2487 1275 2540 vero
1327 2466 1492 2540 Sedi
1550 2467 2020 2561 Apostolicae,
2056 2470 2114 2540 si
2157 2487 2324 2540 reus
2374 2468 2527 2561 ipse
2580 2466 2671 2538 ad
2721 2466 2914 2538 hanc

228 2592 606 2648 recursum
658 2578 1021 2653 obtulerit.
1080 2575 1258 2652 Vide
1308 2577 1577 2654 Bened.
1621 2576 1812 2651 XIV.
1871 2580 1955 2653 de
2010 2581 2270 2672 Synod.
2313 2579 2530 2653 dioec.
2576 2578 2696 2651 lib.
2740 2576 2904 2651 XII.

227 2707 396 2778 cap.
440 2687 513 2760 8.
553 2686 627 2783 ἓ.
667 2689 739 2762 3.
782 2699 849 2764 et
881 2689 954 2787 ἓ.
989 2690 1100 2774 4.,
1153 2691 1277 2763 ubi
1328 2692 1464 2765 hoc
1499 2699 1999 2784 argumentum
2038 2691 2441 2765 doctissime
2480 2691 2903 2784 explicatur.

225 2795 385 2872 Res
436 2803 663 2893 magis
714 2803 1090 2895 perspicua
1127 2803 1253 2876 fiet
1289 2822 1373 2875 ex
1412 2803 1895 2877 declaratione
1932 2801 2005 2874 S.
2038 2803 2113 2877 C.
2157 2806 2232 2875 in
2267 2805 2648 2877 Lucionen.
2691 2800 2902 2892 Susp.

226 2917 303 2984 et
360 2912 484 2982 irr.
526 2913 596 2983 8.
640 2912 860 3004 April.
921 2915 1132 2986 1848.
1195 2913 1554 2987 Parochus
1620 2915 1976 3003 titularis,
2053 2916 2357 3005 ideoque
2426 2912 2909 2986 inamovibilis

225 3023 431 3094 illius
484 3023 831 3098 dioecesis
881 3028 1074 3118 apud
1125 3024 1556 3119 Episcopum
1610 3029 2019 3119 nuperrime
2076 3028 2167 3100 ad
2221 3027 2711 3120 episcopatum
2747 3040 2910 3096 eve-

224 3140 432 3206 ctum
486 3134 575 3207 de
626 3136 953 3228 pluribus
1005 3138 1623 3210 criminationibus
1694 3139 2167 3212 denuntiatus
2235 3138 2511 3224 fuerat3
2568 3136 2694 3226 qui
2744 3153 2908 3226 pro-

222 3246 433 3334 inde,
489 3256 835 3320 secretam
892 3250 965 3321 in
1017 3269 1180 3322 eum
1232 3249 1448 3322 ordiri
1505 3250 2042 3339 inquisitionem
2081 3251 2314 3336 iussit,
2350 3267 2435 3320 ex
2472 3266 2613 3339 qua
2652 3249 2907 3339 ingens

219 3359 583 3431 scelerum
638 3361 1003 3452 congeries
1056 3364 1370 3434 emersit.
1429 3359 1670 3434 Testes
1721 3364 1954 3433 vocati
2008 3379 2253 3434 omnes
2318 3360 2463 3433 fere
2514 3359 2647 3431 viri
2700 3363 2905 3431 erant

219 3471 426 3542 omni
485 3473 832 3561 gravitate
886 3480 957 3544 et
1008 3474 1275 3564 pietate
1328 3474 1808 3564 spectabileS,
1867 3491 1998 3545 nec
2058 3473 2288 3562 tales,
2347 3471 2609 3563 quibus
2661 3470 2906 3561 aliqua

218 3582 388 3654 dari
445 3590 687 3671 posset
742 3586 1093 3675 exceptiO,
1151 3592 1369 3675 atque
1424 3587 1601 3658 adeo
1652 3584 2001 3674 obsequio
2043 3585 2366 3657 veritatis
2419 3590 2489 3656 et
2543 3582 2904 3674 religionis

220 3694 723 3765 testimonium
773 3695 1277 3787 perhibebant.
1336 3693 1595 3769 Multas
1631 3694 2027 3787 Episcopus
2081 3696 2387 3789 parocho
2437 3693 2906 3785 benignitatis

218 3804 758 3888 declarationes
811 3807 1164 3894 exhibuit,
1222 3826 1408 3897 quae
1459 3828 1618 3881 cum
1672 3826 1923 3881 omnes
1974 3826 2254 3898 semper
2296 3810 2367 3879 in
2422 3808 2699 3879 irritum
2753 3823 2906 3877 ces-

215 3918 527 4004 sissent,
564 3917 810 3988 ultimo
840 3918 1132 3990 tandem
1165 3919 1316 3990 loco
1341 3921 1891 4009 suspensionem
1927 3938 2013 3992 ex
2051 3920 2429 3992 informata
2468 3916 2904 3990 conscientia

214 4029 470 4102 eidem
527 4029 846 4120 infligere
900 4047 1041 4101 non
1096 4030 1451 4103 dubitavit
1506 4037 1656 4103 tum
1710 4051 1752 4102 a
1805 4031 2195 4122 parochiali
2267 4047 2598 4119 munere,
2655 4034 2806 4100 tum
2858 4046 2904 4099 a

209 4136 490 4212 Missae
544 4139 1048 4212 celebratione.

369 4251 547 4322 270.
612 4251 711 4322 ΑΙ)
765 4251 899 4322 hoc
950 4252 1236 4325 decreto
1288 4253 1479 4345 apud
1533 4251 2155 4343 Metropolitanum
2193 4251 2547 4344 parochus
2582 4251 2904 4345 appella-

204 4365 350 4451 vit,
411 4368 483 4433 et
538 4363 823 4434 interim
877 4381 954 4435 se
1004 4365 1367 4437 celebrare
1420 4383 1627 4456 posse
1679 4364 2073 4436 arbitratus
2119 4371 2251 4455 est.
2315 4362 2903 4455 Metropolitanus

205 4474 674 4566 Suffraganei
725 4476 1156 4548 sententiam
1212 4495 1341 4549 nec
1408 4476 1831 4564 infirmavit,
1889 4495 2022 4548 nec
2072 4475 2525 4564 reformavit,
2584 4481 2906 4548 tantum·

357 4722 442 4796 (1)
485 4724 564 4774 De
601 4724 702 4776 hae
741 4725 1106 4790 suspensione
1147 4723 1276 4776 vide
1317 4726 1473 4776 Acta
1515 4724 1573 4775 S.
1609 4723 1804 4785 Sedis,
1850 4724 1958 4778 vol.
1991 4726 2143 4778 xlv.
2188 4740 2314 4790 pag.
2345 4724 2468 4778 529.
