3497 5235
1012 324 1131 404 0⁸1».
1156 326 1254 387 111.
1294 325 1367 386 Do
1405 324 1540 387 olore
1580 324 1848 387 menbri-
1892 327 1945 403 ἓ.
1974 326 2024 388 Β.
2732 322 2848 388 423

340 460 511 535 300.
554 486 595 531 ›
631 457 734 534 De
770 460 1113 534 distantia
1167 480 1329 534 vero
1364 481 1508 535 non
1560 461 1972 555 ambigitur,
2025 461 2214 555 quod
2252 482 2463 536 causa
2518 462 2853 536 dismem-

209 596 244 643 ›
276 573 621 647 brationis
673 592 823 647 esse
876 576 1121 666 possit.
1168 573 1250 647 At
1304 576 1695 664 quaeritur,
1758 593 2112 665 quaenam
2165 575 2342 647 haec
2388 594 2541 648 esse
2596 576 2843 667 possit.

208 684 426 769 »Qua
479 688 550 758 in
602 705 675 759 re
728 688 1054 777 quamvis
1122 685 1361 758 Abbas
1432 688 1696 777 aliique
1774 689 2059 760 nimiam
2131 689 2507 760 videantur
2571 690 2849 779 exigere

211 824 244 867 »
279 799 721 887 distantiam,
764 805 1108 888 attamen,
1153 804 1231 871 ut
1266 800 1560 872 adnotat
1617 798 1996 891 Fagnanus
2053 800 2182 872 loc.
2227 801 2346 873 cit.
2390 821 2465 871 n.
2514 801 2668 883 18..
2710 820 2855 872 ma-

210 938 243 981 »
281 931 417 1005 gna
473 913 955 1004 longinquitas
1008 930 1148 984 non
1205 914 1611 1002 requiritur,
1651 914 1778 985 sed
1831 913 2056 986 solum
2116 914 2300 1002 talis,
2354 919 2433 985 ut
2484 915 2853 1005 parocbia·

208 1049 242 1095 »
281 1027 390 1097 nis
440 1025 595 1097 sine
647 1043 901 1116 magno
955 1025 1395 1096 incommodo
1461 1042 1605 1096 non
1661 1031 1902 1115 pateat
1972 1043 2297 1097 accessus
2348 1026 2442 1096 ad
2514 1027 2851 1099 maiorem

207 1161 241 1207 ι
276 1137 670 1210 ecclesiam.
712 1132 866 1206 Van
918 1134 1154 1227 Espen
1198 1138 1309 1208 Ius
1349 1139 1559 1210 Pant.
1607 1137 1738 1209 Un.
1789 1157 1865 1228 p.
1912 1136 2005 1208 II.
2041 1138 2151 1208 tit.
2197 1136 2313 1210 16.
2355 1136 2439 1210 de
2484 1137 2638 1210 aed.
2681 1138 2846 1211 eccl.

210 1278 243 1321 »
277 1271 351 1323 n.
397 1250 516 1324 14.
559 1269 716 1323 cum
754 1247 933 1322 Rota
977 1252 1140 1322 Dec.
1174 1250 1344 1324 485.
1378 1271 1453 1321 n.
1484 1250 1561 1322 2.
1592 1247 1665 1345 ἓ.
1709 1249 1779 1323 1.
1817 1252 2014 1332 Rec„
2044 1250 2166 1321 ubi
2206 1250 2623 1339 advertitur,
2661 1251 2851 1342 quod

207 1388 241 1434 ι
274 1383 433 1439 cum
487 1364 639 1436 iure
689 1368 1032 1436 statutum
1090 1380 1230 1434 non
1285 1364 1403 1448 sit,
1446 1371 1716 1454 quanta
1773 1362 2033 1435 debeat
2087 1380 2241 1434 esse
2294 1362 2699 1436 huiusmodi
2749 1364 2858 1437 di·

210 1502 241 1544 »
277 1476 542 1549 stantia
578 1475 669 1548 ad
707 1475 865 1565 boc,
907 1481 986 1547 ut
1019 1473 1350 1575 dicantur
1385 1475 1795 1566 parochiani
1839 1493 1976 1546 non
2016 1492 2222 1565 posse
2258 1476 2412 1548 sine
2449 1493 2709 1568 magno
2745 1476 2856 1547 in·-

210 1615 243 1658 »
279 1587 643 1662 commodo
678 1589 766 1659 ad
805 1587 1173 1661 ecclesiam
1227 1588 1589 1675 accedere,
1630 1587 1701 1658 id
1741 1585 1997 1659 iudicis
2044 1585 2336 1659 arbitrio
2388 1587 2847 1678 relinquitur.

210 1727 243 1770 »
278 1697 600 1773 Ceterum
656 1717 866 1791 grave
918 1699 1436 1772 incommodum
1493 1718 1575 1771 eo
1630 1698 1878 1770 fortius
1914 1700 2328 1784 clarescere,
2381 1718 2525 1790 quo
2578 1701 2852 1781 viarum

210 1836 247 1881 ν
281 1812 629 1903 asperitas
664 1810 982 1899 accedat,
1041 1813 1342 1883 maxime
1380 1812 1454 1882 in
1490 1812 1746 1898 hieme,
1791 1811 2164 1899 imbribus,
2221 1811 2330 1884 vel
2383 1812 2671 1886 nivibus
2725 1815 2856 1886 im·

212 1949 245 1992 »
283 1922 790 2015 pendentibus,
830 1942 974 1994 non
1028 1923 1425 1995 dubitatur.
1466 1920 1842 1995 Gonzalez.
1894 1923 1986 1995 ad
2045 1924 2212 2017 Cap.
2262 1922 2359 1996 Ad
2414 1926 2855 1999 audientiam

212 2061 247 2106 ›
283 2056 357 2109 η.
382 2035 497 2120 A„
526 2033 745 2128 Fagn.
772 2037 902 2109 loc.
929 2036 1050 2108 cit.
1085 2054 1159 2106 n.
1190 2034 1260 2108 1.
1284 2042 1349 2108 et
1374 2035 1480 2124 2.,
1511 2034 1744 2108 Piton.
1774 2037 1927 2108 Dis.
1953 2038 2118 2109 eccl.
2148 2036 2313 2111 160.
2347 2057 2422 2109 n.
2446 2037 2563 2113 10.
2588 2044 2652 2112 et
2682 2039 2850 2113 11.»

347 2151 518 2223 301.
548 2147 713 2223 Post
750 2149 928 2222 baec
956 2149 1027 2220 in
1058 2148 1307 2222 eodem
1348 2149 1509 2221 lolio
1548 2149 1620 2221 in
1660 2150 1966 2222 medinm
2006 2149 2463 2240 proferuntur
2498 2152 2851 2242 exempla,

208 2262 468 2352 quibus
515 2259 588 2335 S.
629 2258 846 2354 Cong.
903 2261 1603 2334 dismembrationem
1663 2263 2024 2352 impertita
2077 2267 2230 2348 est3
2286 2267 2361 2334 at
2412 2261 2579 2334 dein
2634 2263 2857 2335 subii·

209 2377 411 2463 citur,
467 2374 751 2465 saepius
786 2373 1109 2445 eamdem
1147 2372 1570 2465 denegassc;
1613 2381 1692 2446 ut
1726 2374 1886 2446 aliis
1921 2374 2010 2445 ad
2049 2392 2193 2445 rem
2233 2375 2475 2447 relatis
2512 2378 2857 2469 exemplis

208 2488 627 2561 ostenditur.
679 2482 862 2558 Hinc
899 2484 1368 2572 concluditur,
1410 2487 1900 2574 quaestionem
1943 2486 2177 2577 potius
2214 2486 2380 2558 lacti
2419 2505 2600 2577 esse,
2642 2507 2857 2579 qnam

210 2602 384 2674 iuris
434 2601 745 2674 adducta
816 2600 1238 2674 anctoritate
1308 2596 1513 2673 Card.
1571 2601 1659 2674 dc
1711 2597 1950 2692 Luca,
2009 2601 2212 2675 cuius
2278 2601 2673 2677 doctrinam
2728 2623 2856 2679 nos

209 2717 420 2791 etiam
473 2732 686 2806 supra
740 2713 1229 2806 allegavimus.

349 2828 519 2900 302.
556 2825 1057 2900 Difficultatem
1092 2846 1605 2919 saepenumero
1639 2827 1875 2900 hocin
1908 2846 2136 2902 rerum
2179 2845 2432 2919 genere
2468 2829 2858 2903 ostendunt

205 2938 533 3032 Episcopi
588 2957 672 3010 ex
725 2945 926 3029 parte
979 2946 1329 3011 rectorum
1382 2946 1453 3012 et
1489 2946 1987 3031 patronorum,
2030 2941 2317 3031 quando
2354 2940 2684 3031 parocbia
2725 2941 2858 3014 iuri

203 3057 628 3143 patronatus
677 3049 977 3136 subest3
1034 3051 1233 3140 atqui
1297 3053 1577 3123 tametsi
1633 3053 1921 3140 utrique
1974 3070 2203 3141 aeque
2257 3071 2339 3123 ac
2390 3069 2637 3124 omnes
2687 3053 2853 3142 alii,

205 3181 508 3253 quorum
561 3163 884 3249 interest,
942 3160 1255 3234 debeant
1304 3163 1530 3253 rogari
1589 3162 1990 3252 audirique,
2048 3168 2256 3252 prout
2307 3180 2437 3254 par
2480 3172 2614 3251 cst,
2672 3171 2859 3237 atta-

199 3294 400 3364 men,
440 3276 497 3347 si
536 3291 777 3347 eorum
817 3274 1181 3345 dissensus
1234 3274 1522 3345 minime
1560 3274 1788 3345 iustus
1840 3292 1923 3345 ac
1976 3273 2421 3346 rationabilis
2457 3276 2859 3366 depreben-

196 3388 439 3474 datur,
501 3405 645 3459 non
717 3386 977 3458 idcirco
1026 3403 1273 3456 eorum
1341 3386 1690 3476 oppositio
1762 3387 2159 3456 animarum
2214 3385 2401 3458 bono
2467 3388 2855 3480 divinoque

199 3500 421 3575 cultui
478 3497 1229 3590 praeferatur,·roluti
1282 3515 1369 3569 ex
1432 3496 1740 3568 millenis
1802 3494 1874 3569 S.
1917 3496 1990 3571 C.
2033 3494 2243 3571 Cone.
2307 3500 2858 3575 resolutionibus

197 3611 463 3704 passim
520 3610 877 3681 elucescit.
934 3605 1025 3679 Et
1077 3626 1220 3679 non
1287 3608 1675 3694 immerit03
1751 3625 1918 3677 nam
1988 3605 2197 3680 Cone.
2256 3605 2445 3680 Trid.
2510 3613 2689 3683 8335.
2728 3610 2852 3684 21.

198 3741 358 3814 cap.
394 3720 467 3792 4.
499 3720 582 3792 de
612 3720 917 3810 Rsform.
961 3721 1223 3792 diserte
1275 3721 1470 3807 sinit,
1513 3727 1591 3791 ut
1630 3719 2007 3810 parochiae
2060 3720 2334 3792 noviter
2369 3721 2539 3812 erigi
2590 3729 2859 3810 quanin

201 3835 451 3922 etiam,
488 3832 800 3904 «invitis
835 3832 1302 3904 rectoribus».
1335 3829 1808 3904 Confirmatur
1836 3832 2159 3927 exemplo
2186 3833 2255 3903 in
2286 3832 2583 3906 Januen.
2618 3833 2849 3907 Erecc.

185 3945 492 4040 paroch.
549 3943 669 4015 24.
730 3943 908 4036 Aug.
971 3945 1184 4016 1867.

347 4057 520 4129 303.
579 4052 881 4147 Insuper
930 4063 1008 4130 ut
1061 4056 1251 4128 omni
1307 4076 1391 4131 ex
1443 4064 1645 4152 parte
1696 4059 2072 4132 universae
2125 4058 2224 4131 rei
2278 4056 2681 4130 consultum
2733 4057 2851 4147 sit,

194 4171 381 4242 illud
437 4168 529 4240 ab
582 4164 709 4260 Epi
719 4170 949 4260 scopis
993 4141 1451 4241 efficiendum
1505 4175 1637 4255 est,
1697 4176 1776 4242 ut
1828 4189 2137 4261 congrua
2194 4170 2322 4242 dos
2376 4177 2517 4241 tam
2570 4187 2696 4261 pro
2737 4187 2860 4259 pa·

186 4283 460 4366 rochis,
498 4299 713 4370 quam
749 4282 1091 4354 ecclesiae
1133 4281 1556 4371 parochialis
1594 4282 1891 4354 tuitione
1928 4285 2021 4353 sit
2059 4282 2129 4353 in
2160 4289 2518 4374 promptu,
2544 4300 2625 4352 ac
2657 4300 2858 4372 prae-

185 4397 446 4469 sertim
487 4412 608 4487 pro
644 4394 866 4466 sacris
898 4391 1467 4485 supellectilibus
1501 4399 1572 4464 et
1609 4394 1960 4483 lampadis
1989 4394 2330 4466 alimento
2366 4400 2533 4465 ante
2560 4390 2853 4466 SSibum

185 4504 691 4580 Eucharistiae
743 4507 1308 4594 Sacramentum,
1366 4505 1585 4577 veluti
1639 4504 1710 4576 S.
1754 4502 1827 4578 C.
1869 4502 2078 4577 Conc.
2122 4524 2451 4597 expresse
2487 4506 2856 4596 requisivit

186 4620 268 4690 in
326 4619 751 4692 Milevitana
803 4616 1224 4691 Dismembr.
1283 4618 1353 4689 4.
1395 4613 1570 4689 Feb.
1618 4616 1866 4707 1843„
1932 4618 2371 4691 Cavnerinen.
2432 4615 2852 4691 Dismembr.

189 4730 271 4804 2.
314 4727 727 4803 Decembris
776 4730 1096 4805 eiusdem
1147 4732 1347 4823 anni,
1387 4731 1681 4804 Lucana
1714 4730 1995 4825 A÷siqn.
2039 4749 2280 4824 conqr.
2322 4731 2392 4804 7.
2433 4728 2599 4804 Mai.
2636 4732 2849 4807 1852.
