3497 5235
497 273 611 335 156
1232 271 1600 330 Iutmtionin
1641 272 1692 329 8.
1723 271 1906 344 Gongr.
1934 269 2081 328 Οοιο.
2123 269 2395 344 expositio.

635 408 757 479 25.
816 405 1143 498 Synodus
1193 403 1602 480 Tridentina
1656 408 2047 497 praecipit,
2103 413 2184 479 ut
2236 404 2605 479 Praesules
2657 422 2859 478 sacra
2909 401 3156 475 visita-

487 520 680 591 tione
734 518 1112 591 dioecesim
1165 537 1292 611 per
1343 520 1612 609 seipsos
1664 520 2128 609 perlustrent,
2168 523 2267 606 et,
2306 523 2519 608 prout
2564 516 2774 588 modo
2810 515 3149 602 diximus,

489 631 549 703 si
604 630 918 722 legitime
970 632 1291 722 impediti
1346 631 1637 719 fuerint,
1696 636 2125 722 potestatem
2175 629 2405 702 eidem
2443 620 2638 718 tacit,
2681 634 2761 700 ut
2795 646 3008 718 opera
3047 626 3153 699 uti

491 742 768 832 possint
821 739 1079 814 vicarii
1130 739 1495 815 Generalis
1545 743 1630 815 et'
1673 739 2158 814 visitatorum.
2216 738 2492 824 Quibus
2542 759 2631 813 ex
2683 739 2917 812 verbis
2953 738 3167 811 lucu-f

413 871 416 874 ¹
492 852 887 925 lentissime
941 860 1165 945 patet,
1223 853 1507 925 eosdem
1569 852 1935 926 Antistites
1988 871 2076 925 ex
2128 854 2358 944 rigore
2410 853 2584 926 iuris
2635 871 2781 924 non
2816 851 3043 924 teneri
3080 850 3158 921 in

492 963 895 1037 visitatione
948 964 1086 1036 sibi
1122 965 1514 1038 adsciscere
1552 963 1993 1053 visitatores,
2035 964 2418 1037 dummodo
2457 965 2590 1055 ipsi
2625 981 2834 1055 pares
2885 963 3028 1036 sint
3065 960 3163 1034 ad

495 1076 734 1174 omnia
771 1083 841 1148 et
876 1076 1159 1168 singula
1197 1077 1623 1148 visitationis
1660 1094 1957 1148 munera
1993 1075 2432 1147 absolvenda
2462 1078 2660 1148 iuxta
2688 1075 3155 1162 sententiam,

497 1204 712 1276 quam
743 1205 1187 1260 communem
1215 1205 1369 1260 esse
1397 1195 1700 1261 testatur
1726 1186 2038 1259 Ferraris
2072 1188 2289 1260 verbo
2329 1188 2631 1261 Visitare
2659 1190 2874 1259 n.87.
2900 1193 2969 1259 et
2996 1204 3155 1276 seq.

493 1294 828 1371 Attamen
881 1300 1167 1370 nonnisi
1218 1319 1377 1371 raro
1431 1300 1806 1391 contingit,
1863 1306 1943 1373 ut
1996 1295 2392 1390 Episcopus
2446 1296 2905 1372 visitatorum
2942 1308 3162 1389 opera

496 1428 639 1482 non
691 1410 1037 1502 indigeat,
1095 1412 1683 1501 quotiescumque
1736 1411 1871 1483 hoc
1918 1428 2201 1483 sacrum
2253 1411 2387 1483 iter
2437 1411 2919 1502 aggrediatur.
2975 1406 3164 1492 Quin

498 1522 717 1593 etiam
768 1540 1012 1594 eorum
1048 1522 1294 1596 auxilii
1333 1526 1724 1597 necessitas
1763 1543 1846 1596 eo
1885 1523 2107 1594 maior
2142 1528 2277 1610 est,
2318 1540 2460 1611 quo
2497 1522 2755 1594 limites
2790 1521 3162 1607 dioecesiS,

498 1639 579 1704 ut
630 1634 1052 1725 plerumque
1105 1635 1406 1724 accidit,
1465 1636 1680 1707 latius
1731 1641 2011 1725 patent.
2072 1630 2351 1706 Debent
2400 1641 2641 1706 autem
2694 1634 2786 1706 ad
2836 1634 2972 1705 hoc
3041 1649 3173 1703 ne-

504 1746 773 1838 gotium
808 1747 1074 1817 assumi
1113 1747 1239 1817 viri
1276 1766 1436 1819 cum
1463 1746 1839 1818 honestate
1875 1763 2151 1817 morum
2186 1742 2642 1834 spectabiles,
2685 1751 2835 1817 tum
2863 1743 3167 1816 scientia

499 1873 734 1930 rerum
786 1875 1149 1930 sacrarum
1201 1860 1465 1947 ornati,
1522 1865 1592 1929 et
1644 1877 1777 1929 usu
1832 1876 1915 1928 ac
1963 1858 2397 1948 experientia
2444 1855 2887 1946 negotiorum
2922 1854 3163 1946 periti.

502 1964 810 2059 Insuper
862 1964 932 2038 S.
975 1965 1192 2060 Cong.
1254 1970 1518 2059 passim
1556 1970 1629 2040 in
1669 1969 1892 2040 literis
1946 1968 2033 2040 ad
2089 1965 2602 2060 Episcoporum
2646 1967 3025 2040 relationes
3061 1985 3174 2040 re-

506 2080 690 2151 mitti
743 2079 971 2151 solitis
1023 2079 1422 2170 perscribit,
1484 2088 1561 2152 ut
1622 2081 1751 2151 viri
1802 2079 2284 2170 probatissimi
2338 2098 2377 2151 e
2431 2087 2635 2153 coetu
2689 2079 3173 2152 ecclesiastico

505 2190 890 2282 eligantur.
948 2187 1100 2262 Imo
1151 2191 1224 2262 hi
1279 2199 1576 2282 possunt
1629 2210 1783 2264 esse
1835 2210 1874 2263 e
1926 2198 2131 2263 coetu
2189 2191 2528 2282 regulari,
2584 2192 2644 2264 si
2696 2189 3172 2282 qualitatibus

508 2302 926 2373 necessariis
994 2301 1262 2392 pollere
1323 2303 1839 2394 dignoscantur
1891 2298 2146 2397 (Crisp.
2217 2303 2359 2375 Vis.
2403 2304 2607 2376 Past.
2664 2300 2741 2374 P.
2800 2300 2861 2374 I.
2918 2299 2992 2395 g.
3052 2303 3170 2373 17.

508 2430 708 2483 num.
753 2414 872 2484 47.
914 2420 985 2487 et
1019 2409 1239 2510 seq.).
1297 2412 1388 2486 Hi
1443 2415 1866 2506 presbyteri,
1924 2421 2050 2486 aut
2098 2415 2356 2487 saltem
2392 2414 2675 2488 diaconi
2710 2433 2866 2487 esse
2901 2413 3176 2490 debent

512 2542 602 2596 ex
652 2531 853 2598 textu
888 2523 1059 2617 Cap.
1102 2526 1482 2619 Episcopus
1524 2528 1640 2596 11.
1682 2523 1890 2598 Caus.
1928 2527 2045 2598 10.
2089 2544 2275 2616 quae
2316 2529 2383 2597 1.
2423 2525 2703 2598 Ferrar.
2747 2527 2798 2597 l.
2831 2546 2893 2599 c.
2937 2544 3011 2596 n.
3050 2526 3169 2597 18.

660 2637 782 2707 26.
840 2634 1052 2710 Haud
1103 2640 1380 2711 alienus
1416 2640 1610 2710 locus
1643 2637 1762 2709 hic
1797 2657 1952 2710 esse
2004 2639 2286 2711 videtur
2332 2638 2685 2710 referendi
2723 2657 3012 2711 causam
3049 2638 3180 2711 Ρὶ-

511 2768 760 2821 sanen.
815 2749 1014 2821 Visit.
1056 2752 1176 2823 28.
1211 2748 1418 2822 Mart.
1458 2752 1670 2823 1835.
1730 2746 1817 2822 In
1873 2750 2417 2842 metropolitana
2454 2748 2710 2822 Pisana
2746 2750 3045 2822 ecclesia
3082 2748 3174 2819 ab

516 2861 1012 2951 antiquissimo
1065 2869 1380 2953 tempore
1433 2862 1873 2934 consuetudo
1925 2862 2350 2950 invaluerat,
2396 2868 2472 2934 ut
2506 2862 2660 2934 bini
2697 2861 3020 2934 canonici
3076 2861 3182 2932 al-

518 2974 742 3047 ternis
794 2973 1071 3045 vicibus
1121 2970 1554 3064 Episcopum
1603 2975 1676 3045 in
1730 2994 1789 3045 s.
1835 2974 2238 3047 visitatione
2280 2974 2589 3064 gerenda
2634 2976 3178 3061 comitarentur,

517 3105 823 3176 eamque
877 3105 1037 3159 cum
1091 3104 1173 3159 eo
1225 3087 1436 3158 simul
1489 3086 1968 3159 absolverent.
2026 3084 2201 3157 Cum
2253 3085 2842 3176 Archiepiscopus
2878 3091 3186 3173 utroque

515 3198 788 3270 lumine
822 3203 1076 3288 captus
1113 3199 1593 3270 visitationem
1638 3217 1767 3290 per
1800 3215 1877 3268 se
1912 3197 2107 3270 obire
2140 3216 2288 3269 non
2322 3204 2589 3288 posset,
2630 3198 2954 3287 adeoque
2989 3214 3190 3268 eam-

513 3312 677 3384 dem
731 3329 858 3401 per
911 3313 1096 3383 viros
1148 3332 1189 3383 a
1242 3331 1319 3385 se
1374 3313 1763 3405 deputatos
1808 3311 2003 3383 obire
2056 3320 2452 3402 cogeretur,
2502 3310 2907 3401 Capitulum
2941 3308 3190 3380 existi-

517 3424 764 3511 mavit,
821 3422 958 3521 sibi
1013 3441 1168 3495 esse
1221 3424 1331 3494 ius
1365 3424 1498 3496 hoo
1537 3425 1753 3496 etiam
1790 3424 1862 3494 in
1901 3442 2069 3496 casu
2107 3423 2286 3494 duos
2322 3424 2703 3494 canonicos
2740 3419 3189 3493 adsciscendi

515 3534 688 3605 viris
742 3534 833 3605 ab
893 3532 1436 3625 Archiepiscopo
1489 3534 1950 3625 deputandis.
2010 3532 2316 3625 Insuper
2350 3532 2755 3625 Capitulum
2794 3533 2865 3605 id
2900 3532 3037 3603 sibi
3077 3550 3195 3602 ar-

514 3643 840 3735 rogabat,
886 3649 961 3716 ut
1000 3647 1381 3719 canonicos
1415 3647 1568 3717 sine
1606 3646 2064 3736 praecedenti
2109 3646 2628 3737 Archiepiscopi
2667 3645 3189 3738 approbatione

517 3756 608 3827 ad
663 3757 840 3828 illud
897 3777 1156 3829 munus
1209 3758 1524 3849 eligeret,
1585 3758 1868 3830 tametsi
1924 3776 2049 3849 per
2099 3755 2311 3830 Conc.
2369 3755 2561 3831 Trid.
2623 3759 2809 3830 SesS.
2842 3757 2962 3829 24.
3007 3775 3071 3828 c.
3107 3758 3182 3827 3.

519 3868 603 3940 de
656 3869 810 3958 Res.
868 3869 1128 3942 diserte
1182 3876 1542 3941 statuatur
1607 3891 1644 3932 «
1685 3875 1766 3940 ut
1817 3866 2233 3941 visitatores
2286 3889 2327 3939 a
2379 3866 2704 3960 Capitulo
2756 3866 3185 3959 deputandi,

524 4004 561 4046 ι»
604 3979 727 4051 ubi
782 3979 1177 4072 capitulum
1246 3980 1355 4051 ius
1424 3981 1764 4052 visitandi
1816 3979 2075 4068 habet,
2136 3981 2331 4070 prius
2385 3980 2476 4051 ab
2531 3977 2878 4072 Episcopo
2934 3997 3198 4069 appro-

525 4116 562 4157 »
603 4089 892 4163 bentur.
929 4116 965 4158 ν
1009 4088 1329 4180 Denique
1368 4110 1527 4162 cum
1566 4092 1888 4162 canonici
1944 4093 2017 4161 in
2069 4110 2130 4161 s.
2172 4091 2577 4163 visitatione
2613 4090 2947 4163 obeunda
2984 4107 3198 4162 occu-

523 4204 674 4291 pati
724 4203 1115 4294 capitulare
1168 4203 1689 4292 quodammodo
1744 4204 2103 4293 negotium
2167 4209 2621 4293 peragerent,
2674 4221 2810 4273 usu
2863 4200 3203 4273 obtinue-

523 4321 661 4401 rat,
689 4321 801 4386 Ιιιιι
850 4314 1391 4387 distributiones
1447 4315 1728 4386 interim
1785 4315 2278 4407 perciperent,
2336 4320 2405 4385 et
2457 4311 2529 4384 S.
2572 4311 2648 4383 C.
2707 4330 2833 4402 per
2882 4311 3200 4403 speciale

525 4421 976 4529 Rescriptum
1047 4428 1117 4497 3.
1177 4424 1542 4517 Septemb.
1609 4427 1854 4515 1832,
1911 4428 2208 4498 attentis
2261 4426 2815 4496 circumstantiis
2877 4425 2953 4496 in
3006 4422 3200 4495 facto

524 4537 1104 4625 occurrentibus,
1162 4540 1525 4611 canonicis
1586 4538 1916 4610 eumdem
1987 4556 2193 4610 usum
2265 4535 2713 4627 comprobari
2778 4534 3205 4629 petentibus

523 4646 837 4741 benigne
888 4649 1264 4721 adnuerat.
