3497 5235
929 301 1046 378 ⁰⁸1²·
1071 303 1115 360 1.
1154 303 1227 360 D·
1267 299 1418 362 uhtu
1457 300 1716 360 lule-iu
1755 301 2028 361 niel-isli.
2071 302 2124 377 g.
2151 301 2200 357 9.
2776 291 2883 361 121

267 440 368 511 riis
410 444 571 531 agat
622 438 716 510 ab
768 445 932 511 ortu
984 436 1340 511 Ecclesiae
1376 439 1467 511 ad
1515 444 1830 529 tempora
1866 437 2089 510 Caroli
2127 433 2413 528 Magni3
2469 437 2539 506 in
2577 434 2892 507 secundo

265 573 298 623 a
341 550 569 624 Carolo
603 549 865 642 Magno
903 551 995 623 ad
1029 549 1236 623 Conc.
1281 547 1504 638 Trid.;
1564 551 1635 620 in
1672 552 1909 637 tertio,
1952 568 2094 640 quo
2131 549 2295 620 finis
2332 550 2525 640 operi
2568 549 2883 638 ponitur,

265 683 382 736 nou
428 665 586 734 sine
643 682 901 755 magna
955 662 1273 734 doctrina
1325 683 1366 731 a
1417 660 1631 733 Conc.
1690 658 1880 734 Trid.
1948 662 2038 733 ad
2110 661 2241 734 hoc
2311 677 2537 751 usque
2608 667 2892 750 tempus

267 777 453 847 multa
489 775 653 848 fuse
690 776 998 848 disserit.
1049 772 1354 846 Adeatur
1391 775 1632 846 itidem
1661 771 2103 845 Thomassini
2143 792 2326 864 opus
2352 773 2434 844 de
2464 778 2597 844 oet.
2628 777 2691 843 et
2719 790 2882 842 nov.

266 888 484 979 discip.
529 888 794 960 Eccles.
843 893 1039 976 part.
1082 887 1141 957 Ι.
1183 887 1304 958 lib.
1345 885 1417 958 3.
1470 908 1532 958 c.
1571 886 1647 958 2.
1687 893 1753 959 et
1789 887 1859 959 6.
1910 907 1983 978 p.
2026 885 2197 959 353.
2236 885 2406 958 361.
2459 886 2622 957 Ven.
2669 881 2886 956 1773.

266 996 592 1071 Nonnulla
629 1000 989 1092 sapienter
1021 1000 1257 1089 attigit
1291 999 1503 1072 etiam
1539 996 1967 1070 Benedictus
2012 994 2203 1069 XIV.
2242 999 2326 1070 de
2364 998 2624 1088 Synod.
2664 996 2883 1068 dioec.

264 1111 362 1181 lib.
407 1111 484 1184 V.
545 1132 705 1202 cap.
751 1109 868 1183 Η.
927 1131 1002 1182 n.
1047 1110 1114 1183 1.
1153 1112 1226 1183 2.
1266 1110 1379 1193 3.,
1432 1130 1516 1183 ac
1566 1112 1687 1183 lib.
1733 1112 1859 1183 XI.
1917 1132 2074 1203 cap.
2113 1112 2187 1182 2.
2246 1131 2321 1182 n.
2362 1110 2434 1183 3.
2492 1117 2558 1182 et
2611 1130 2749 1202 seq.

385 1225 555 1294 113.
612 1221 753 1294 Sed
803 1224 1163 1295 enimvero
1229 1243 1356 1315 pro
1410 1226 1505 1298 rei
1562 1224 1904 1316 gravitate
1975 1223 2205 1295 facere
2274 1241 2418 1294 non
2482 1241 2888 1315 possumuS,

260 1337 408 1425 quin
459 1354 691 1427 pauca
747 1335 838 1406 de
891 1352 1129 1408 eorum
1186 1336 1489 1408 utilitate
1543 1355 1626 1407 ac
1679 1336 2104 1408 necessitate
2155 1334 2622 1426 proteramus.
2681 1331 2892 1405 Nulla

261 1448 320 1517 in
365 1465 433 1519 re
487 1454 697 1518 tanta
752 1448 985 1519 cautio
1035 1445 1404 1539 Episcopis
1441 1448 1971 1540 praescribitur,
2014 1465 2227 1539 quam
2266 1453 2346 1519 ut
2383 1466 2471 1519 ne
2509 1448 2645 1518 cito
2684 1447 2895 1518 alicui

257 1577 488 1632 manus
531 1559 949 1649 imponant,
1004 1578 1085 1631 eo
1137 1578 1392 1652 nempe
1430 1561 1748 1647 consilio,
1806 1568 1888 1632 ut
1938 1561 2296 1632 neminem
2351 1558 2439 1631 ad
2492 1577 2729 1632 sacros
2764 1555 2897 1630 Or-

256 1671 434 1743 dines
485 1670 904 1755 admittant,
962 1673 1162 1744 cuius
1214 1672 1547 1744 virtutem
1598 1678 1672 1744 et
1723 1671 2184 1744 idoneitatem
2234 1671 2499 1743 iamdiu
2537 1672 2892 1762 cognitam

255 1789 315 1853 et
359 1791 807 1874 perspectam
865 1801 1001 1854 non
1055 1782 1464 1855 habuerint.
1527 1779 1845 1855 Iamvero
1895 1790 2046 1856 tum
2097 1784 2325 1855 solum
2378 1781 2708 1875 Episcopi
2746 1802 2894 1855 rem

257 1892 421 1965 banc
471 1894 759 1965 facilius
811 1913 893 1967 ac
949 1896 1167 1967 tutius
1219 1897 1503 1985 assequi
1559 1902 1919 1986 poterunt,
1970 1914 2136 1968 >cum
2176 1896 2691 1968 ecclesiasticos
2729 1896 2899 1967 ado-

257 2007 589 2078 lescentes
639 2008 789 2078 suis
840 2007 973 2078 sub
1015 2008 1247 2079 oculis
1309 2007 1752 2079 subcrevisse
1822 2008 2127 2079 viderint
2179 2015 2542 2099 tamquam
2595 2008 2892 2100 liquam,

249 2121 409 2208 quod
446 2121 871 2211 plantatum
919 2127 1020 2191 est
1071 2140 1261 2193 secus
1313 2121 1643 2193 decursus
1695 2139 2077 2212 aquarum,
2128 2122 2309 2212 quod
2352 2122 2665 2213 fructum
2700 2139 2901 2191 suum

250 2230 425 2303 dabit
465 2234 544 2303 in
584 2239 888 2323 tempore
922 2252 1043 2305 suo
1094 2229 1242 2323 (Ps.
1290 2234 1355 2303 1.
1400 2230 1536 2326 4.).
1580 2230 1671 2305 Et
1711 2251 1914 2321 sane,
1975 2257 2013 2298 α
2057 2233 2191 2317 Qui
2242 2228 2553 2328 (profani
2591 2233 2899 2305 auctoris

256 2365 288 2408 ›
326 2344 534 2415 verba
605 2345 914 2415 mutuari
980 2341 1219 2439 liceat)
1287 2345 1568 2417 vineam
1637 2345 1741 2417 vel
1814 2346 2177 2419 arbustum
2237 2347 2651 2418 constituere
2716 2345 2899 2426 vult,

251 2479 283 2520 ›
319 2456 712 2526 semi-naria
755 2456 958 2546 prius
991 2456 1225 2549 facere
1259 2457 1447 2528 debet
1467 2479 1498 2540 ‚·
1534 2457 1632 2528 sic
1668 2457 1855 2528 enim
1891 2459 2103 2540 sciat,
2141 2458 2338 2530 cuius
2372 2459 2643 2550 qeneris
2689 2459 2899 2532 vitem

250 2593 280 2632 s
317 2569 682 2659 positurus
735 2569 852 2641 sit.
885 2593 921 2636 ›
980 2562 1397 2662 (Columella
1450 2570 1569 2641 lib.
1611 2570 1695 2643 de
1730 2572 1968 2645 arbor.
2006 2591 2167 2663 cap.
2206 2570 2336 2669 1.).

384 2684 551 2753 114.
611 2681 767 2755 Huc
821 2683 1119 2774 accedit,
1177 2686 1395 2775 quod,
1455 2705 1614 2758 cum
1673 2710 1709 2753 ‹
1751 2687 2146 2760 adolescens
2202 2687 2407 2760 iuxta
2457 2688 2649 2759 viam
2697 2706 2900 2757 suam

244 2797 444 2866 etiam
492 2815 660 2866 cum
695 2796 1031 2877 senuerit,
1068 2816 1207 2867 non
1241 2799 1509 2870 recedet
1542 2799 1629 2870 ab
1664 2819 1750 2870 ea
1778 2823 1814 2867 »
1872 2792 2106 2892 (Prov.
2146 2795 2337 2894 22),
2381 2799 2632 2871 mirum
2671 2816 2900 2887 quan-

251 2913 386 2978 tum
439 2908 766 2994 interest,
824 2912 904 2977 ut
952 2909 1509 2997 exquisitissimo
1564 2910 1801 2982 studio
1853 2910 1944 2982 ab
1992 2912 2395 3002 unguiculis
2429 2911 2664 2984 clerici
2702 2912 2900 2982 boni-

245 3029 494 3104 tatem,
547 3022 1010 3112 disciplinam
1055 3042 1144 3093 ac
1199 3024 1566 3096 scientiam
1618 3022 2037 3096 doceantur.
2094 3020 2339 3112 Neque
2391 3022 2705 3113 profecto
2759 3021 2897 3093 alia

245 3137 410 3207 ratio
464 3135 561 3207 ad
614 3137 994 3206 seminaria
1051 3137 1121 3206 in
1176 3135 1507 3207 omnibns
1556 3135 1888 3208 catholici
1940 3135 2135 3207 orbis
2187 3134 2631 3207 dioecesibus
2694 3134 2906 3204 insti-

246 3248 502 3319 tuenda
557 3243 1012 3319 Tridentinos
1062 3244 1308 3318 Patres
1361 3248 1669 3339 impulit,
1727 3267 1941 3337 quam
1981 3266 2091 3336 ea,
2133 3266 2346 3337 quam
2387 3247 2738 3319 diximus:
2799 3246 2893 3318 ita

243 3360 418 3429 enim
477 3357 1097 3450 providentissimo
1169 3359 1272 3429 illi
1341 3361 1629 3432 decreto
1682 3380 1848 3431 sess.
1888 3359 2010 3431 23.
2061 3380 2225 3452 cap.
2272 3359 2388 3434 18.
2446 3361 2532 3433 de
2586 3360 2893 3451 Reform.

243 3470 511 3541 initium
545 3470 904 3542 iecerunt.
948 3492 986 3537 ‹
1013 3470 1189 3544 Cum
1224 3471 1766 3543 adolescentium
1804 3478 2024 3560 aetas,
2058 3473 2200 3543 nisi
2235 3479 2415 3545 recte
2452 3474 2903 3552 instituatur,

235 3601 455 3670 prona
507 3584 603 3654 sit
654 3581 752 3653 ad
801 3582 1050 3654 mundi
1092 3584 1475 3674 voluptates
1515 3584 1930 3674 sequendas,
1980 3590 2078 3665 et,
2132 3585 2273 3656 nisi
2309 3605 2354 3655 a
2391 3585 2645 3656 teneris
2683 3583 2898 3655 annis

233 3693 322 3765 ad
365 3695 704 3785 pietatem
753 3698 818 3765 et
867 3694 1274 3786 retiqionem
1329 3696 1781 3785 informetur,
1832 3702 2213 3787 antequam
2248 3698 2582 3770 vitiorum
2616 3697 2893 3768 habitus

236 3812 397 3877 totos
434 3807 749 3879 homiues
789 3806 1175 3897 possideat,
1211 3827 1575 3899 nunquam
1601 3809 1936 3899 perfecte,
1974 3828 2057 3880 ac
2094 3809 2246 3880 sine
2279 3809 2593 3880 maximo
2626 3829 2710 3879 ac
2748 3788 2894 3879 siei-

236 3918 469 4008 qulari
505 3917 1005 4009 propemodum
1044 3919 1171 3990 Dei
1199 3922 1692 4011 omnipotentis
1732 3921 2006 3993 aua-ilio
2045 3923 2118 3992 in
2157 3920 2539 4013 disciplina
2572 3920 2895 3993 ecclesia-

237 4029 409 4101 stica
455 4036 883 4121 perseveret,
917 4036 1172 4102 sancta
1210 4032 1524 4122 synodus
1579 4034 1860 4114 statuit,
1894 4040 1971 4106 ut
2007 4034 2328 4127 sinqulae
2364 4032 2890 4107 cathedrales...

233 4147 500 4214 certum
547 4159 1020 4232 puerorum...
1078 4161 1442 4215 nanterum
1479 4145 1556 4215 in
1591 4144 1968 4237 callepio...
2011 4146 2376 4219 instituere
2426 4151 2894 4218 teneantur.»

379 4253 550 4323 115.
593 4250 781 4324 Hinc
835 4253 1082 4325 merito
1134 4254 1211 4325 in
1261 4253 1438 4330 haec
1493 4255 1706 4327 verba
1761 4257 2068 4346 erumpit
2125 4254 2437 4328 Barbosa
2477 4257 2575 4328 De
2614 4257 2791 4330 Can.
2831 4263 2898 4329 et

237 4365 448 4457 Dian.
503 4383 670 4455 cap.
713 4364 783 4436 1.
841 4385 916 4435 n.
956 4364 1030 4436 2.
1090 4385 1128 4431 ιι
1175 4365 1402 4448 Quam
1451 4366 1685 4455 felices
1754 4367 1994 4439 clerici
2062 4369 2263 4440 intra
2306 4368 2655 4440 ‘ecclesiae
2706 4376 2902 4461 septa

229 4474 659 4557 habitantes,
696 4496 821 4548 nec
856 4478 1081 4549 ullam
1111 4478 1668 4569 periculosarum
1704 4480 2333 4563 discursationum,
2369 4482 2901 4556 mundanarum

233 4588 804 4678 occupationum,
855 4588 1434 4662 celebrandarum
1484 4592 2105 4683 compotationum,
2157 4594 2667 4686 aqitandarum
2719 4615 2902 4668 com-

229 4698 667 4774 essationum
714 4700 1352 4774 conveniendarum
1420 4701 2031 4787 muliercularum,
2099 4706 2649 4781 exercendarum
2697 4726 2899 4798 aras-
