3497 5235
568 283 650 349 82
1371 290 1445 352 Do
1482 290 1785 352 visit-stione
1825 288 2093 355 Surena
2130 294 2399 358 binium

570 415 925 485 nedictinae
985 416 1456 504 quaestionibus
1517 422 1931 508 respondere.
1983 427 2122 492 Non
2167 427 2469 514 exigitur,
2521 438 2592 495 ut
2637 437 2767 495 acta
2823 447 2890 495 ac
2948 427 3207 500 decreta

571 529 860 605 peractae
899 516 1261 586 dioeceseos
1308 521 1676 590 visitationis
1709 524 2123 593 mittantur.-
2152 531 2257 593 77.
2295 532 2472 596 Sacra
2519 529 2884 598 dioeceseos
2928 532 3207 600 visitatio

570 620 813 688 diversa
862 631 955 686 est
1001 641 1033 686 a
1081 621 1434 689 visitatione
1481 627 1587 692 SS.
1628 627 1744 690 LL.
1777 662 1819 674 -
1855 630 1958 693 78.
1999 630 2239 696 Relatio
2287 630 2594 698 exaranda
2636 642 2731 699 est
2768 631 3069 701 idiomate
3100 652 3204 702 ec-

567 721 939 801 clesiastic0,
989 723 1055 790 id
1104 734 1197 789 est
1246 724 1463 791 latine.

716 973 833 1044 70.
891 971 1311 1047 constitutio
1362 973 1638 1050 Sixtina
1691 978 1962 1053 nullam
2015 981 2550 1056 instructionem
2594 983 3048 1076 peculiariter
3080 987 3205 1061 de·

567 1081 887 1169 lineavit,
928 1101 1140 1174 quam
1184 1085 1547 1159 Antistites
1593 1088 1666 1158 in
1701 1089 2102 1162 dioeceseos
2155 1091 2290 1163 sibi
2344 1092 2814 1168 demandatae
2851 1102 3045 1171 statu
3081 1099 3205 1171 de-

565 1194 937 1267 scribendo
972 1204 1483 1284 sequerentur:
1540 1201 1961 1290 generaliter
1996 1202 2180 1274 enim
2220 1204 2590 1277 dumtaxat
2625 1205 2874 1296 edixit,
2913 1208 3199 1284 eosdem

566 1305 910 1378 rationem
961 1305 1256 1379 reddere
1307 1307 1564 1381 debere
1619 1332 1657 1375 ‹
1689 1310 1779 1382 de
1823 1317 2243 1384 toto-eorum
2279 1315 2610 1403 pastorali
2652 1314 2907 1406 offici0,
2966 1318 3199 1411 deque

564 1415 778 1489 rebus
811 1417 1141 1490 omnibus
1176 1418 1265 1490 ad
1303 1419 1643 1513 ipsarum,
1701 1421 1965 1510 quibus
2000 1432 2366 1515 praesunt,
2409 1426 2863 1498 ecclesiarum
2899 1434 3193 1509 statum,

566 1532 638 1600 et
686 1525 947 1601 clerum
998 1530 1526 1622 pertinentibus
1564 1556 1631 1602 ν.
1688 1529 1779 1604 Et
1829 1533 1902 1605 in
1955 1530 2249 1606 Constit.
2309 1537 2656 1609 Immensa
2718 1538 2892 1609 anni
2947 1538 3194 1626 1688„

566 1638 769 1712 cuius
820 1638 1051 1713 locum
1102 1639 1430 1713 dabimus
1497 1640 1572 1713 in
1634 1641 1988 1715 volumine
2043 1640 2175 1715 III.
2233 1645 2367 1717 sub
2421 1664 2617 1719 num.
2659 1648 2766 1735 3.,
2822 1647 3192 1739 praecipit,

568 1754 648 1820 ut
695 1746 1044 1837 referant,
1101 1766 1286 1839 quae
1358 1773 1396 1816 αι
1435 1751 1601 1824 cleri
1655 1753 2041 1844 populique
2093 1774 2360 1827 morum
2414 1757 2787 1847 disciplina
2838 1758 2957 1846 sit,
3015 1775 3199 1848 quae

561 1854 849 1932 Concilii
900 1854 1288 1932 Tridentini
1341 1861 1807 1952 decretorum,
1864 1883 2020 1938 cum
2074 1866 2147 1936 in
2202 1866 2556 1955 omnibus,
2596 1875 2743 1941 tum
2783 1869 3196 1958 praesertim

563 1968 635 2039 in
685 1968 1111 2042 residentiae
1163 1990 1455 2046 munere
1505 1975 1903 2047 exsecutio:
1962 1996 2145 2066 quae
2200 1978 2364 2050 item
2420 1979 2574 2069 piae
2613 1979 3191 2069 consuetudineS,

557 2085 632 2153 et
682 2079 806 2175 qui
854 2081 1168 2157 omnium
1218 2082 1526 2176 denique
1576 2085 1651 2156 in
1702 2086 1815 2157 via
1870 2084 2142 2159 Domini
2196 2089 2337 2161 sint
2392 2108 2800 2182 progressus
2839 2116 2907 2161 ».

714 2211 830 2282 71.
870 2206 1055 2281 Hinc
1087 2208 1265 2281 illud
1300 2209 1564 2283 factum
1599 2220 1731 2299 est,
1767 2219 1844 2283 ut
1876 2212 2089 2284 iidem
2121 2213 2484 2284 Antistites
2520 2212 2593 2281 in
2630 2210 3008 2283 reddendis
3042 2210 3190 2302 epi-

571 2319 874 2412 scopalis
924 2320 1032 2392 sui
1068 2320 1427 2410 regiminis
1476 2321 1871 2395 rationibus
1905 2324 2016 2395 vel
2054 2323 2346 2394 nimium
2386 2323 2523 2393 late
2573 2329 3018 2414 vagarentur,
3060 2321 3191 2394 mi-

568 2436 797 2508 nimas
848 2450 1168 2523 quasque
1216 2449 1326 2505 res
1377 2438 1592 2524 atque
1641 2453 1680 2506 a
1733 2434 1875 2507 fine
1928 2435 2279 2526 proposito
2330 2435 2489 2526 plus
2523 2442 2591 2507 et
2630 2434 2862 2506 minus
2914 2432 3188 2504 alienas

570 2544 1012 2637 exponend0,
1068 2543 1178 2616 vel
1228 2544 1328 2615 ita
1400 2544 1673 2616 exiliter
1722 2553 1793 2619 et
1846 2545 2078 2620 ieiune
2129 2564 2283 2619 sese
2344 2545 2787 2636 cohiberent,
2844 2550 2947 2635 ut,
3003 2561 3193 2635 quae

569 2657 752 2732 scitu
807 2656 1198 2730 necessaria
1233 2660 1428 2744 sunt,
1467 2654 1931 2729 desideranda
1967 2659 2470 2748 relinquerent.
2512 2655 2613 2730 Ne
2664 2659 2904 2749 itaque
2939 2655 3188 2729 huius-

571 2769 758 2843 modi
809 2768 1183 2841 relationes
1232 2766 1684 2840 abundarent
1718 2770 1791 2839 in
1826 2770 2228 2861 superfluiS,
2268 2788 2350 2841 ac
2385 2768 2770 2842 deficerent
2819 2767 2891 2839 in
2944 2783 3191 2839 neces-

567 2880 796 2968 sariis,
852 2876 1232 2971 Fagnanus
1283 2873 1477 2974 (cap.
1534 2878 1681 2972 Ego
1727 2876 1812 2953 N.
1854 2881 1937 2954 de
1988 2883 2125 2954 iur.
2169 2881 2307 2953 ίαν.
2361 2898 2436 2951 n.
2479 2877 2610 2976 73)
2662 2884 2924 2952 certam
2974 2878 3192 2950 ratio-

568 3009 728 3063 nem
781 3008 863 3063 ac
914 3007 1230 3063 normam
1280 2996 1686 3087 proposuit,
1743 3011 1884 3083 qua
1937 3000 2198 3065 statum
2251 2994 2649 3067 dioeceseos
2716 2994 2789 3063 in
2856 2990 3191 3062 materia-

569 3102 705 3174 lem
756 3108 827 3175 et
875 3100 1234 3174 formalem
1285 3103 1549 3193 divisit,
1591 3113 1661 3178 et
1713 3105 1788 3176 in
1822 3122 2248 3193 unoquoque
2282 3104 2646 3195 speciatim
2684 3120 2914 3176 rerum
2953 3102 3188 3193 capita

566 3213 917 3304 congessit
982 3218 1195 3301 atque
1261 3212 1628 3303 distinxit,
1685 3233 1867 3304 quae
1918 3215 2279 3286 relationis
2348 3216 2708 3286 materiam
2786 3212 3183 3297 efformant,

567 3341 779 3413 quam
831 3322 1117 3412 quidem
1167 3323 1512 3397 rationem
1565 3342 2024 3414 normamque
2077 3324 2439 3414 adoptavit
2488 3321 2870 3396 Catalanus
2921 3319 3180 3393 Comm.

566 3453 768 3527 super
821 3433 1232 3525 Pontificale
1285 3434 1480 3506 Rom.
1540 3434 1612 3530 ἓ.
1681 3437 1879 3508 XIII.
1938 3442 2008 3508 et
2074 3454 2212 3507 van
2279 3431 2515 3529 Espen
2568 3438 2709 3508 Ius.
2766 3433 2930 3506 eccl.
2991 3435 3078 3505 P.
3122 3435 3182 3505 I.

565 3547 677 3620 tit.
723 3544 837 3619 15.
878 3564 1033 3638 cap.
1077 3546 1152 3619 2.
1195 3564 1271 3617 n.
1308 3546 1430 3620 22.

708 3657 825 3728 72.
882 3652 1080 3737 Quod
1129 3664 1366 3729 autem
1403 3657 1669 3730 invenit
1705 3656 2107 3750 Fagnanus,
2143 3656 2434 3751 perfecit
2485 3654 2747 3729 Bened.
2791 3651 3187 3727 XHLCum

565 3768 756 3841 enim
805 3767 878 3839 in
927 3764 1232 3840 Concilio
1279 3765 1601 3840 Romano
1649 3768 1892 3840 habito
1945 3787 2131 3841 anno
2187 3767 2398 3839 1725.
2454 3786 2658 3840 suam
2723 3767 3187 3840 attentionem

563 3882 639 3953 in
687 3879 879 3952 hunc
927 3877 1277 3951 deiectum
1313 3880 1708 3952 accuratius
1758 3881 2199 3968 contulisset,
2249 3885 2662 3970 optaretque
2697 3878 2959 3968 optimo
3010 3894 3187 3948 sane

563 3990 853 4064 consilio
906 4007 1122 4062 unam
1173 3988 1636 4079 eamdemque
1687 3990 2016 4063 omnibus
2067 3989 2360 4062 formam
2419 3988 2926 4082 praescribere,
2985 4005 3212 4082 man-5

564 4102 759 4174 davit
808 4098 1317 4188 Lambertini0,
1373 4100 1495 4190 qui
1532 4102 1606 4172 in
1642 4101 1886 4173 eodem
1923 4098 2225 4174 Concilio
2271 4101 2572 4174 doctoris
2622 4101 2695 4170 in
2730 4098 3032 4171 decretis
3081 4095 3188 4169 of-

561 4212 718 4284 ficio
747 4210 1202 4303 fungebatur,
1233 4216 1314 4284 ut
1339 4211 1900 4300 instructionem,
1923 4211 2010 4284 de
2040 4230 2179 4302 qua
2209 4212 2506 4305 agimuS,
2539 4209 2938 4297 conficeret,
2971 4214 3183 4301 prout

563 4339 809 4415 reapse
860 4322 1184 4414 coniecit,
1238 4322 1314 4394 in
1364 4340 1533 4413 qua,
1587 4319 1904 4415 Fagnani
1958 4322 2248 4414 vestigia
2284 4329 2601 4411 secutuS,
2658 4320 2903 4392 maiori
2937 4319 3186 4390 ordine

563 4440 777 4525 atque
828 4435 1274 4508 accuratione
1326 4435 1558 4525 capita
1607 4433 2036 4525 praefinivit,
2093 4451 2274 4524 quae
2324 4433 2416 4505 ad
2467 4437 2846 4521 utrumque
2919 4435 3185 4501 statum

562 4548 1018 4639 pertinerent.
1074 4545 1250 4619 Eam
1294 4547 1588 4639 proinde
1624 4544 1890 4620 Bened.
1931 4543 2133 4617 XIII.
2173 4547 2306 4620 tlte
2341 4543 2841 4635 comprobavit,
2882 4539 3189 4615 auctori-

565 4665 849 4753 tateque
899 4677 1026 4731 sua
1077 4659 1152 4731 in
1201 4655 1504 4733 Romani
1555 4654 1841 4729 Concilii
1895 4657 2070 4729 actis
2103 4654 2527 4748 promulgari
2565 4654 2795 4745 iussit,
2838 4655 3024 4726 utin
3059 4669 3188 4745 po-
