3497 5235
981 285 1102 359 ⁰⁸1⁹·
1126 287 1222 344 m.
1262 286 1334 344 De
1375 286 1509 346 olore
1549 289 1819 347 annulari.
1861 291 1915 365 5.
1942 291 2021 349 14.
2715 293 2842 355 509

210 418 726 491 »conventibus
774 419 1116 493 lectiones
1169 439 1312 492 non
1365 422 1798 509 habeantur,
1859 425 2037 495 alias
2091 424 2182 496 ab
2236 426 2616 499 audiendis
2669 448 2843 501 con·

209 558 242 601 ι
275 531 687 605 sessionibus
723 530 1301 629 suspendendos)
1340 535 1557 605 semel
1597 536 1670 605 in
1710 554 2147 625 unaquaque
2176 536 2651 629 bebdomada,
2682 560 2844 614 cer·

207 652 469 734 »toque
507 643 949 735 designando
984 644 1127 731 die,
1167 652 1236 716 et
1272 645 1407 716 sub
1445 654 1634 719 certa
1676 664 1900 735 poena
1944 649 2352 738 pecuniaria
2393 659 2633 721 contra
2664 670 2833 724 con-

208 764 576 829 »tumaces
621 756 1050 844 habeantur,
1098 758 1170 828 in
1209 757 1476 847 quibus
1510 759 1917 830 alternatim
1957 764 2027 830 et
2061 761 2328 831 rituum
2364 767 2436 832 et
2471 765 2844 836 conscien-

208 871 400 944 »tiae
451 887 658 940 casus
711 875 1228 958 proponantur,
1286 870 1768 942 discutiantur
1803 877 1873 942 et
1910 872 2219 962 practice
2259 883 2751 948 exerceantur.
2789 901 2829 943 ι

328 982 490 1052 462.
532 978 796 1053 Bened.
830 976 1018 1050 XIV.
1054 982 1127 1052 in
1160 983 1336 1053 Inst.
1369 982 1536 1054 eccl.
1561 981 1681 1054 32.
1722 979 1797 1076 ἓ.
1824 980 1894 1052 7.
1937 982 2467 1071 animadvertit,
2511 1004 2653 1056 non
2691 989 2831 1059 alia

198 1094 274 1167 de
305 1113 509 1166 causa
563 1094 636 1164 in
689 1092 824 1164 hac
861 1099 1099 1164 nostra
1143 1090 1601 1165 Benedictina
1657 1089 2136 1165 Instructione
2171 1091 2557 1186 Episcopus
2604 1102 2833 1189 rogari

194 1207 289 1279 An
320 1205 706 1277 habeantur
738 1205 1211 1293 conferentiae
1245 1205 1621 1297 theoloqiae
1658 1206 1947 1276 moralis
2000 1213 2067 1279 et
2118 1227 2482 1279 sacrorum
2515 1209 2842 1284 rituum?

195 1317 314 1388 nisi
348 1315 537 1405 quod
579 1316 1015 1406 Apostolicae
1052 1314 1255 1388 Sedis
1291 1335 1372 1388 ea
1414 1335 1612 1388 mens
1650 1324 1783 1403 est,
1819 1324 1897 1389 ut
1937 1317 2203 1408 ubique
2242 1319 2547 1392 locorum
2586 1322 2840 1394 buius-

196 1425 363 1498 modi
415 1427 891 1498 sacerdotales
944 1434 1337 1499 conventus
1389 1428 1865 1501 celebrentur.
1908 1426 2109 1511 Quod
2163 1431 2565 1504 luculenter
2604 1434 2828 1523 liquet

190 1556 268 1609 ex
314 1536 606 1610 Constit.
648 1539 1028 1629 Apostolici
1078 1541 1461 1612 ministerii
1510 1559 1639 1631 pro
1691 1542 2162 1613 restauranda
2208 1544 2280 1614 in
2321 1540 2684 1635 Hispaniis
2721 1564 2843 1619 ec-

191 1649 564 1721 clesiastica
619 1649 1022 1741 disciplina,
1081 1670 1300 1741 quam
1352 1650 1620 1723 Bened.
1665 1649 1867 1723 XIII.
1927 1655 2000 1725 in
2053 1652 2350 1727 Constit.
2394 1657 2476 1727 In
2514 1677 2835 1748 supremo

192 1761 364 1834 edita
418 1767 577 1851 post
629 1760 837 1832 Cone.
896 1758 1105 1832 Rom.
1165 1764 1345 1834 anni
1402 1763 1613 1837 1725.
1671 1765 2142 1853 confirmavit,
2202 1774 2272 1839 et
2325 1767 2658 1839 omnibus
2719 1788 2850 1857 cae

191 1871 416 1944 tholici
471 1871 662 1942 orbis
712 1869 1080 1962 Episcopis
1132 1875 1577 1962 sequendam
1626 1878 2019 1967 proposuit.
2065 1874 2172 1948 lbi
2219 1879 2406 1950 enim
2457 1876 2533 1973 ἓ.
2576 1881 2644 1951 7.
2687 1899 2839 1951 ser-

192 2003 455 2055 monem
492 1984 769 2055 babens
821 1986 909 2056 de
964 1986 1236 2058 clericis
1289 1994 1436 2058 tam
1488 1988 1561 2058 in
1615 1989 2037 2077 minoribus,
2079 2008 2293 2079 quam
2333 1992 2405 2061 in
2443 1991 2834 2063 maioribus

184 2093 558 2168 Ordinibus
610 2098 1040 2185 constitutis,
1097 2103 1316 2187 atque
1368 2099 1548 2170 adeo
1602 2099 2033 2190 presbyteris
2085 2104 2298 2171 etiam
2361 2102 2559 2173 nullo
2611 2101 2837 2174 bene-

183 2207 331 2279 ficio
381 2209 723 2299 praeditis
776 2209 874 2282 sic
927 2211 1077 2281 ait:
1141 2235 1177 2276 ι
1216 2207 1398 2291 Quin
1451 2212 1591 2282 imo
1644 2212 1853 2283 enixe
1914 2211 2307 2299 hortamur,
2366 2219 2446 2284 ut
2499 2211 2830 2305 Episcopi

181 2343 218 2386 ›
258 2321 552 2391 aliarum
606 2320 1036 2409 dioecesum,
1094 2322 1165 2393 in
1221 2321 1484 2410 quibus
1538 2339 1687 2394 mos
1734 2324 1853 2395 ille
1891 2324 2264 2396 institutus
2297 2325 2645 2397 hactenus
2684 2346 2826 2398 non

178 2460 215 2503 ›
255 2434 498 2523 fuerit,
555 2435 627 2505 id
681 2436 754 2506 in
809 2441 1167 2527 posterum
1218 2438 1481 2508 servari
1538 2444 1786 2509 curent
1840 2437 1914 2506 in
1966 2437 2343 2525 omnibus,
2402 2457 2482 2511 ac
2536 2438 2837 2529 insuper

174 2573 211 2613 »
251 2554 625 2639 satagant,
680 2554 761 2620 ut
812 2565 1058 2620 omnes
1110 2547 1565 2622 ecclesiastici
1638 2549 1983 2641 praedicti
2039 2551 2256 2622 etiam
2326 2551 2836 2624 collationibus

172 2683 209 2728 ›
248 2659 601 2732 habendis
653 2678 886 2731 coram
942 2660 1271 2750 parochis
1321 2662 1496 2748 suis,
1554 2661 1659 2732 vel
1716 2661 1879 2733 aliis
1930 2660 2021 2732 ab
2076 2660 2426 2752 Episcopo
2464 2664 2830 2756 deputatis

170 2798 208 2840 »
246 2790 462 2863 super
513 2772 800 2843 casibus
849 2773 1328 2843 conscientiae
1385 2772 1609 2842 iorum
1649 2773 2276 2861 concernentibus,
2317 2781 2390 2846 et
2423 2793 2638 2864 super
2675 2776 2832 2846 riti-

168 2908 206 2953 >
248 2883 386 2954 bus
438 2903 519 2955 ao
569 2884 1033 2956 caeremoniis
1085 2884 1305 2954 sacris
1361 2883 1720 2954 intersint.
1762 2907 1798 2952 >

313 2995 483 3066 463.
541 2991 796 3084 Itaque
849 2997 921 3067 S.
963 2993 1037 3066 C.
1080 2994 1370 3066 Concilii
1426 2994 1599 3064 illud
1654 2996 1969 3066 solemne
2022 3000 2156 3082 est,
2201 3000 2279 3065 ut
2315 2995 2387 3063 in
2427 2996 2836 3086 responsio·

159 3107 379 3178 nibus
433 3108 522 3179 ad
574 3105 1085 3198 Episcoporum
1156 3107 1540 3178 relationes
1591 3107 1680 3178 de
1732 3115 1928 3179 statu
1982 3107 2444 3179 ecclesiarum
2497 3105 2823 3195 redditis,

156 3219 644 3307 amplissimas
698 3219 945 3290 laudes
999 3220 1086 3290 iis
1140 3219 1613 3309 impertiatur,
1686 3219 1811 3307 qui
1868 3218 2272 3289 huiusmodi
2343 3224 2827 3290 conventuum

151 3347 371 3400 usum
426 3330 500 3400 in
553 3348 721 3400 suas
776 3329 1136 3403 dioeceses
1192 3330 1631 3416 invexerint,
1689 3335 1857 3415 aut,
1914 3331 1972 3399 si
2029 3329 2326 3401 fortasse
2381 3330 2826 3418 aliquamdiu

148 3439 615 3512 intermissus
667 3441 905 3530 fuerit,
962 3444 1032 3512 in
1091 3444 1469 3533 pristinum
1523 3441 2034 3512 revocaverint.
2075 3438 2368 3522 Quodsi
2405 3441 2828 3512 nullatenus

147 3554 426 3623 servari
466 3552 984 3643 deprehendat,
1024 3572 1306 3645 semper
1344 3561 1414 3627 et
1453 3552 1719 3643 ubique
1769 3553 2082 3623 inculcat
2116 3557 2186 3623 et
2223 3554 2471 3634 instat,
2517 3558 2592 3622 ut
2630 3552 2828 3623 iuxta

142 3661 612 3753 disciplinam
668 3666 1141 3736 communiter
1192 3672 1548 3756 receptam
1601 3682 1816 3753 quam
1870 3664 2174 3754 primum
2249 3663 2487 3733 stabili
2551 3663 2828 3734 ratione

141 3792 304 3845 non
368 3776 572 3847 modo
618 3777 691 3847 in
728 3776 1015 3848 civitate
1053 3778 1455 3849 dioeceseos
1495 3775 1839 3868 principe,
1881 3775 2008 3847 sed
2046 3781 2116 3845 et
2152 3774 2224 3844 in
2263 3774 2565 3864 singulis
2601 3773 2832 3843 omni-

135 3884 293 3957 bus
352 3889 672 3960 eiusdem
725 3889 1070 3961 dioecesis
1121 3889 1402 3980 oppidis
1453 3888 1668 3960 iidem
1721 3892 2112 3957 conventus
2167 3885 2663 3956 instituantur.

306 3999 483 4070 464.
542 3997 790 4090 Neque
841 4020 1005 4072 vero
1059 4000 1657 4091 praetereundum
1709 4007 1845 4085 est,
1904 3997 2294 4086 aliquando
2348 3995 2695 4080 accidere,
2748 3999 2832 4065 ut

129 4110 529 4200 aliquibus
582 4113 655 4182 in
710 4113 878 4183 locis
929 4111 1017 4183 ob
1074 4112 1256 4181 aeris
1310 4110 1828 4202 intemperiem,
1887 4109 2160 4179 viarum
2215 4107 2702 4197 asperitatem,
2744 4120 2827 4175 ac

124 4243 461 4316 parvum
516 4224 966 4296 sacerdotum
1021 4241 1441 4310 numerum,
1499 4222 1819 4309 aliasque
1890 4218 2295 4289 huiusmodi
2365 4216 2832 4288 difficultates

119 4336 642 4408 sacerdotales
695 4336 906 4409 hosce
959 4344 1351 4408 conventus
1403 4332 1763 4406 celebrare
1815 4333 2304 4401 omnino-non
2340 4330 2575 4401 detur.
2618 4324 2827 4398 Hisce

110 4447 205 4517 in
273 4446 576 4518 casibus
628 4446 805 4518 solet
859 4446 1325 4517 communiter
1378 4445 1450 4515 S.
1491 4441 1834 4533 Congreg.
1892 4438 2258 4532 Episcopis
2311 4439 2695 4524 inculcare,
2748 4441 2829 4507 ut

100 4555 313 4629 huic
376 4556 687 4630 defectui
743 4558 1124 4629 consulant
1175 4575 1286 4642 ea,
1346 4573 1531 4644 quae
1586 4554 1794 4625 modo
1829 4552 2330 4644 explicabitur,
2374 4553 2677 4636 ratione,
2719 4548 2829 4618 vi·

97 4669 462 4759 delicet,
520 4676 598 4741 ut
651 4671 727 4742 in
780 4671 971 4744 calce
1041 4668 1262 4741 libelli
1317 4668 1703 4758 quotannis
1755 4667 1869 4740 edi
1922 4666 2153 4754 soliti,
2214 4666 2334 4756 qui
2410 4662 2832 4737 inscribitur
