3497 5235
1081 260 1203 337 0⁸1».
1227 264 1322 322 m.
1362 264 1436 322 Do
1476 263 1611 323 clero
1651 266 1921 324 annulari.
1964 268 2018 341 g.
2044 267 2094 323 5.
2802 264 2920 328 369

256 393 660 486 Capitulum
712 389 1070 465 Pinnense
1108 395 1389 467 enixius
1426 398 1803 469 institisset
1856 398 1969 469 die
2009 399 2130 469 29.
2171 394 2379 471 Mart.
2428 400 2674 487 1862„
2715 416 2924 490 prae-
2968 422 2975 431 ·

257 504 573 578 bendam
649 503 1120 595 theologalem
1195 502 1501 597 Capituli
1573 508 2138 599 iuripatronatus
2200 510 2580 582 obnoxiam
2660 529 2924 603 propu-

261 636 516 712 gnans,
557 613 631 687 S.
674 613 745 687 C.
791 634 936 688 rem
990 618 1063 687 in
1100 636 1447 709 suspenso
1499 619 1813 709 reliquit.
1857 616 2031 691 Cum
2079 621 2269 692 enim
2324 622 2922 712 iurispatronatus

256 728 688 822 pertinentia
741 747 882 800 non
937 730 1112 801 satis
1163 750 1204 800 a
1255 728 1561 821 Capituli
1612 730 1991 805 defensore
2045 732 2677 824 demonstraretur,
2719 753 2920 809 sacer

253 838 437 914 Ordo
491 839 748 912 maluit
801 840 1273 930 respondere:
1320 865 1356 907 αι
1397 840 1718 934 Seposita
1789 844 2390 936 iurispatronatus
2444 849 2865 935 quaestione
2896 904 2916 939 ,

257 978 293 1023 ι
331 955 406 1025 in
458 952 744 1025 decisis.
791 975 829 1018 ›

397 1065 568 1136 187.
611 1059 813 1144 Quod
864 1065 923 1134 si
975 1064 1330 1137 institutio
1383 1066 1475 1138 ad
1528 1067 1784 1157 alium,
1846 1085 2062 1158 quam
2116 1069 2207 1141 ad
2273 1067 2709 1162 Episcopum
2759 1092 2922 1165 per-

251 1180 504 1263 tineat,
547 1195 659 1248 ex.
706 1196 809 1268 gr.
852 1175 944 1247 ad
994 1173 1407 1251 Pontificem
1463 1179 1615 1251 iure
1649 1180 2157 1252 reservationis
2209 1179 2300 1251 ob
2353 1183 2800 1255 vacationem
2839 1187 2916 1256 in

254 1288 620 1361 mensibus
668 1289 1072 1377 reservatiS,
1116 1296 1264 1361 tum
1304 1306 1387 1361 ex
1425 1289 1674 1362 eodem
1724 1286 2033 1363 Concilio
2072 1292 2202 1363 loc.
2244 1292 2365 1365 cit.
2408 1293 2626 1365 etiam
2678 1295 2753 1365 in
2792 1313 2919 1385 pa-

250 1400 686 1475 rochialibus
735 1400 983 1474 electio
1035 1419 1382 1492 personae
1435 1402 1528 1474 ad
1590 1398 2019 1494 Episcopum
2072 1404 2502 1493 pertineret,
2559 1414 2917 1479 reservato

250 1515 486 1587 lavore
522 1512 826 1603 Capituli
863 1519 1028 1585 actu
1062 1515 1660 1604 praesentationis
1694 1513 2189 1615 tantummodo
2226 1516 2694 1588 exercendae.
2730 1513 2908 1589 Vide

250 1625 519 1700 Bened.
563 1622 755 1696 XIV.
797 1626 881 1697 de
931 1645 1089 1716 syn.
1131 1625 1348 1697 dioec.
1391 1627 1511 1697 lib.
1552 1625 1627 1696 A.
1669 1646 1730 1698 c.
1775 1625 1847 1699 8.
1892 1645 1967 1697 n.
2010 1624 2082 1696 7.
2124 1632 2189 1698 et
2240 1646 2417 1717 seq„
2456 1626 2579 1699 ubi
2632 1627 2768 1700 hoc
2805 1646 2917 1700 ar-

254 1745 668 1832 gumentum
724 1737 876 1809 fuse
927 1737 1401 1829 persequitur.

385 1846 707 1931 Quadrat
757 1849 874 1921 hic
925 1867 1140 1921 causa
1211 1850 1639 1930 Bononien.‚
1693 1869 1813 1920 sen
1870 1849 2045 1922 Ord.
2107 1850 2343 1921 Erem.
2412 1851 2483 1923 S.
2536 1852 2912 1943 Augustini

247 1964 505 2053 Iurisp.
548 1961 714 2032 eccl.
757 1961 829 2031 4.
873 1955 1079 2033 Mart.
1129 1961 1340 2032 1864.
1385 1959 1884 2052 Augustiniani
1940 1962 2517 2053 inrepatronatus
2583 1961 2919 2034 frueban-

245 2081 359 2146 tur
408 2091 627 2163 super
664 2073 976 2163 quadam
1012 2073 1347 2163 parochia
1383 2072 1759 2144 saeculari.
1801 2068 2197 2144 Vacaverat
2233 2072 2412 2145 baec
2449 2091 2695 2145 mense
2731 2070 2919 2144 Mar-

244 2187 342 2258 tio
400 2185 651 2272 1863„
690 2202 853 2257 cum
888 2189 1176 2256 vacaret
1212 2184 1497 2255 insimul
1551 2182 1760 2255 sedes
1796 2182 2467 2276 ArchiepiscopaliS.
2508 2181 2917 2267 Quaereba-

244 2306 384 2386 tur,
427 2317 524 2370 an
579 2298 689 2368 ius
742 2295 1052 2387 eligendi
1102 2296 1494 2386 digniorem
1534 2296 1716 2365 inter
1771 2294 2209 2386 approbatos
2246 2304 2596 2388 spectaret
2651 2297 2742 2369 ad
2796 2294 2918 2368 Vi-

240 2409 511 2481 carium
563 2406 1068 2500 Capitularem,
1110 2408 1304 2480 salvo
1345 2405 1884 2498 Augustinianis
1928 2408 2080 2478 iure
2118 2408 2745 2499 praesentationiS,
2787 2425 2911 2480 seu

238 2522 479 2612 potius
530 2527 680 2593 tam
734 2521 844 2592 ius
895 2520 1231 2611 eligendi,
1290 2537 1507 2608 quam
1551 2518 2058 2609 praesentandi
2114 2519 2471 2592 exclusive
2526 2520 2619 2592 ad
2679 2520 2914 2611 Augu-

235 2634 717 2705 stinianenses
768 2633 1181 2725 pertineret.
1225 2626 1545 2703 Vicarius
1596 2629 2025 2723 Capitularis
2079 2633 2606 2722 contendebat,
2667 2653 2754 2706 ex
2806 2651 2917 2706 re-

240 2746 407 2837 gula
459 2744 775 2816 secunda
826 2741 1300 2816 Cancellariae
1338 2743 1718 2834 parochiae
1771 2744 2224 2816 collationem
2262 2742 2334 2816 S.
2378 2744 2544 2819 Sedi
2597 2764 2915 2818 reserva-

232 2865 382 2929 tam
436 2875 623 2943 esse,
665 2857 987 2946 adeoque
1021 2855 1159 2927 sibi
1213 2856 1324 2927 ius
1359 2855 1667 2946 eligendi
1713 2855 2139 2947 digniorem,
2180 2855 2721 2948 Augustinianis
2773 2875 2912 2927 nu-

233 2967 406 3040 dam
443 2970 1097 3060 praesentationem
1135 2975 1534 3060 competere
1570 2987 1656 3040 ex
1694 2968 2018 3041 doctrina
2056 2967 2324 3042 Bened.
2367 2967 2560 3040 XIV.
2606 2971 2689 3042 de
2728 2973 2905 3059 Syn.

231 3080 456 3152 dioec.
501 3080 622 3152 lib.
666 3080 739 3151 4.
772 3101 833 3152 c.
875 3080 948 3154 8.
982 3101 1057 3151 n.
1104 3080 1221 3154 40.
1254 3081 1345 3152 ad
1383 3080 1678 3151 formam
1712 3078 1924 3154 Conc.
1972 3077 2173 3152 Trid.
2214 3082 2365 3153 Sess
2421 3081 2545 3153 21.
2580 3101 2738 3172 cap.
2785 3080 2903 3154 46.

227 3195 318 3266 de
372 3196 683 3286 Reform.
728 3193 815 3266 At
867 3213 1031 3266 vero
1087 3193 1579 3287 Augustiniani
1651 3194 2152 3284 excipiebant,
2214 3195 2286 3264 in
2339 3212 2558 3282 casu,
2617 3193 2707 3265 de
2765 3210 2907 3283 quo

226 3305 611 3397 agebatur,
653 3305 887 3377 locum
925 3325 1067 3377 non
1120 3325 1274 3379 esse
1311 3305 1914 3379 reservationibus
1968 3324 2201 3395 neque
2238 3306 2624 3394 secundae,
2668 3324 2904 3394 neque

223 3435 469 3489 nonae
522 3417 611 3488 de
665 3417 1031 3489 mensibus
1084 3419 1413 3509 regulae:
1459 3434 1626 3487 nam
1678 3416 1769 3487 de
1820 3416 2199 3489 collatione
2252 3435 2368 3490 res
2418 3425 2572 3490 erat
2625 3436 2771 3489 non
2826 3418 2910 3488 li-

217 3529 432 3616 bera,
474 3529 601 3602 sed
656 3530 1215 3620 iuripatronatus
1266 3530 1602 3618 obnoxia,
1646 3548 1789 3620 quo
1842 3549 2012 3602 casu
2066 3531 2408 3604 canonica
2461 3531 2817 3604 institutio
2865 3550 2906 3601 a

215 3642 496 3733 regulis
549 3641 935 3732 praedictis
985 3643 1359 3734 excipitur,
1400 3648 1469 3713 et
1522 3641 1879 3713 ordinario
1935 3641 2253 3715 collatori
2304 3650 2496 3716 sarta
2568 3648 2904 3731 tectaque

211 3754 664 3844 relinquitur
717 3755 913 3825 iuxta
949 3771 1399 3825 communem
1450 3753 1921 3845 interpretum
1960 3756 2416 3827 sententiam.
2458 3751 2613 3825 Emi
2660 3752 2906 3827 Patres

207 3864 803 3952 declaraverunt,
845 3884 989 3937 non
1044 3866 1136 3938 ad
1171 3862 1528 3937 Vicarium
1578 3865 2087 3958 Capitularem,
2131 3867 2258 3938 sed
2295 3866 2389 3938 ad
2442 3863 2905 3957 Augustinia-

203 3995 366 4050 nos
414 3978 773 4068 pertinere
827 3983 975 4049 tum
1016 3980 1124 4049 ius
1175 3977 1546 4070 eligendae
1584 3997 1932 4071 personae
1985 3977 2357 4071 dignioris,
2395 3982 2547 4049 tum
2587 3975 2907 4050 eiusdem

202 4089 318 4160 ad
380 4089 649 4160 curiam
702 4090 1302 4178 praesentandae.
2865 4098 2885 4118 ⁶

385 4200 549 4272 188.
607 4198 935 4272 Ceterum
989 4209 1368 4293 patronum
1438 4203 1994 4276 ecclesiasticum
2047 4202 2279 4274 teneri
2350 4219 2514 4273 eum
2567 4217 2908 4292 praesen-

191 4318 414 4399 tare,
468 4331 670 4402 quem
726 4315 911 4385 inter
950 4315 1281 4405 probatos
1325 4315 1411 4386 ab
1446 4315 2052 4387 examinatoribus
2104 4313 2498 4405 digniorem
2550 4312 2909 4404 magisque

192 4423 560 4496 idoneum
612 4425 939 4506 censebit,
990 4426 1173 4517 quod
1221 4427 1409 4498 valet
1443 4426 1746 4518 amplius
1783 4444 2216 4517 quacumque
2267 4424 2748 4498 admonitione
2798 4423 2908 4496 vel

183 4536 845 4626 interpellatione,
897 4557 1112 4628 quam
1165 4538 1545 4629 Episcopus
1587 4543 1899 4628 patrono
1949 4537 2417 4610 ecclesiastico
2466 4537 2730 4630 faciat,
2782 4535 2910 4608 de-

189 4647 530 4721 claravit
580 4645 851 4720 Bened.
895 4645 1085 4719 XIV.
1143 4647 1440 4722 Constit.
1485 4649 1822 4722 Redditae
1867 4649 2063 4722 nobis
2098 4650 2171 4722 9.
2219 4647 2386 4743 Apr.
2429 4649 2645 4721 1746.
2688 4645 2902 4720 Porro

451 4791 632 4847 Lucmr,
673 4791 807 4838 Vixit.
836 4790 975 4839 Sacr.
1006 4791 1145 4848 Lim„
1177 4791 1295 4841 edit.
1324 4792 1416 4838 111.
1451 4791 1549 4840 Vol.
1580 4793 1622 4840 1.
2634 4793 2689 4836 94
