3497 5235
666 242 782 305 386
1413 244 1781 302 humationi·
1823 245 1875 301 8.
1904 244 2084 319 Oongr.
2114 244 2258 304 Ocno.
2299 246 2568 319 expositio.

670 400 708 445 ν
750 375 1004 447 diurno
1042 393 1258 464 quam
1297 383 1639 447 nocturno
1678 382 1991 467 tempore
2030 378 2285 469 iugiter
2321 378 2759 465 commorari,
2796 380 3073 468 exceptis
3101 379 3233 452 solis

669 514 704 554 ,m
749 487 1002 559 diebus
1055 486 1283 574 testiS,
1345 488 1416 557 in
1470 486 1732 576 quibus
1788 488 1877 559 ad
1930 489 2157 561 dictas
2207 490 2543 561 ecclesias
2577 507 2731 561 sese
2766 489 3121 577 conferunt,
3152 509 3237 562 re-

672 625 707 667 »
749 603 1103 671 vertentes
1156 598 1341 670 illico
1395 598 1487 669 ad
1548 594 1959 670 civitatem?

816 735 852 778 »
895 712 964 781 2.
1032 710 1135 781 An
1187 710 1522 800 parochi,
1581 711 1703 799 qui
1758 716 2105 781 nocturno
2177 713 2590 802 ceteroquin
2643 717 2940 801 tempore
2987 712 3242 784 resident
3295 708 3303 725 “
3414 778 3415 807 Ν

670 848 708 893 ›
750 822 942 913 apud
993 840 1163 892 suas
1213 820 1592 906 ecclesiaS‚
1650 822 1923 910 possint
1976 821 2334 893 celebrata
2388 841 2664 894 summo
2724 841 2921 895 mane
2968 822 3145 894 Missa
3184 824 3244 893 iu

670 958 708 1003 ›
750 933 956 1005 dictis
1011 931 1355 1021 ecclesiis,
1411 950 1487 1003 se
1541 930 1859 1004 conferre
1913 933 2002 1004 ad
2058 934 2417 1005 civitatem
2473 940 2545 1005 et
2594 936 2668 1005 in
2722 951 2805 1006 ea
2853 935 3078 1005 diurno
3109 941 3247 1006 tem-

670 1069 708 1114 ›
749 1062 916 1134 pore
970 1043 1186 1114 totius
1222 1042 1334 1113 vel
1388 1044 1672 1113 maioris
1725 1044 1949 1133 partis
1986 1045 2156 1115 anni
2195 1046 2636 1134 commorari,
2670 1045 2833 1118 licet
2866 1045 3039 1136 apud
3070 1044 3248 1116 dictas

669 1178 707 1223 ›
748 1153 1082 1225 ecclesias
1135 1152 1377 1225 adsint
1427 1171 1669 1226 eorum
1723 1151 2144 1226 substituti?

816 1290 851 1333 ›
894 1267 967 1336 3.
1027 1264 1134 1335 An
1172 1264 1340 1337 dicti
1395 1265 1711 1356 parochi,
1757 1267 1878 1354 qui
1919 1268 2330 1356 ceteroquin
2368 1265 2623 1338 diurno
2660 1275 2966 1359 tempore
2998 1266 3251 1338 resident
3414 1358 3415 1371 Ν

667 1403 705 1448 ›
747 1378 939 1467 apud
991 1396 1160 1448 suas
1198 1377 1560 1465 ecclesias,
1602 1378 1882 1468 possint
1920 1386 2261 1450 nocturno
2300 1385 2613 1469 tempore
2649 1381 2867 1451 totius
2902 1378 3000 1450 vel
3026 1375 3252 1448 maioris
3383 1384 3415 1422 ’κ

666 1511 704 1556 ν
748 1490 969 1579 partis
1041 1490 1206 1559 anni
1265 1489 1681 1561 commorari
1733 1490 1808 1559 in
1862 1490 2192 1579 civitate,
2249 1490 2415 1562 licet
2466 1491 2660 1582 apud
2712 1491 2937 1563 dictas
2984 1488 3251 1563 ecclesias

666 1625 704 1670 ›
748 1602 985 1672 adsint
1036 1618 1279 1671 eorum
1341 1595 1762 1671 substituti?

812 1735 850 1780 ν
892 1709 966 1783 S.
1008 1710 1081 1785 C.
1125 1711 1492 1802 respondit
1545 1712 1635 1783 ad
1694 1712 1763 1781 1.
1806 1713 1877 1783 2.
1923 1731 2005 1784 ac
2041 1714 2130 1783 3:
2186 1709 2554 1804 Negative.
2591 1737 2629 1782 ›

810 1821 1236 1895 Consulatur
1289 1823 1513 1893 altera
1568 1823 2021 1916 Fulqinuten.
2081 1820 2327 1896 Resid.
2378 1825 2493 1895 19.
2539 1823 2721 1916 Aug.
2767 1824 3006 1913 1752„
3056 1825 3255 1910 inqua

665 1934 1050 2028 parochum
1107 1935 1229 2005 diu
1283 1939 1641 2021 noctuque
1696 1934 1770 2003 in
1817 1934 2118 2006 aedibus
2155 1935 2681 2025 parochialibus
2719 1938 3020 2008 residere
3052 1932 3254 2005 debere

663 2047 888 2117 edixit
940 2045 1030 2115 ad
1088 2045 1156 2113 1.
1217 2044 1513 2115 dubium
1568 2040 1639 2113 S.
1684 2040 1939 2135 Congr.
1983 2043 2319 2117 Concilii:
2383 2068 2419 2111 ‹
2455 2045 2559 2118 An
2601 2048 2950 2139 parochus
2984 2046 3257 2118 ecclesiae

665 2178 703 2223 ν
745 2155 1171 2246 parochialis
1212 2152 1283 2224 S.
1320 2152 1583 2225 Mariae
1622 2155 1694 2225 in
1734 2156 2007 2225 coelum
2045 2155 2461 2248 Assumptae
2499 2164 2833 2230 teneatur
2860 2157 3140 2231 residere
3168 2154 3258 2226 diu

665 2291 703 2334 >
749 2273 1103 2354 noctuque
1141 2267 1214 2336 in
1254 2266 1557 2338 aedibus
1593 2266 2123 2355 parochialibus
2151 2270 2467 2340 eiusdem
2499 2266 2889 2343 ecclesiae?
2915 2296 2950 2339 ›
2982 2266 3252 2355 S.Congr.

662 2379 1073 2470 respondit:
1136 2399 1172 2442 «
1208 2377 1669 2450 Affirmative.
1705 2403 1743 2446 >

809 2490 977 2559 219.
1038 2485 1315 2561 Exinde
1370 2497 1593 2580 patet,
1651 2489 1996 2580 parochos
2050 2490 2357 2562 residere
2413 2492 2640 2562 teneri
2690 2494 2955 2566 nedum
3006 2493 3073 2563 in
3105 2504 3260 2580 paro-

663 2600 849 2688 chia,
891 2602 1016 2674 sed
1074 2608 1141 2673 et
1197 2604 1268 2675 in
1322 2602 1528 2674 domo
1581 2603 1997 2693 parochiali,
2040 2603 2095 2672 si
2136 2623 2348 2693 quam
2388 2604 2703 2696 habent;
2751 2632 2790 2673 ι(
2824 2609 2933 2679 sin
2976 2623 3175 2687 secuS,
3208 2601 3261 2671 in

664 2739 702 2784 ›
746 2714 954 2784 domo
1009 2716 1498 2804 propinquiori
1553 2717 1751 2786 iuxta
1808 2715 2067 2785 limites
2121 2717 2527 2805 parochiae,
2563 2743 2601 2786 >
2658 2725 2737 2789 ut
2774 2717 2985 2791 Sacra
3020 2714 3264 2805 Congre-

664 2826 850 2915 gatio
903 2825 1125 2896 edixit
1178 2827 1248 2896 in
1307 2827 1704 2899 Fauentina
1758 2829 2019 2897 mensis
2073 2825 2238 2898 Dec.
2304 2830 2550 2911 1589..
2607 2836 2676 2901 et
2730 2829 2848 2903 die
2908 2832 3017 2902 10.
3068 2826 3260 2910 Febr„

660 2955 742 3008 ac
801 2937 914 3006 15.
962 2933 1167 3007 Mart.
1218 2938 1464 3025 1618„
1508 2945 1578 3009 et
1615 2939 1689 3008 in
1736 2940 2124 3010 Turritana
2161 2941 2571 3029 respondit:
2634 2963 2670 3006 ‹
2704 2938 3040 3013 Rectores
3086 2939 3136 3010 si
3172 2936 3269 3007 do-

662 3073 700 3116 »
743 3066 933 3124 mum
967 3048 1445 3137 parochialem
1477 3067 1618 3119 nou
1656 3049 1929 3120 habent
1970 3050 2151 3119 iutra
2193 3051 2897 3141 limitesfparochiae,
2930 3052 3073 3141 cogi
3103 3062 3265 3139 posse

662 3184 700 3227 >
744 3160 1030 3229 domum
1085 3160 1223 3231 sibi
1279 3167 1686 3231 construere
1739 3180 1826 3231 ex
1882 3161 2231 3232 fructibus
2284 3170 2354 3233 et
2391 3164 2882 3253 proventibus,
2918 3171 3035 3235 aut
3069 3161 3271 3232 saltem

660 3296 698 3339 >
742 3272 954 3340 aliam
985 3273 1378 3343 conducere
1420 3274 1602 3342 intra
1641 3274 1925 3343 eosdem
1966 3273 2251 3343 limites.
2289 3297 2325 3341 »
2367 3270 2671 3365 (Girald.
2717 3277 2849 3348 loc.
2886 3278 3006 3347 cit.
3036 3272 3101 3368 ξ.
3132 3273 3271 3349 Imo,

656 3381 779 3451 ubi
835 3402 916 3452 ea
974 3401 1100 3472 per
1153 3390 1528 3454 extensum
1586 3379 1949 3479 refertur).
2009 3381 2434 3455 Consulatur
2475 3395 2862 3459 memorata
2904 3380 3275 3477 Baptistellii

658 3489 1070 3563 Dissertatio
1124 3496 1304 3585 App.
1346 3496 1441 3566 ud
1499 3496 1668 3585 Syn.
1713 3496 1915 3586 Fulq.
1947 3515 2118 3587 paq.
2154 3495 2274 3567 77.
2314 3502 2383 3568 et
2434 3517 2610 3589 seq„
2663 3498 2785 3569 ubi
2840 3500 3053 3590 plena
3105 3511 3278 3568 manu

657 3605 1060 3676 referuntur
1115 3607 1299 3677 aliae
1354 3606 1899 3695 declarationes,
1935 3608 2199 3696 quibus
2235 3610 2486 3680 eadem
2525 3628 2636 3682 res
2674 3614 2902 3702 magis
2958 3609 3275 3701 magisque

656 3717 1007 3786 firmatur.

802 3829 971 3897 220.
1031 3823 1186 3898 Non
1239 3835 1520 3900 tenetur
1559 3837 1797 3901 tamen
1838 3830 1926 3901 ad
1966 3832 2487 3903 restitutionem
2527 3831 2917 3923 fructuum,
2960 3843 3039 3908 ut
3076 3842 3277 3906 tenen·

654 3944 771 4009 tur
800 3939 1086 4028 parochi
1128 3959 1271 4011 non
1310 3940 1731 4029 residentes,
1771 3943 1825 4012 si
1870 3961 2008 4013 non
2051 3943 2378 4013 habitant
2417 3944 2490 4014 in
2527 3944 2733 4017 domo
2771 3947 3152 4038 parochiali
3186 3947 3279 4013 aut

655 4049 841 4120 intra
895 4051 1155 4122 limites
1208 4051 1611 4141 parochiae,
1653 4059 1732 4123 ut
1772 4056 2047 4125 censuit
2084 4055 2330 4125 eadem
2387 4053 2456 4126 S.
2492 4055 2741 4148 Congr.
2786 4062 2855 4130 8.
2896 4056 3061 4129 Iulii
3101 4051 3276 4127 1624.

655 4169 999 4253 concepto
1052 4163 1270 4234 dubio
1325 4164 1435 4234 his
1488 4164 1771 4235 verbis:
1835 4165 2069 4236 «Cum
2127 4167 2264 4237 iarn
2321 4168 2680 4240 decretum
2735 4171 2870 4258 sit,
2932 4169 3281 4262 parochum

657 4296 695 4339 >
743 4275 961 4343 teneri
1018 4273 1326 4345 residere
1381 4274 1455 4343 in
1510 4274 1809 4345 aedibus
1862 4276 2391 4368 parochialibus
2440 4280 2804 4367 ecclesiae,
2846 4299 2980 4352 seu
3020 4282 3193 4352 intra
3221 4274 3286 4345 li·

656 4406 691 4449 »
734 4383 941 4453 mites
994 4383 1415 4472 parochiae,
1475 4402 1566 4455 an
1621 4385 1712 4454 ad
1786 4388 2302 4460 restitutionem
2375 4388 2733 4462 fructuum
2808 4399 3137 4463 teneatur
3193 4384 3284 4457 ille

658 4516 696 4561 ›
738 4495 1131 4583 parochuS,
1203 4496 1325 4585 qui
1381 4514 1751 4585 nunquam
1805 4497 1905 4569 sic
1959 4501 2262 4588 resedit,
2321 4501 2483 4572 licet
2538 4503 2875 4574 ecclesiae
2932 4493 3287 4595 parochiali

658 4624 696 4669 ›
738 4601 1240 4676 desei-viverit?
1276 4631 1312 4675 »
1369 4607 1441 4678 S.
1483 4604 1736 4699 Congr.
1779 4613 2098 4683 censuit:
2162 4637 2199 4680 «ι
2231 4631 2372 4684 non
2427 4616 2678 4705 teneri,
2737 4617 2861 4689 sed
2920 4612 3288 4709 cogendum
