3497 5235
601 290 722 354 298
1359 297 1727 357 lustrationis
1770 299 1823 358 8.
1854 300 2037 374 σαψ.
2067 299 2213 359 Ocno.
2254 302 2526 375 expositio.

601 443 789 512 pore.
842 431 924 496 At
971 446 1091 494 nec
1139 446 1360 494 omnes
1406 430 1716 510 canonici,
1771 451 1889 498 nec
1934 434 2154 498 saltem
2191 431 2317 498 duo
2356 445 2663 499 tenentur
2692 434 3005 511 assistere,
3043 435 3094 499 si
3129 435 3245 520 Epi-

597 549 828 615 scopus
874 549 1020 597 cum
1068 548 1264 619 cappa
1312 531 1606 598 concioni
1657 533 2047 601 interveniat
2096 546 2272 600 extra
2323 536 2756 603 cathedralem
2791 539 2854 603 in
2885 537 3245 622 quibuslibet

599 631 869 698 civitatis
918 634 1219 700 ecclesiis.
1258 671 1302 682 —
1334 638 1443 700 88.
1482 636 1813 714 Canonici,
1866 636 2022 703 dum
2072 638 2424 724 Episcopus
2476 641 2717 704 Missam
2765 641 3079 725 privatam
3117 641 3248 706 cele-

599 735 772 815 brat,
824 748 932 803 aut
979 735 1322 803 dioecesim
1368 738 1616 816 visitat,
1671 738 1884 806 eidem
1936 739 2356 806 inservientes
2403 738 2885 808 distributiones
2931 741 3248 808 ordinarias

600 858 731 907 non
778 843 1124 908 lucrantur.
1182 843 1534 908 Lucrantur
1586 854 1803 908 autem
1852 842 2179 920 canonici,
2234 844 2343 927 qui
2393 843 2740 930 Episcopo,
2793 843 2947 910 dum
2996 845 3249 911 celebrat

598 942 1054 1028 pontificaliter
1101 943 1165 1010 in
1214 944 1583 1023 cathedrali,
1638 944 2021 1010 inserviunt.
2052 981 2096 993 -
2127 948 2235 1011 89.
2273 945 2388 1024 Qui
2439 946 2725 1013 canonici
2767 948 3089 1034 Episcopo
3121 966 3249 1033 pon-

602 1045 918 1112 tificaliter
967 1047 1032 1113 in
1077 1065 1196 1113 suo
1242 1049 1503 1133 palatio,
1555 1048 1655 1114 vel
1703 1048 1978 1113 civitatis
2028 1049 2311 1114 ecclesiis
2358 1050 2707 1115 celebranti
2765 1050 3088 1126 assistunt,
3146 1069 3248 1116 non

599 1149 924 1220 lucrantur
969 1150 1454 1218 distributiones
1502 1150 2052 1217 extraordinarias.
2087 1189 2130 1200 -
2178 1154 2285 1217 90.
2345 1153 2644 1218 Canonici
2711 1172 2857 1218 cura
2920 1153 3247 1217 animarum

602 1254 839 1341 gravati
889 1254 1204 1342 Episcopo
1252 1254 1540 1321 assistere
1587 1254 1885 1343 compelli
1921 1265 2211 1342 possunt,
2250 1252 2604 1320 dummodo
2638 1254 2886 1320 nullum
2923 1253 3252 1319 detrimen-

599 1365 740 1421 tum
787 1357 1139 1423 animarum
1188 1375 1334 1422 cura
1384 1362 1679 1444 patiatur.
1710 1395 1754 1406 -
1786 1360 1895 1422 91.
1937 1357 2429 1423 Distributiones
2477 1376 2604 1424 non
2654 1359 2953 1423 amittunt
2984 1358 3248 1423 canonici

598 1457 1035 1545 spiritualibus
1083 1459 1403 1526 exercitiis
1452 1461 1708 1537 intenti,
1761 1460 2115 1527 dummodo
2163 1460 2461 1547 Episcopi
2510 1461 2767 1525 licentia
2817 1479 2948 1525 non
2981 1459 3168 1535 desit,
3200 1460 3250 1524 in

599 1562 1111 1647 Quadragesima,
1170 1561 1465 1629 Adventu
1516 1575 1580 1629 et
1627 1562 1855 1629 diebus
1899 1562 2394 1629 solemnioribus
2440 1581 2569 1628 non
2616 1562 2923 1639 incidant,
2962 1572 3027 1627 et
3060 1580 3253 1626 omnes

599 1682 730 1729 uno
763 1675 1054 1751 tempore
1090 1666 1328 1734 eisdem
1378 1686 1507 1733 non
1556 1679 1804 1734 vacent.
1838 1705 1881 1717 -
1913 1671 2021 1734 92.
2061 1667 2406 1736 Coadiutus
2453 1667 2935 1734 distributiones
2971 1670 3250 1742 lucratur,

601 1764 847 1833 etiamsi
897 1779 1073 1833 extra
1122 1766 1469 1835 dioecesim
1516 1789 1661 1836 cum
1711 1771 1963 1837 licentia
2013 1782 2445 1840 commoretur
2504 1785 2638 1837 tum
2690 1770 2847 1857 ipse,
2903 1782 3038 1836 tum
3088 1767 3250 1835 coad-

599 1865 793 1933 iutor.
850 1872 1046 1935 Lucra
1096 1890 1174 1935 ex
1223 1869 1514 1937 fallentiis
1577 1874 1744 1959 capit
1809 1873 2177 1950 coadiutus,
2244 1892 2373 1939 non
2421 1873 2777 1940 coadiutor.
2833 1873 2896 1940 Si
2948 1872 3257 1939 coadiutor

599 1969 888 2037 infirmus
938 1971 1002 2037 in
1051 1973 1308 2039 civitate
1355 1977 1457 2041 vel
1505 1987 1681 2040 extra
1730 1975 1936 2063 degit,
1992 1976 2326 2043 coadiutus
2359 1978 2555 2043 choro
2590 1976 2903 2041 inservire
2936 1994 3066 2042 non
3100 1986 3253 2040 tene-

602 2083 728 2139 tur.
769 2074 1026 2140 Etiamsi
1078 2074 1408 2144 infirmitas
1456 2078 1694 2146 nullam
1744 2077 2129 2145 valetudinis
2179 2079 2601 2166 recuperandi
2650 2098 2831 2166 spem
2871 2077 3253 2164 suppeditet.

602 2178 779 2244 quta
828 2178 1323 2247 declarationem
1359 2182 1423 2247 in
1459 2184 1748 2249 Romana
1781 2182 1984 2248 Emol.
2024 2186 2131 2248 22.
2172 2182 2357 2248 Febr.
2402 2187 2593 2248 1862.
2650 2181 2985 2248 coadiutor
3016 2191 3255 2246 tenetur

600 2281 870 2349 reficere
918 2285 1212 2353 coadiuto
1259 2285 1738 2354 distributiones
1786 2299 1851 2354 et
1898 2289 2330 2354 emolumenta
2389 2307 2471 2353 ex
2515 2284 2965 2352 anniversariis
3011 2283 3254 2367 aliisque

600 2387 1068 2473 provenientia,
1121 2408 1285 2476 quae
1332 2389 1664 2456 coadiutor
1709 2389 1792 2456 ob
1838 2409 2016 2456 suam
2064 2388 2526 2477 negligentiam
2574 2388 2830 2454 amittit.
2872 2391 2939 2453 ln
2981 2383 3254 2453 sallentiis

601 2506 637 2551 a
685 2486 1057 2557 coadiutore
1118 2490 1413 2557 coadiuto
1475 2491 1839 2559 reficiendis
1900 2493 2210 2559 detractio
2273 2491 2446 2559 iuxta
2494 2491 2731 2558 dictam
2779 2490 3254 2558 declarationem

600 2586 744 2655 fieri
789 2592 1031 2659 solebat
1075 2592 1155 2661 ad
1201 2594 1516 2662 rationem
1565 2605 1800 2684 quotae
1848 2595 2034 2675 lucri,
2088 2615 2279 2682 quam
2322 2613 2518 2681 super
2551 2594 2854 2661 fallentiis
2888 2590 3254 2659 coadiutoris

601 2691 777 2760 idem
826 2696 1155 2764 coadiutus
1203 2698 1432 2786 recipit
1481 2699 1548 2765 in
1596 2699 1878 2789 generali
1932 2697 2357 2766 fallentiarum
2405 2690 2754 2765 divisione.
2809 2701 2891 2762 At
2939 2700 3001 2763 S.
3045 2698 3117 2761 C.
3157 2711 3257 2781 ge-

598 2798 884 2864 neralem
933 2800 1297 2869 huiusmodi
1346 2802 1730 2869 divisionem
1776 2821 1905 2868 non
1953 2802 2274 2889 probavit,
2327 2802 2619 2888 adeoque
2667 2802 2888 2878 iussit,
2940 2812 3012 2866 ut
3059 2799 3257 2865 fallen·

598 2899 831 2967 tiarum
877 2902 1110 2970 divisio
1159 2904 1328 2971 inter
1373 2925 1517 2984 eoS,
1569 2906 1680 2991 qui
1727 2917 1870 2973 actu
1917 2918 2067 2971 sunt
2114 2917 2517 2990 praesentes,
2570 2906 2634 2971 in
2682 2917 3013 2993 posterum
3060 2900 3252 2966 fieret.

597 3038 642 3050 -
673 3005 785 3069 93.
823 3005 1313 3074 Distributiones
1375 3010 1702 3074 lucrantur
1746 3008 2031 3074 canonici
2092 3009 2359 3074 iubilati.
2417 3009 2595 3075 Circa
2658 3008 2779 3073 hoc
2826 3013 3253 3093 argumentum

601 3108 1066 3176 consulendum
1117 3122 1210 3178 est
1260 3111 1365 3177 fol.
1437 3112 1500 3179 in
1549 3114 1818 3177 Lucana
1865 3115 2278 3194 exemptionis
2332 3121 2391 3176 et
2438 3112 2642 3176 Emol.
2699 3114 2808 3176 30.
2865 3107 3025 3174 lunii
3077 3106 3246 3171 1858.

601 3244 644 3256 -
676 3211 785 3275 94.
825 3214 1180 3280 Canonicus
1227 3214 1456 3280 vicarii
1508 3215 1831 3280 Generalis
1878 3232 2111 3279 munus
2143 3233 2449 3279 exercens
2481 3234 2512 3278 a
2546 3213 2744 3279 choro
2778 3214 3004 3277 absens
3037 3210 3255 3274 fructus

602 3314 1018 3393 canonicales,
1072 3335 1201 3382 non
1250 3335 1407 3381 vero
1441 3315 1922 3383 distributiones
1956 3316 2255 3405 percipit.
2295 3320 2453 3382 ltem
2489 3315 2773 3381 canonici
2813 3316 3255 3380 examinatores

599 3416 932 3500 synodales
963 3467 980 3496 ,
1030 3422 1080 3490 si
1132 3429 1426 3503 tempore
1487 3419 1834 3486 choralium
1904 3419 2257 3485 officiorum
2305 3418 2579 3485 examini
2630 3415 2901 3482 adstent.
2976 3418 3123 3481 Item
3167 3428 3253 3476 ca⁴

599 3520 813 3586 nonici
850 3521 1144 3587 tribunali
1195 3525 1259 3588 S.
1299 3519 1492 3587 Officii
1531 3521 1994 3600 inservientes;
2047 3522 2203 3587 item
2253 3521 2535 3588 canonici
2586 3518 2915 3585 visitantes
2948 3515 3251 3583 ecclesiam

600 3625 1014 3689 Lauretanam
1064 3635 1129 3690 et
1176 3625 1566 3711 Angelorum
1617 3624 1701 3690 de
1752 3626 2009 3701 AssisiO,
2061 3624 2311 3709 aliaque
2366 3623 2470 3711 pia
2520 3641 2712 3708 opera
2763 3633 3164 3696 exercentes,
3207 3617 3249 3681 si

602 3724 763 3790 intra
813 3736 939 3791 tres
985 3745 1234 3792 menses
1283 3745 1419 3791 eam
1468 3728 2057 3814 peregrinationem
2108 3726 2438 3813 impleant.
2478 3729 2636 3791 Item
2671 3725 2952 3811 magistri
2989 3741 3249 3789 ceremo-

598 3828 871 3894 niarum.
926 3833 1082 3895 ltem
1129 3827 1436 3914 praefecti
1500 3830 1689 3894 sacris
1737 3830 2085 3897 exercitiis.
2140 3833 2297 3895 Item
2356 3829 2752 3896 universitati
2821 3827 3244 3894 inservientes.

601 3965 644 3978 -
676 3932 785 3997 95.
828 3931 1126 3998 Canonici
1178 3942 1244 3998 et
1289 3931 1651 3998 beneficiati
1699 3952 1929 4020 organa
1978 3934 2325 4018 pulsantes,
2378 3932 2480 3997 vel
2533 3931 2771 3996 musice
2807 3941 3104 3996 canentes
3145 3928 3250 3993 dis·

605 4034 986 4101 tributiones
1034 4036 1427 4123 percipiunt,
1479 4037 1529 4101 si
1578 4037 1828 4103 nullum
1862 4036 1938 4103 ad
1971 4035 2094 4101 hoc
2138 4035 2533 4121 stipendium
2582 4035 2862 4112 habent3
2913 4036 2962 4099 si
3015 4034 3247 4104 habent,

603 4135 855 4203 easdem
902 4140 1229 4217 amittunt,
1283 4150 1347 4205 et
1395 4149 1660 4225 possunt
1708 4141 1847 4225 cogi
1900 4139 2036 4205 aliis
2082 4140 2331 4227 poeniS,
2373 4150 2440 4206 ut
2473 4138 2668 4204 choro
2700 4158 2824 4204 una
2860 4156 3005 4203 cum
3051 4131 3253 4200 ceteris

604 4239 928 4307 intersint.
981 4279 1024 4290 -
1068 4246 1178 4309 96.
1234 4243 1533 4309 Canonici
1599 4242 1884 4328 insigniti
1933 4242 2140 4328 aliqua
2188 4241 2713 4319 honorificentia,
2768 4259 2933 4327 quae
2996 4241 3254 4306 habitum

600 4345 939 4429 proprium
986 4346 1228 4424 habet,
1268 4346 1362 4423 si,
1415 4347 1757 4413 canonicali
1807 4345 2027 4412 habitu
2074 4348 2382 4430 seposito,
2440 4344 2661 4410 habitu
2716 4344 2931 4410 eidem
2978 4336 3256 4411 bonorifi-

602 4447 848 4512 centiae
895 4450 1160 4536 proprio
1212 4450 1274 4514 in
1326 4449 1522 4515 choro
1569 4447 1921 4526 adsistunt,
1976 4450 2066 4514 uti
2119 4448 2406 4514 absentes
2453 4447 2809 4524 habentur,
2862 4467 2930 4512 ac
2978 4442 3259 4512 distribu-

605 4545 814 4612 tiones
862 4548 1255 4636 deperdunt.
1290 4588 1335 4600 -
1366 4553 1475 4616 97.
1531 4552 1735 4619 Aliter
1782 4550 2034 4628 accidit,
2069 4552 2118 4616 si
2154 4549 2437 4617 canonici
2489 4550 2554 4617 in
2602 4549 2796 4615 choro
2837 4549 3039 4615 adsint
3068 4547 3254 4611 bireto

605 4648 912 4716 doctorali
964 4671 1109 4719 cnm
1157 4666 1432 4738 quatuor
1478 4655 1762 4750 apicibus
1810 4654 2122 4741 cooperti,
2176 4673 2558 4740 quamquam
2604 4653 2723 4720 hoc
2776 4653 2983 4739 ipsum
3029 4648 3253 4717 licitum
