3497 5235
486 371 605 433 524
1229 364 1599 424 humationi·
1639 362 1691 423 S'.
1725 365 1908 439 Gongr.
1937 363 2084 423 Οοιιο.
2125 363 2396 438 expositio.

636 503 1025 595 Sequentia
1078 501 1298 574 dubia
1351 521 1392 572 a
1441 499 1935 573 sacerdotibus
1987 506 2057 571 et
2106 498 2555 573 beneficiatis
2606 498 2948 571 dioecesis
2993 497 3160 571 Ale-

483 617 755 691 xandr.
800 621 872 687 et
914 614 1242 706 quntin.
1283 612 1514 685 eidem
1568 609 1640 683 S.
1682 609 1758 683 C.
1800 610 1875 682 C.
1917 612 2281 702 proposita
2332 618 2549 683 sunt:

641 729 709 798 1.
755 750 793 793 «
831 725 941 797 An
993 725 1396 798 sacerdotes
1448 729 1519 797 et
1553 724 1791 797 clerici
1824 723 2234 796 beneficiati
2272 723 2548 815 possint
2583 740 2838 813 operas
2873 740 3168 794 suorum

494 870 533 913 ι»
573 842 863 929 bovum,
906 858 1088 930 quas
1137 858 1265 931 pro
1314 837 1729 910 laborandis
1780 836 2095 929 praediis
2145 837 2292 908 suis
2362 833 2985 929 patrimonialibus
3036 851 3170 905 seu

496 981 535 1025 ι»
575 951 1122 1028 beneficialibus
1172 952 1510 1039 retinent,
1550 949 1721 1021 dum
1776 948 1915 1021 sibi
1965 955 2252 1051 vacant,
2293 948 2453 1020 aliis
2506 947 2740 1019 locare
2789 965 2917 1038 pro
2969 953 3166 1018 certa

496 1093 535 1136 ι»
576 1066 901 1139 mercede
953 1063 1229 1154 absque
1279 1062 1595 1155 periculo
1645 1062 1853 1155 spolii
1906 1067 1977 1134 et
2028 1079 2424 1155 poenarum
2460 1060 2734 1133 clericis
2769 1060 3171 1153 negotiato-

498 1205 537 1249 ι»
577 1180 777 1252 ribus
829 1171 1362 1269 impositarum?

641 1292 713 1363 2.
760 1315 799 1359 ν
841 1288 950 1361 An
1003 1290 1304 1382 possint,
1364 1287 1424 1360 si
1474 1285 1694 1360 boves
1745 1289 2047 1362 emerint
2099 1289 2211 1360 vel
2263 1289 2337 1360 in
2389 1288 2539 1360 suis
2592 1288 2907 1379 praediis
2959 1292 3173 1358 natos

498 1431 537 1474 ι»
577 1401 1042 1478 educaverint
1092 1407 1165 1474 et
1200 1399 1750 1488 introduxerint,
1789 1400 2213 1488 conducere,
2254 1407 2334 1472 ut
2371 1399 2581 1492 vulgo
2638 1399 2899 1474 dicitur
2941 1420 2990 1472 a
3024 1400 3173 1492 9ἰο-

498 1542 537 1585 »
577 1516 847 1596 vatico,
883 1530 1011 1604 pro
1064 1518 1255 1586 certa
1309 1511 1522 1584 tritici
1576 1513 2008 1600 quantitate,
2050 1510 2372 1601 quolibet
2422 1531 2614 1585 anno
2665 1505 3171 1605 persolvenda?

646 1627 718 1698 3.
766 1649 804 1692 ›
847 1623 952 1695 An
1004 1624 1279 1715 possint
1329 1639 1496 1695 oves
1548 1629 1865 1709 centum,
1905 1623 2019 1694 vel
2070 1622 2325 1695 saltem
2389 1626 2895 1717 quadraginta,
2955 1622 3174 1696 simili

500 1763 539 1806 ι»
582 1738 863 1809 actione
915 1735 1301 1808 concedere
1351 1751 1480 1824 pro
1533 1740 1724 1806 certa
1778 1752 2143 1807 caseorum
2197 1738 2602 1825 quantitate
2654 1754 2782 1828 pro
2817 1754 3062 1809 eorum
3100 1743 3174 1809 et

500 1872 539 1916 ι»
580 1867 752 1922 suae
805 1848 1118 1920 familiae
1169 1841 1354 1918 usu?

646 1961 719 2032 4.
765 1984 803 2027 »
848 1959 953 2031 An
1003 1960 1080 2032 in
1130 1959 1279 2031 suis
1347 1958 1778 2030 molendinis
1846 1977 1974 2050 pro
2043 1960 2275 2032 tritico
2346 1966 2417 2033 et
2467 1961 2786 2052 pistrinis
2837 1979 2966 2051 pro
3020 1959 3176 2031 oleo

501 2095 543 2142 w
583 2077 962 2164 postquam
1015 2089 1223 2143 suum
1278 2070 1590 2143 triticum
1636 2077 1764 2142 aut
1797 2070 2022 2143 olivas
2059 2072 2467 2161 moluerint,
2508 2074 2818 2145 alienum
2859 2072 3173 2144 triticum

502 2208 541 2254 ›
582 2189 654 2257 et
689 2184 963 2256 alienas
1013 2183 1262 2271 olivas,
1301 2187 1497 2256 certa
1542 2183 1866 2257 mercede
1904 2185 2318 2274 constituta,
2360 2185 2622 2258 molere
2657 2184 2963 2277 possint3
3005 2199 3178 2273 sup-

502 2319 543 2362 »
581 2295 835 2387 positis
889 2293 1398 2386 infrascriptis:
1457 2296 1651 2385 quod
1703 2296 1776 2368 id
1830 2295 1922 2367 ab
1975 2296 2518 2369 immemorabili
2589 2301 2907 2387 tempore
2959 2293 3180 2367 fuerit

503 2428 542 2474 ›
582 2405 849 2477 factum
904 2412 976 2477 et
1017 2405 1503 2495 observatum3
1545 2406 1737 2497 quod
1772 2407 2074 2499 singulis
2112 2409 2322 2480 annis
2358 2427 2504 2480 non
2537 2409 2827 2500 expedit
2859 2425 2987 2499 pro
3023 2408 3176 2480 solo

504 2539 543 2585 ›
585 2517 877 2588 servitio
928 2518 1211 2608 proprio
1266 2518 1558 2609 triginta
1610 2518 1720 2590 vel
1775 2517 2254 2611 quadraginta
2307 2520 2605 2594 ducatos
2646 2520 3061 2612 impendere
3097 2521 3179 2592 in

504 2653 543 2697 ι»
584 2628 1044 2702 conficiendis
1095 2631 1441 2722 pistrinis,
1487 2649 1653 2702 nam
1691 2630 1876 2702 fiunt
1911 2650 1993 2703 ex
2036 2633 2265 2704 iuncis
2300 2639 2371 2706 et
2407 2634 2567 2705 aliis
2602 2633 2949 2720 materiiS,
2982 2650 3178 2722 quae

503 2765 543 2810 ι
583 2740 949 2813 mensibus
1002 2743 1324 2832 quinque
1392 2748 1520 2814 aut
1586 2759 1711 2814 sex
1763 2749 2343 2835 corrumpuntur,
2402 2752 2475 2818 et
2542 2746 2616 2817 in
2667 2762 2811 2817 uno
2862 2762 3048 2834 equo
3103 2750 3179 2817 et

503 2880 542 2924 ι
583 2862 892 2946 quatuor
932 2856 1257 2948 personis
1293 2854 1847 2929 inservientibus
1884 2856 2058 2948 ipsis
2094 2857 2460 2949 pistrinis;
2501 2866 2573 2931 et
2610 2857 2803 2948 quod
2838 2857 3179 2929 molitura

507 2993 546 3037 ι»
586 2968 933 3041 olivarum
987 2968 1200 3041 durat
1249 2986 1376 3059 per
1426 2973 1762 3058 quatuor,
1803 2968 2127 3058 quinque
2178 2971 2289 3042 vel
2325 2988 2451 3043 sex
2486 2987 2771 3043 menses
2807 2969 3008 3041 iuxta
3044 2987 3184 3040 an-

510 3105 549 3151 >
589 3099 845 3154 norum
897 3074 1381 3153 fertilitatem?

652 3194 723 3264 5.
770 3217 810 3259 »
857 3189 960 3264 An
1013 3193 1287 3283 possint
1325 3209 1685 3264 assumere
1722 3209 1905 3264 onus
1937 3192 2317 3284 colligendi
2354 3201 2426 3266 et
2462 3192 2771 3267 faciendi
2807 3212 2849 3262 a
2883 3210 3017 3264 sua
3070 3190 3186 3263 ta-

506 3328 545 3374 >
587 3304 784 3376 milia
837 3303 1168 3396 colligere
1220 3304 1443 3376 olivas
1476 3322 1605 3394 pro
1642 3310 1836 3376 certa
1870 3304 2007 3376 olei
2044 3306 2369 3396 portione
2405 3306 2692 3378 domino
2736 3305 2978 3378 oliveti
3014 3303 3181 3375 red-

506 3438 545 3482 »
587 3414 853 3503 denda,
893 3416 1264 3507 supposita
1316 3416 1391 3487 in
1442 3414 1576 3488 hoc
1629 3416 2170 3489 immemorabili
2225 3411 2794 3491 consuetudine?

651 3528 723 3598 6.
767 3552 805 3596 ›
852 3526 954 3599 An
1007 3529 1281 3619 possint
1340 3528 1417 3598 in
1468 3527 1678 3600 bonis
1731 3528 2119 3600 amicorum
2169 3536 2240 3600 et
2292 3531 2853 3621 propinquorum
2920 3545 3180 3620 operas

507 3662 546 3706 ι
585 3638 885 3711 diurnas
936 3646 1326 3730 praestare,
1367 3646 1448 3712 ut
1497 3638 1638 3710 illis
1688 3638 1976 3711 easdem
2031 3641 2101 3712 in
2156 3641 2470 3731 praediis
2523 3635 2941 3715 restituant?
2983 3665 3022 3709 ι

657 3748 762 3824 Ad
812 3751 988 3823 haec
1041 3750 1262 3824 dubia
1314 3768 1738 3843 responsum
1792 3749 1970 3824 fuit:

659 3887 697 3929 «ι
737 3862 845 3934 Ad
903 3863 971 3934 1.
1018 3862 1476 3950 Affirmative,
1519 3863 1578 3934 si
1631 3868 1736 3934 tot
1772 3863 1932 3955 iuga
1971 3863 2234 3936 bovum
2270 3866 2742 3947 retineantur,
2785 3872 2962 3956 quot
3009 3871 3182 3938 sunt

511 4000 550 4046 ›
589 3993 718 4068 pro
770 3975 1082 4067 praediis
1134 3975 1566 4063 necessaria,
1606 3974 1716 4046 vel
1771 3976 1831 4046 si
1867 3975 2053 4047 ultra
2093 3978 2588 4050 necessitatem
2625 3977 2847 4050 boves
2882 3977 2989 4048 illi
3025 3976 3179 4049 nati

511 4114 550 4158 »
589 4089 736 4161 sint
768 4107 855 4161 ex
894 4089 1151 4177 vacciS,
1185 4105 1370 4178 quae
1408 4104 1538 4178 pro
1566 4088 1993 4160 necessitate
2027 4087 2349 4159 culturae
2382 4089 2866 4180 praediorum,
2898 4088 3016 4160 vel
3043 4089 3173 4160 alio

510 4224 549 4268 ι»
589 4200 783 4274 licito
818 4199 1026 4272 modo
1062 4205 1398 4272 tenentur
1446 4218 1576 4291 per
1611 4199 2007 4271 doctrinam
2060 4195 2391 4289 Molinae,
2434 4201 2589 4273 loco
2631 4201 2819 4273 infra
2855 4199 3173 4275 citando.

659 4335 697 4378 »
739 4310 847 4382 Ad
895 4312 968 4382 2.
1010 4308 1256 4393 Quoad
1291 4309 1512 4382 boves
1547 4317 1824 4402 emptos
1860 4311 2214 4403 negative,
2258 4329 2400 4402 quo
2436 4331 2602 4386 vero
2637 4313 2729 4385 ad
2764 4311 2987 4385 boves
3021 4329 3180 4403 pro-

508 4448 547 4492 »
587 4426 807 4516 prios‚
848 4423 1296 4496 affirmative.
1335 4420 1416 4494 P.
1451 4418 1712 4494 Molina
1750 4422 1839 4495 de
1871 4423 2231 4497 Contract.
2267 4425 2468 4517 Disp.
2502 4423 2672 4498 342.
2709 4443 2784 4496 n.
2817 4423 2933 4506 4.,
2962 4440 3175 4515 quam

507 4558 546 4601 ι»
586 4534 804 4605 refert
855 4540 928 4607 et
980 4536 1305 4625 sequitur
1355 4531 1717 4616 Quaranta
1770 4533 1987 4606 verbo
2050 4535 2382 4628 Vectiqaz.
2423 4533 2496 4631 ἓ.
2543 4537 2919 4611 Similiter.
2991 4557 2998 4562 ·

657 4665 695 4709 ›
737 4641 843 4713 Ad
893 4646 965 4714 3.
1014 4644 1485 4732 Affirmative,
1544 4647 1603 4717 si
1654 4663 1821 4718 oves
1871 4647 2200 4737 propriae
2251 4647 2517 4720 fuerint
2570 4655 2640 4720 et
2694 4666 2841 4719 non
2892 4655 3172 4739 emptae

509 4774 548 4819 ›
591 4751 684 4823 ad
735 4753 912 4825 illud
948 4755 1303 4844 effectum,
1330 4774 1417 4829 ex
1453 4759 1923 4849 praecedente
1960 4754 2265 4831 Molinae
2294 4759 2647 4850 doctrina,
2670 4767 2743 4833 et
2769 4761 2830 4832 si
2857 4766 3163 4852 emptae,
