3497 5235
750 270 1029 346 Appendix.
1069 271 1141 329 De
1183 269 1551 332 enodatum
1589 266 1951 328 heberietiee
1990 265 2321 342 expetitione.
2755 265 2871 329 101

258 437 286 477 ν
316 408 460 482 dam
506 406 1043 480 archidioecesis
1093 404 1497 493 Firmanae,
1554 406 1773 477 rurali
1826 403 2191 493 ecclesiae,
2247 401 2372 475 ubi
2426 398 2551 474 SS.
2592 398 2877 476 Eucha-

256 545 286 586 ν
317 519 527 590 ristiae
576 514 1118 590 Sacramentum
1156 517 1474 607 quotidie
1510 522 1942 604 asservatur,
1983 517 2084 587 uti
2124 515 2459 588 aedituus
2508 514 2868 607 addictuS,

259 658 289 698 ι
321 632 379 702 S.
407 628 470 703 C.
508 626 1160 720 Imaum-supplex
1196 630 1494 721 rogavit,
1539 634 1614 701 ut
1650 628 2014 700 declarare
2067 626 2482 718 dignaretur
2533 627 2863 718 dubium,

259 768 288 809 ι
318 741 483 832 quod
512 740 709 814 hisce
746 742 1064 814 terminis
1100 747 1521 832 conceptum
1560 741 1951 831 proposuit,
1986 740 2356 810 nimirum:
2402 758 2496 810 an
2534 741 2868 813 aedituus

260 879 288 919 ›
315 852 541 924 ruralis
572 854 945 941 ecclesiae,
986 852 1108 924 ubi
1145 851 1439 925 SSmum
1474 851 1965 927 Eucharistiae
2011 839 2551 925 Sacramentum
2588 870 2869 945 semper

258 990 288 1031 »
318 970 718 1053 asservatur,
760 970 1091 1038 teneatur
1140 965 1234 1036 ibi
1270 966 1603 1053 residere,
1647 971 1727 1037 ut
1761 969 2292 1037 sacrosanctum
2344 960 2598 1036 Missae
2649 967 2868 1038 sacri-

258 1102 288 1143 »
319 1077 519 1150 ficium
556 1076 880 1169 quotidie
916 1077 1269 1151 celebret:
1327 1079 1437 1151 vel
1474 1098 1568 1150 an
1603 1078 1825 1170 possit
1864 1094 1987 1170 per
2024 1078 2343 1167 quinque
2393 1077 2499 1148 vel
2547 1095 2672 1149 sex
2709 1077 2866 1152 dies

259 1216 286 1254 ι
314 1189 598 1279 quolibet
636 1208 885 1263 mense
922 1189 1333 1278 abscedere,
1375 1196 1454 1262 ut
1491 1191 1653 1263 aliis
1679 1188 2239 1280 obligationibus
2271 1189 2345 1260 in
2383 1188 2521 1260 alia
2561 1189 2863 1263 ecclesia

257 1295 536 1373 »vaceti
588 1300 665 1374 S.
709 1300 785 1374 C.
830 1303 1244 1394 respondit:
1301 1303 1530 1374 teneri
1584 1301 1674 1373 ad
1728 1301 2189 1374 residentiam
2245 1307 2315 1372 et
2370 1301 2863 1389 quotidianam

256 1410 534 1487 »Missae
581 1414 1187 1502 celebrationem,
1249 1416 1361 1487 vel
1431 1432 1556 1505 per
1607 1432 1683 1486 se
1747 1414 1855 1486 vel
1925 1432 2052 1505 per
2110 1413 2330 1485 alium
2381 1412 2856 1488 sacerdotem.

257 1520 416 1599 »Die
464 1527 573 1599 16.
616 1524 834 1603 Mart.
884 1528 1096 1602 1833.
1155 1524 1510 1602 Firmana.
1555 1550 1595 1595 υ
1651 1522 2075 1621 (Gardellini
2127 1544 2328 1601 num.
2372 1519 2655 1622 4700.).

1148 1752 1919 1809 *νοσῶ-

1309 1996 1739 2060 ΑΡΡΕΝΠΙΧ.

361 2182 678 2241 Benedicti
714 2183 884 2239 XIV.
922 2185 1247 2246 Institutio
1283 2183 1487 2239 XXX.
1525 2181 1618 2238 De
1656 2180 1772 2237 SS.
1803 2180 2243 2238 Eucharistiae
2280 2180 2707 2252 expositione.

339 2388 749 2455 Smrnmmr.
807 2391 895 2454 De
951 2386 1163 2452 divina
1227 2384 1656 2454 Eucharistiae
1719 2385 2159 2471 expositione,
2211 2403 2279 2450 ac
2331 2381 2410 2449 de
2460 2381 2865 2451 benedictio-

238 2486 408 2565 nibus,
454 2510 619 2575 quae
667 2508 812 2556 cum
862 2490 991 2575 ipsa
1040 2491 1329 2555 conclusa
1381 2490 1445 2554 in
1490 2509 1655 2555 sacra
1690 2487 1928 2574 pyxide
1976 2489 2218 2573 populo
2267 2487 2659 2554 tribuuntur.
2690 2523 2734 2538 -
2770 2490 2857 2554 De

236 2585 523 2678 disciplina
589 2592 904 2659 Ecclesiae
957 2612 1075 2680 pro
1123 2595 1231 2663 SS.
1272 2591 1654 2660 Saos-amenti
1708 2591 2133 2677 expositione,
2185 2608 2256 2655 ac
2305 2591 2385 2658 de
2431 2590 2862 2679 processioni-

233 2692 344 2769 bus,
375 2696 599 2779 quibus
643 2716 717 2761 ea
764 2694 1236 2774 circumfertur,
1270 2695 1606 2780 veterique
1654 2695 1903 2761 illarum
1956 2693 2455 2761 institutione·
2486 2695 2622 2759 Non
2672 2712 2861 2780 posse

234 2796 646 2864 cucharistiam
694 2790 953 2884 publice
1000 2798 1263 2886 exponi,
1315 2797 1434 2863 nisi
1485 2798 1690 2883 aliqua
1726 2817 1902 2863 causa
1936 2797 2191 2886 publica
2232 2796 2638 2874 interveniat,
2693 2815 2856 2883 quae

230 2895 500 2965 (it-dinarii
547 2902 923 2967 auctoritate
972 2902 1300 2987 probetur.
1332 2936 1374 2950 -
1406 2905 1493 2967 De
1529 2900 2033 2987 expositionibus
2083 2903 2190 2968 SS.
2230 2900 2640 2977 Sacc-amenti,
2692 2918 2856 2986 quae

224 2999 447 3086 singulis
494 3002 724 3069 diebus
769 3004 977 3089 aliqua
1029 3003 1094 3068 in
1141 3004 1403 3069 ecclesia
1475 3003 1645 3070 iuxta
1695 3003 2061 3091 impressam
2109 3002 2397 3070 tabellam
2461 3020 2579 3088 per
2627 3002 2852 3071 urbem

225 3100 544 3171 alternatim
591 3106 808 3172 haberi
855 3107 1082 3173 solent.
1120 3142 1163 3155 -
1200 3112 1284 3173 De
1333 3105 1470 3173 aliis
1518 3105 2066 3193 expositionibus,
2120 3125 2280 3191 quae
2328 3104 2554 3171 diebus
2599 3124 2719 3190 per
2764 3118 2852 3172 ta-

225 3202 413 3283 bellam
459 3209 727 3274 minime
775 3208 1118 3296 designatis
1152 3208 1340 3275 etiam
1390 3209 1452 3275 in
1499 3209 1909 3295 Regularium
1947 3209 2226 3276 ecclesiis
2273 3207 2508 3293 absque
2538 3207 2852 3276 ordinarii

224 3304 477 3376 facultate
537 3309 982 3379 instituuntur.
1020 3347 1063 3359 -
1112 3314 1269 3378 Usus
1315 3312 1733 3398 expositionis
1794 3311 2155 3378 huiusmodi
2222 3310 2638 3396 improbatur,
2708 3330 2853 3379 cum

223 3409 334 3479 dies
378 3414 510 3479 sesti
564 3418 937 3483 Sanctorum
972 3417 1412 3496 celebrantur3
1465 3428 1529 3483 et
1577 3416 1828 3482 cuinam
1880 3415 2103 3482 rationi
2154 3414 2272 3481 hoc
2320 3415 2650 3482 consilium
2682 3416 2852 3484 inni·

224 3526 448 3582 tatur.-
479 3521 569 3584 De
617 3518 882 3604 privatis
931 3519 1453 3607 expositionibus,
1510 3530 1572 3585 et
1620 3539 1747 3605 quo
1797 3531 1979 3605 pacto
2031 3517 2165 3585 fieri
2218 3518 2512 3585 debeant.
2543 3554 2585 3568 -
2615 3520 2853 3598 Quibus

226 3622 600 3686 caeremoniis
649 3621 940 3708 publicae
986 3622 1414 3708 expositiones
1464 3621 1841 3689 indicendae
1887 3621 2035 3687 sint.
2066 3659 2107 3672 -
2142 3625 2229 3689 De
2265 3623 2547 3689 oratione
2581 3622 2855 3708 quadra·

226 3721 364 3806 ginta
408 3722 745 3800 horarum3
812 3734 876 3789 et
923 3725 1063 3809 quis
1109 3736 1331 3791 auctor
1378 3724 1544 3797 illam
1595 3723 1943 3792 induxerit.
1983 3761 2025 3775 -
2073 3729 2161 3792 De
2209 3724 2714 3802 consuetudine,
2770 3725 2850 3793 ob

227 3843 382 3908 qnam
426 3827 672 3911 pluries
721 3826 786 3891 in
835 3825 1005 3893 diem
1054 3827 1417 3894 benedictio
1465 3847 1607 3894 cum
1653 3847 1821 3894 sacra
1873 3828 2108 3913 pyxide
2156 3831 2400 3916 populo
2450 3828 2846 3915 impertitur,

226 3927 367 4011 quod
408 3947 552 3996 sane
599 3929 840 3996 nullius
872 3931 1030 3996 ritus
1060 3932 1433 3998 auctoritate
1465 3930 1793 4017 probatur.
1848 3932 1975 4011 Qua
2015 3933 2257 3999 ratione
2308 3933 2371 3999 in
2419 3944 2750 4021 posterum
2782 3930 2846 4001 id

226 4031 655 4113 perficiendum
700 4034 804 4100 sit.

348 4207 408 4279 1.
461 4206 1000 4283 Sacrosanctam
1052 4207 1573 4284 Eucharistiam
1624 4212 1700 4284 in
1752 4212 2035 4305 templis
2087 4214 2343 4305 exponi
2397 4231 2633 4305 posse,
2691 4210 2846 4287 cul-

229 4320 413 4407 tuque
469 4319 719 4394 latriae
772 4320 1213 4394 adorandam
1263 4323 1655 4396 certissimo
1708 4324 2040 4418 dogmate
2112 4327 2436 4399 novimus
2497 4327 2840 4400 universi.

234 4422 454 4520 Siquis
488 4440 731 4505 autem
769 4435 1198 4506 contrarium
1237 4436 1528 4525 sentiat,
1559 4435 1912 4509 obnoxius
1948 4444 2056 4511 est
2093 4438 2838 4528 excommunicationi,

227 4553 400 4727 <alileam
450 4541 864 4756 'l'ijdentina
912 4542 1240 4638 Synodus
1287 4549 1791 4642 promulgavit.
1848 4542 2071 4647 (Can.
2108 4548 2176 4624 6.
2219 4568 2386 4623 sess.
2425 4548 2542 4626 13.
2586 4550 2668 4625 de
2698 4551 2845 4625 Eu-

330 4658 522 4732 ristia
569 4712 589 4731 .
