3497 5235
1005 334 1123 409 ⁰⁸1⁸·
1153 335 1250 393 111.
1291 336 1364 391 De
1404 332 1538 392 clero
1579 334 1850 394 meultri.
1889 338 1945 410 ἓ.
1972 337 2023 394 8.
2721 336 2835 401 413

204 497 236 543 >
266 479 327 546 et
380 472 619 565 gravia
656 478 1079 565 argumenta
1114 477 1538 564 suppetunt,
1570 479 1743 545 tunc
1781 473 1853 544 in
1887 476 2244 563 potestate
2277 468 2611 566 Episcopi
2646 492 2830 564 3553,

203 610 235 653 ›
266 587 470 658 etiam
520 589 723 657 extra
759 584 1270 672 visitationem,
1314 586 1504 656 omni
1542 566 1783 658 iudicii
1820 583 2044 657 forma
2081 585 2386 673 seclusa,
2425 584 2838 657 huiusmodi

202 722 233 766 ι
262 695 642 788 parochum
695 694 788 767 ad
844 713 1146 767 examen
1184 714 1461 785 vocare,
1503 697 1831 795 quamvis
1866 695 2045 767 alias
2082 696 2173 768 ab
2212 697 2459 769 eodem
2489 693 2841 789 Episcopo

203 809 327 879 »in
376 806 836 898 praecedeuti
891 806 1219 879 examine
1281 807 1720 899 approbatus
1771 807 2009 880 fuerit.
2069 805 2181 881 Ita
2235 810 2404 880 olim
2482 807 2553 881 S.
2595 807 2671 880 C.
2728 828 2841 882 re-

200 944 232 987 »
263 917 542 1010 spondit
577 914 927 1009 Episcopo
964 914 1494 1008 Pampilonensi
1522 919 1637 994 die
1672 920 1794 993 22.
1822 918 2020 1011 Sept.
2052 922 2301 1009 1668,
2334 922 2544 993 sicuti
2577 922 2842 1014 legitur

200 1053 231 1100 ›
263 1030 328 1101 in
380 1028 799 1109 lib.,decret.
838 1028 962 1102 26.
1001 1049 1168 1123 paq.
1231 1029 1464 1103 108...
1521 1029 1691 1104 Cum
1762 1032 1895 1105 sub
1949 1032 2063 1105 die
2119 1034 2234 1104 15.
2277 1029 2569 1104 Ianuar.
2614 1034 2831 1106 1667.

201 1165 232 1209 ›
265 1142 345 1214 ad
398 1142 817 1216 instantiam
870 1136 1203 1232 Episcopi
1253 1138 1824 1233 Pampilonensis
1892 1142 1983 1215 ab
2043 1141 2180 1215 hac
2233 1140 2306 1215 S.
2347 1142 2603 1236 Congr.
2643 1163 2839 1218 reso-

200 1253 484 1325 ›lutum
538 1253 789 1344 suerit,
848 1255 1102 1345 primo,
1158 1272 1367 1345 posse
1418 1251 1849 1349 Episcopum
1899 1256 2310 1329 examinare
2363 1257 2708 1348 parochos
2759 1264 2832 1330 et

200 1387 231 1431 ι
264 1370 560 1437 rectores
611 1366 830 1438 semel
883 1365 1316 1457 approbatos
1368 1368 1460 1440 ad
1512 1386 1753 1439 curam
1800 1368 2228 1456 animarum,
2286 1369 2576 1459 quando
2629 1370 2836 1443 adest

196 1498 227 1542 ι
260 1476 639 1549 vehemens
691 1477 999 1566 suspicio
1053 1478 1140 1550 de
1194 1497 1435 1551 eorum
1491 1479 1891 1573 imperitia3
1949 1480 2292 1568 secund0,
2331 1498 2541 1572 posse
2577 1480 2667 1553 ad
2703 1480 2841 1552 hu-

193 1610 227 1656 »
260 1586 559 1659 iusmodi
613 1606 915 1662 examen
966 1592 1351 1681 procedere
1392 1592 1608 1663 etiam
1644 1599 1846 1664 extra
1881 1591 2406 1682 visitationem3
2463 1594 2701 1683 tertio,
2743 1594 2837 1667 ad

193 1721 224 1765 ι
257 1699 521 1772 dictum
557 1718 857 1773 examen
914 1699 1323 1774 faciendum
1367 1702 1564 1775 haud
1602 1722 1894 1776 necesse
1930 1723 2113 1794 3553,
2158 1711 2236 1778 ut
2271 1705 2642 1777 iudiciales
2678 1724 2841 1796 pro-

188 1833 220 1877 >
253 1809 584 1885 bationes
633 1812 1032 1905 imperitiae
1084 1814 1545 1905 praecedant.
1585 1810 1791 1887 Nunc
1827 1816 2182 1907 supplicat
2217 1811 2614 1907 Episcopus
2653 1816 2832 1907 ipso,

188 1944 220 1988 ›
255 1940 372 2012 per
421 1922 614 1994 hanc
666 1920 740 1994 S.
781 1921 1034 2015 Congr.
1088 1925 1387 1997 ulterius
1456 1926 1847 2016 declarari,
1905 1945 1999 1998 an
2053 1928 2129 1998 in
2181 1936 2346 2000 actu
2408 1928 2842 2001 visitationis

185 2059 219 2102 ι
253 2036 595 2110 (113333515
630 2040 852 2129 possit
887 2034 1284 2131 Episcopus
1319 2043 1727 2113 examinare
1762 2041 2135 2134 parochOS,
2169 2048 2530 2133 quotquot
2565 2043 2832 2132 visitat,

183 2172 219 2215 ι
254 2152 530 2222 etiamsi
587 2158 832 2223 contra
886 2151 1043 2223 illos
1095 2152 1204 2222 vel
1277 2153 1589 2242 aliquem
1659 2153 1972 2244 ipsorum
2027 2171 2170 2224 non
2223 2155 2458 2245 vigeat
2527 2155 2839 2247 suspicio

180 2288 215 2333 ι
252 2260 698 2356 imperitiae?
732 2288 769 2333 »
825 2271 897 2336 et
949 2260 1020 2335 S.
1064 2263 1526 2358 congregatio
1577 2264 1987 2356 respondit:
2049 2288 2087 2329 α
2118 2261 2487 2356 Negative.
2527 2289 2565 2332 »

312 2378 485 2449 278.
547 2373 632 2450 Id
682 2384 923 2449 autem
976 2374 1371 2467 Episcopus
1424 2377 1646 2449 multo
1697 2377 1924 2469 magis
1977 2394 2185 2467 agere
2240 2377 2549 2467 poterit,
2605 2377 2665 2449 si
2723 2395 2843 2451 res

171 2488 257 2561 de
306 2490 395 2562 iis
448 2487 776 2580 parochis
828 2488 947 2577 sit,
1006 2490 1126 2579 qui
1183 2488 1275 2561 ab
1329 2490 1482 2561 eius
1522 2487 2031 2561 decessoribus
2068 2489 2139 2560 in
2178 2487 2407 2560 officio
2444 2489 2838 2579 parochiali

167 2603 535 2676 constituti
573 2599 863 2674 suerint.
899 2597 1052 2683 Qua
1088 2601 1178 2674 de
1212 2621 1287 2675 re
1326 2601 1550 2674 multa
1586 2607 1756 2674 sunt
1790 2597 2047 2673 Sacrae
2075 2598 2418 2693 Congreg.
2464 2620 2834 2693 responsa,

167 2732 248 2786 ex
302 2713 573 2805 quibus
626 2731 851 2784 unum
904 2713 1164 2786 referre
1232 2713 1566 2803 sufficiat,
1624 2731 1881 2802 nempe
1936 2713 2202 2786 mensis
2257 2711 2559 2805 Augusti
2617 2715 2830 2787 1628.

160 2822 202 2924 (
214 2827 339 2898 lib.
378 2824 499 2899 13.
542 2825 795 2898 decret.
829 2845 1000 2918 paq.
1034 2822 1259 2923 520.)
1309 2846 1347 2892 <
1379 2827 1450 2898 S.
1494 2823 1565 2898 C.
1610 2826 1914 2912 censuit,
1954 2821 2344 2916 Episcopos
2394 2843 2838 2897 successores

161 2963 200 3007 ›
238 2956 485 3030 posse,
542 2940 1094 3028 superveniente
1147 2937 1560 3011 rationabili
1611 2955 1858 3026 causa,
1898 2938 2155 3008 iterum
2196 2955 2283 3008 ex
2317 2935 2576 3023 offici0,
2619 2936 2836 3006 etiam

158 3073 196 3119 ›
236 3057 448 3122 extra
500 3048 982 3120 visitationem
1036 3050 1446 3121 examinare
1479 3047 1825 3139 parochos
1877 3047 2059 3118 alias
2112 3047 2202 3117 ad
2256 3045 2596 3117 ecclesias
2631 3064 2846 3137 paro-

153 3184 192 3228 »
233 3160 514 3238 chiales
567 3158 1099 3251 approbatos.»
1154 3156 1452 3241 Quando
1503 3161 1747 3249 itaque
1799 3163 1960 3250 post
2013 3158 2176 3231 novi
2228 3157 2587 3230 examinis
2623 3175 2841 3248 expe-

145 3274 495 3345 rienliam
549 3272 638 3344 de
690 3271 978 3362 parochi
1050 3273 1328 3344 inscitia
1398 3271 1897 3363 imperitiaque
1969 3269 2410 3358 constiterit,
2477 3274 2650 3341 tunc
2701 3270 2837 3341 erit

137 3384 360 3459 locus
413 3384 879 3477 applicationi
931 3383 1196 3456 decreti
1262 3379 1552 3455 Concilii
1605 3378 1923 3454 Trident.
1987 3383 2165 3454 sess.
2203 3380 2327 3454 21.
2387 3400 2545 3472 cap.
2588 3381 2658 3455 6.
2716 3400 2841 3453 53-

132 3497 403 3588 perius
459 3496 822 3587 exscripti.
2764 3581 2768 3585 Α

295 3604 468 3681 Non
522 3608 812 3700 expedit
863 3625 1054 3698 vem,
1113 3612 1192 3680 ut
1243 3605 1639 3698 Episcopus
1694 3606 2023 3699 generale
2074 3604 2263 3678 serat
2313 3606 2659 3694 edictum,
2694 3623 2838 3694 quo

128 3739 412 3794 omnes
466 3720 925 3793 ecclesiastici
962 3720 1093 3791 viri
1131 3720 1443 3792 examini
1493 3719 1992 3791 subiiciantur.
2034 3714 2203 3789 Cum
2242 3719 2431 3790 enim
2469 3719 2637 3790 olim
2666 3713 2842 3808 Epi-

125 3852 422 3925 scopus
493 3832 786 3923 quidam
863 3831 1272 3903 huiusmodi
1344 3831 1655 3904 edictum
1725 3828 2302 3922 promulgasset,
2379 3847 2518 3918 quo
2587 3845 2836 3901 omnes

116 3944 594 4037 presbyteri,
653 3943 850 4015 nullo
870 3942 1175 4014 omnino
1213 3949 1536 4034 except0‚
1578 3942 1669 4013 ad
1706 3942 1975 4013 curiam
2026 3959 2102 4012 se
2155 3941 2411 4014 sistere
2463 3940 2597 4012 531)
2638 3939 2835 4032 gravi

116 4076 397 4149 poena
452 4053 935 4145 cogebantur,
1010 4060 1092 4125 ut
1144 4072 1446 4126 examen
1516 4052 1884 4141 subirent,
1941 4053 2015 4124 S.
2056 4049 2401 4144 Congreg.
2450 4047 2693 4142 Episc.
2763 4056 2836 4123 et

106 4167 425 4261 Begul.
491 4166 899 4238 huiusmodi
969 4166 1321 4238 rationem
1374 4163 1804 4256 improbavit
1883 4164 2198 4253 edicenS,
2266 4164 2624 4253 integrum
2679 4179 2834 4234 esse

108 4282 396 4356 eidem
454 4278 971 4351 ecclesiasticos
1023 4278 1205 4349 viros
1259 4278 1573 4366 visitare,
1604 4292 1833 4365 eaque
1867 4276 2238 4347 occasione
2275 4271 2583 4345 dulciter
2624 4291 2844 4345 excu-

94 4402 286 4467 tere
359 4390 654 4464 eosdem
709 4397 780 4462 et
832 4391 1228 4482 explorare.
1270 4383 1646 4486 (Assisien.
1689 4388 1760 4459 3.
1795 4384 2005 4458 Febr.
2054 4386 2270 4458 1580.
2314 4402 2400 4456 ex
2439 4385 2603 4477 Req.
2650 4383 2828 4457 S.1G.

81 4507 212 4582 ad
272 4524 464 4579 eum
515 4499 872 4602 annum).

269 4616 476 4690 279.
538 4635 576 4681 <
618 4610 767 4687 Sub
821 4616 1313 4689 illiteratorum
1370 4622 1440 4689 et
1492 4614 1982 4706 imperitorum
2043 4605 2180 4708 (sic
2214 4608 2287 4682 S.
2320 4607 2577 4701 Congr.
2617 4604 2831 4679 Conc.

63 4764 116 4807 ›
169 4735 280 4808 in
359 4725 565 4801 Folio
624 4729 1014 4803 Taurinen.
1080 4729 1407 4821 Suspens.
1447 4728 1521 4802 2.
1580 4723 1745 4805 13111
1803 4718 2077 4823 1855.)
2129 4723 2418 4797 3313133
2488 4723 2562 4794 13
2615 4738 2835 4807 casu,
