3497 5235
1112 329 1398 387 munatio
1440 329 1498 387 8.
1524 328 1708 403 Gongr.
1747 329 1918 402 Epioe.
1960 328 2015 386 et
2054 328 2236 401 Bogul.
2904 322 3020 385 533

501 459 737 535 XXII.
797 460 887 535 In
938 463 1355 552 indictione,
1412 462 1549 535 nisi
1603 462 1989 555 prudentia
2043 463 2117 535 id
2169 468 2387 551 vetet,
2447 465 2908 551 exponuntur
2959 459 3024 530 ei

349 594 483 669 per
532 583 908 648 extensum
955 577 1445 649 accusationes
1495 576 1840 649 adversus
1893 593 2054 648 eum
2108 575 2442 662 collatae,
2500 580 2582 646 ut
2630 572 2870 665 parari
2903 592 3026 643 va-

353 688 500 760 leat
553 687 647 759 ad
698 687 1302 778 respondendum.

499 794 774 869 XXIII.
831 795 1130 879 Quando
1199 807 1440 872 autem
1492 798 1581 870 ob
1638 800 2176 873 accusationum
2249 801 2681 892 qualitates,
2757 807 2880 872 aut
2933 797 3022 871 ob

346 914 494 985 alia
531 914 868 985 adiuncta
905 913 1225 1003 prudens.
1267 931 1410 984 non
1446 914 1566 1000 sit,
1610 913 1683 983 in
1721 919 1886 984 actu
1926 913 2395 984 intimationis
2429 930 2552 983 eas
2588 910 3018 1000 patefacere,

350 1026 428 1097 in
479 1024 616 1098 hac
658 1026 885 1097 solum
924 1025 1249 1096 innuitur
1285 1024 1614 1097 eumdem
1653 1024 1744 1096 ad
1785 1043 2087 1097 examen
2122 1025 2385 1111 vocari,
2427 1031 2506 1096 ut
2540 1040 2696 1095 sese
2731 1026 3023 1094 excuset

351 1137 428 1208 in
480 1155 721 1224 causa,
782 1154 968 1227 quae
1022 1136 1252 1226 ipsum
1307 1136 1597 1226 respicit
1649 1136 1755 1206 uti
1809 1142 2252 1207 accusatum.

500 1244 760 1319 XXIV.
819 1247 890 1319 Si
961 1247 1222 1319 iudicio
1289 1248 1543 1319 sistere
1594 1246 1914 1335 abnuat,
1987 1247 2286 1320 iteratur
2355 1245 2678 1332 indictio,
2745 1244 2819 1313 in
2878 1262 3024 1333 qua

351 1360 583 1433 eidem
639 1362 1057 1453 praefigitur
1106 1379 1462 1453 congruus
1513 1360 2034 1452 peremptorius
2088 1360 2461 1447 terminuS,
2502 1360 2710 1448 eique
2754 1356 3024 1447 signifi-

342 1477 583 1560 catur,
644 1472 834 1561 quod
887 1473 949 1545 si
1002 1471 1237 1543 adhuc
1286 1471 1579 1545 obedire
1630 1477 1917 1558 renuat,
1975 1469 2368 1544 habebitur
2411 1487 2542 1540 ceu
2587 1476 3016 1552 contumax;

347 1590 421 1656 et
472 1601 598 1673 pro
656 1584 781 1657 tali
836 1585 911 1656 in
967 1583 1153 1656 facto
1206 1582 1727 1672 aestimabitur,
1770 1590 2133 1672 quatenus
2169 1580 2444 1672 absque
2498 1579 2798 1672 probato
2849 1578 3025 1669 legi-

356 1696 534 1767 timo
586 1697 1124 1786 impedimentO,
1181 1696 1391 1768 istam
1444 1713 1730 1785 quoque
1782 1692 2246 1784 posthaberet
2297 1692 2846 1765 intimationem.

498 1804 722 1878 XXV.
782 1805 855 1879 Si
906 1813 1338 1897 compareat,
1397 1806 1687 1879 auditur
1738 1808 1813 1878 in
1866 1806 2240 1892 examine;
2299 1810 2372 1877 et
2418 1810 2776 1894 quatenus
2811 1801 3024 1873 indu-

340 1918 622 1991 ctiones
674 1918 892 1992 faciat
941 1919 1245 1991 alicuius
1295 1919 1666 2006 momenti,
1723 1917 1992 1990 debent
2045 1918 2250 2004 istae,
2311 1922 2659 2006 quantum
2705 1914 2859 1986 fieri
2896 1930 3022 2004 po-

350 2035 519 2117 test,
575 2029 964 2102 exhauriri.

498 2137 758 2213 XXVI.
816 2139 1229 2214 Proceditur
1296 2140 1465 2214 inde
1518 2141 1612 2213 ad
1651 2142 2255 2244 ,contestationem
2307 2140 2475 2213 facti
2532 2139 2891 2211 criminosi
2951 2144 3022 2211 et

353 2252 891 2325 conclusionum
942 2253 1379 2341 habitarum,
1439 2252 1530 2324 ad
1582 2253 2040 2325 retinendum
2095 2258 2505 2324 accusatum
2561 2249 3021 2322 criminosum

350 2364 779 2454 lapsumque
830 2366 908 2436 in
958 2366 1277 2438 relativis
1326 2365 1577 2456 poenis
1627 2366 2019 2437 canonicis.

502 2471 802 2546 XXVII.
859 2474 1087 2558 Quum
1142 2484 1520 2551 accusatus
1581 2477 1704 2549 tali
1760 2477 1967 2549 modo
2018 2475 2288 2548 habeat
2339 2477 2627 2567 plenam
2679 2473 3022 2567 cognitio-

346 2604 516 2660 nem
554 2588 735 2677 eius,
790 2589 983 2679 quod
1034 2589 1110 2662 in
1163 2590 1339 2662 actis
1391 2594 1589 2662 extat
1638 2596 1884 2662 contra
1946 2606 2047 2677 se,
2108 2588 2294 2661 ultra
2348 2589 2541 2678 quod
2592 2585 3021 2679 respondere

354 2698 608 2789 possit,
667 2699 817 2771 iure
869 2719 945 2772 se
998 2700 1430 2774 defendendi
1483 2721 1525 2774 a
1576 2702 1959 2792 semetipso
2012 2701 2229 2773 etiam
2282 2701 2388 2772 uti
2440 2700 2657 2772 valet.

496 2805 836 2880 XXVIII.
893 2808 1133 2884 Potest
1185 2830 1498 2902 quoque,
1549 2812 1609 2881 si
1663 2812 1734 2884 id
1789 2817 2104 2904 expetat,
2147 2810 2470 2883 obtinere
2505 2810 3018 2902 praefixionem

349 2920 638 2992 termini
691 2921 783 2993 ad
844 2923 1326 2996 exhibendam
1394 2922 1883 2996 defensionem
1957 2941 2117 2995 cum
2185 2923 2521 2994 memoria
2576 2922 2650 2993 in
2702 2922 3012 3013 scriptiS‚

348 3032 730 3122 praecipue
802 3027 1093 3123 quando
1160 3033 1251 3106 ob
1314 3035 1852 3126 dispositionem
1921 3035 2203 3106 articuli
2273 3029 2545 3103 XXIII.
2617 3034 3019 3123 nequiverit

346 3151 649 3236 paratus
701 3164 857 3219 esse
910 3148 1004 3220 ad
1055 3166 1394 3240 responsa
1447 3165 1573 3239 pro
1626 3167 1755 3221 sua
1810 3149 2292 3222 excusatione.

501 3253 769 3327 XXIX.
827 3255 1128 3350 Expleto
1180 3277 1544 3351 processu,
1585 3265 1905 3331 actorum
1957 3259 2343 3331 instructor
2393 3256 2795 3330 restrictum
2856 3273 3023 3327 con-

350 3366 501 3439 ficit
551 3370 1039 3442 essentialium
1091 3371 1625 3443 conclusionum
1677 3371 2026 3444 eiusdem.

494 3477 726 3552 XXX.
769 3479 854 3554 In
906 3482 1047 3571 die,
1090 3500 1231 3573 qua
1268 3502 1482 3555 causa
1535 3484 1983 3575 proponitur,
2026 3490 2134 3555 est
2186 3484 2260 3554 in
2307 3481 2646 3555 facultate
2700 3482 3016 3553 accusati

344 3589 657 3664 faciendi
711 3611 786 3665 se
821 3601 1361 3686 repraesentare
1396 3605 1467 3670 et
1519 3594 1907 3668 defendere
1943 3594 2033 3666 ab
2087 3593 2226 3665 alio
2261 3595 2630 3666 sacerdote
2668 3600 2792 3666 aut
2831 3593 3014 3665 laico

350 3706 907 3795 patrocinatore,
948 3712 1162 3779 antea
1214 3707 1629 3798 approbatis
1679 3705 1772 3778 ab
1826 3704 2231 3778 Ordinario.

496 3813 764 3888 XXXI.
805 3815 1171 3899 Quatenus
1225 3823 1654 3910 praeventus
1724 3818 2157 3890 constituere
2218 3817 2662 3890 defensorem
2726 3822 3011 3904 renuat,

348 3921 772 4000 Ordinarius
822 3929 1130 4001 consulit
1180 3929 1678 4002 constituendo
1732 3930 2045 4020 aliquem
2098 3948 2185 4001 ex
2238 3929 2494 4001 officio.

496 4036 801 4111 XXXII.
843 4038 1185 4114 Defensor
1235 4050 1441 4114 caute
1493 4043 1819 4114 notitiam
1873 4041 2111 4113 haurit
2163 4059 2535 4131 processus
2586 4049 2658 4114 et
2711 4039 3016 4112 restricti

346 4147 424 4218 in
477 4151 928 4240 cancellaria,
967 4159 1048 4225 ut
1099 4160 1393 4244 paratus
1443 4154 1535 4225 sit
1587 4153 1676 4224 ad
1730 4152 2219 4225 defensionem
2271 4154 2783 4245 peragendam,
2827 4169 3015 4241 quae

346 4267 514 4334 ante
568 4264 1120 4354 propositionem
1173 4283 1431 4337 causae
1483 4263 1806 4338 exhiberi
1857 4270 2095 4358 potest
2146 4265 2218 4335 in
2271 4265 2579 4357 scriptis.
2623 4259 2788 4355 Ipse
2842 4280 3019 4352 quo-

340 4391 486 4464 que
540 4374 915 4449 subiicitur
965 4378 1163 4449 oneri
1214 4378 1466 4449 secreti
1519 4378 1778 4465 iurati,
1838 4384 2200 4466 quatenus
2254 4373 2631 4448 Ordinario
2693 4373 3023 4447 videatur

346 4484 662 4556 indolem
715 4505 972 4559 causae
1025 4488 1099 4559 id
1151 4488 1628 4579 expostulare.

330 4683 335 4688 ,
496 4592 841 4667 XXXIII.
900 4594 1429 4671 Transmittitur
1497 4599 1664 4671 dein
1715 4599 2156 4694 procuratori
2229 4598 2451 4672 fiscali
2516 4616 2890 4694 processus
2931 4604 3023 4702 ‘et

350 4707 744 4800 restrictuS,
786 4716 866 4783 ut
915 4728 1207 4782 munere
1260 4729 1389 4783 suo
1440 4730 1527 4783 ex
1578 4711 1793 4804 officio
1842 4711 2229 4804 fungatur3
2286 4717 2587 4804 uterque
2642 4707 3018 4784 Ordinario
