3497 5235
1023 224 1310 285 Instantio
1348 224 1401 282 8.
1430 223 1855 298 congregationi·
1896 222 2120 284 concilii.
2822 219 2899 284 47

438 468 522 545 V.
582 474 687 545 De
739 474 984 565 quinto
1034 472 1397 545 relationis
1449 472 1677 565 capite
1742 471 1840 545 ad
1901 472 2238 546 moniales
2280 472 2700 567 pertinente.

398 694 482 772 In
532 698 669 771 boc
722 699 956 789 capite
1007 696 1506 789 exponendum
1560 696 1734 769 erit:

398 807 461 882 1.
522 808 625 883 An
680 810 1026 881 moniales
1094 806 1440 901 Episcopo
1518 807 1882 880 subiectae
1956 824 2125 880 suas
2201 812 2482 880 servent
2559 806 2903 879 constitu-

274 922 515 994 tiones.

399 1029 498 1103 11.
556 1030 665 1104 An
716 1031 1047 1105 clausura
1103 1032 1177 1103 in
1228 1049 1471 1104 earum
1525 1031 1971 1104 monasteriis
2024 1029 2358 1102 inviolate
2430 1028 2893 1101 custodiatur.

396 1141 538 1216 111.
605 1144 706 1216 An
759 1144 981 1233 aliqui
1033 1141 1301 1214 abusus
1352 1143 1428 1214 in
1480 1143 1724 1214 iisdem
1780 1142 2225 1214 monasteriis
2276 1141 2712 1231 irrepserint,
2779 1140 2903 1230 qui

271 1257 546 1329 consilio
601 1261 724 1327 aut
775 1254 1039 1325 auxilio
1093 1254 1346 1325 Sacrae
1398 1251 1971 1346 Congregationis
2013 1254 2405 1344 indigeant.

402 1363 523 1438 IV.
585 1365 693 1439 An
744 1371 1025 1457 praeter
1073 1364 1507 1438 ordinarium
1545 1364 2042 1453 confessorem,
2085 1364 2268 1436 alius
2305 1362 2904 1435 extraordinarius

272 1479 351 1551 ab
399 1480 551 1569 ipso
602 1476 715 1549 bis
765 1482 889 1549 aut
943 1484 1044 1547 ter
1096 1475 1171 1547 in
1222 1494 1411 1547 anno
1461 1476 1674 1549 [uerit
1707 1475 2020 1548 oblatus,

398 1588 485 1660 V.
551 1588 654 1660 An
708 1589 1053 1661 dictorum
1103 1589 1692 1660 monasteriorum
1743 1589 2015 1663 reditus
2067 1588 2371 1661 fideliter
2405 1585 2908 1659 administren-

272 1710 397 1791 tur,
454 1710 527 1777 et
583 1701 993 1774 monialium
1046 1700 1248 1774 dotes
1324 1699 1591 1774 fuerint
1667 1704 2094 1792 persolutae,
2178 1706 2250 1774 et
2328 1699 2677 1790 quomodo
2741 1712 2907 1770 ’ero-

281 1822 498 1907 gatae.
1080 1812 1089 1819 '

401 1922 529 1996 vl.
592 1924 694 1996 An
746 1924 819 1996 in
871 1921 1315 1995 monasteriis
1366 1923 1807 2011 monialium,
1863 1942 2048 2015 quae
2100 1930 2269 1995 sunt
2316 1920 2663 1995 Praelatis
2700 1939 2910 2012 regu-

277 2038 529 2111 laribus
564 2036 956 2123 subiectae,
990 2035 1367 2121 curaverit,
1401 2042 1479 2108 ut
1517 2035 1842 2107 clausura
1879 2035 2226 2109 dictarum
2263 2034 2907 2107 sanctimonialium

282 2149 480 2222 fuerit
534 2154 782 2222 exacte
832 2145 1234 2233 observata3
1294 2152 1367 2218 et
1415 2165 1509 2218 an
1562 2153 1806 2219 contra
1858 2147 2350 2220 inobedientes
2413 2153 2486 2219 et
2553 2145 2912 2219 contradi-

286 2268 499 2333 ctores
549 2278 681 2352 per
756 2274 1092 2332 censuras
1165 2257 1678 2332 ecclesiasticas
1757 2266 1829 2332 et
1901 2259 2041 2331 alia
2117 2260 2289 2331 iuris
2364 2259 2674 2331 remedia
2749 2276 2912 2350 pro-

290 2373 595 2445 cesserit.
840 2354 849 2365 ’
1985 2425 1989 2430 .

410 2479 574 2554 Vll.
640 2480 742 2554 An
790 2481 1043 2553 barum
1097 2481 1508 2553 monialium
1557 2481 1969 2556 confessarii
2038 2482 2449 2573 regulares,
2506 2483 2653 2554 sivo
2722 2482 2911 2555 ordi-

280 2592 444 2666 narii
495 2594 646 2666 sive
696 2592 1232 2667 extraordinarii
1284 2591 1553 2666 suerint
1600 2593 1693 2666 ab
1739 2595 1894 2687 ipso
1930 2593 2332 2687 approbati,
2374 2600 2758 2685 antequam
2795 2612 2914 2667 ea-

287 2723 426 2777 rum
478 2704 959 2777 confessiones
1017 2705 1452 2793 exceperint.

410 2813 606 2888 v111.
673 2815 775 2887 An
830 2814 1169 2886 adhibitis
1222 2814 1716 2907 Superioribus
1785 2817 2257 2909 regularibuS,
2333 2818 2632 2909 siugulis
2703 2821 2911 2892 aunis

288 2929 587 3020 exegerit,
639 2928 986 3001 rationem
1056 2925 1688 3000 administrationis
1760 2929 1849 3001 ab
1920 2930 2073 3017 his,
2132 2931 2252 3019 qui
2324 2930 2913 3005 administrarunt

290 3037 456 3111 bona
531 3039 962 3131 pertinentia
1030 3036 1121 3108 ad
1195 3038 1373 3111 haec
1448 3040 1860 3112 monialium
1940 3042 2360 3114 monasteria
2437 3038 2912 3134 Regularibus

296 3150 642 3224 subiecta:
710 3157 782 3222 et
833 3168 927 3220 an
978 3149 1279 3223 fideliter
1331 3168 1572 3223 eorum
1626 3152 1894 3224 reditus
1946 3153 2577 3240 administrentur,
2634 3162 2704 3226 et
2773 3155 2912 3226 alia

296 3259 529 3335 suerint
562 3262 976 3353 adimpleta,
1008 3279 1192 3352 quae
1218 3261 1800 3354 praescribuntur
1834 3265 1907 3335 in
1935 3259 2138 3336 Bulla
2167 3260 2481 3355 Gregorii
2507 3260 2692 3354 XV„
2728 3283 2913 3355 quae

304 3372 520 3480 incipit
587 3373 1069 3446 Inscrutabili.

439 3591 555 3667 VI.
615 3598 716 3670 De
768 3600 958 3669 sexto
1009 3595 1372 3670 relationis
1422 3597 1654 3691 capite
1691 3598 2087 3691 pertinente
2150 3600 2245 3674 od
2295 3599 2754 3675 seminarium

432 3814 509 3892 In
556 3820 693 3893 hoc
744 3820 976 3910 capite
1026 3820 1524 3912 exponendum
1583 3822 1742 3894 erit:

431 3928 485 4003 Ι.
538 3929 718 4015 Quot
770 3932 915 4003 sint
967 3933 1041 4002 in
1092 3933 1469 4004 seminario
1522 3933 1819 4005 alumni.

432 4038 519 4113 11.
578 4046 679 4114 An
734 4043 807 4113 in
864 4042 1339 4115 ecclesiastica
1391 4043 1766 4135 disciplina
1791 4035 1991 4119 'recte
2028 4047 2519 4121 instituantur.

320 4156 329 4164 '
431 4151 554 4225 111.
609 4153 1049 4237 Quibusnam
1102 4155 1357 4227 studiis
1407 4163 1687 4242 vacent,
1745 4166 1815 4231 et
1869 4161 2010 4248 q'uo
2071 4161 2418 4250 proiectu.

430 4261 542 4337 lv.
601 4269 702 4339 An
753 4266 1144 4342 cathedrali
1196 4274 1265 4340 et
1317 4267 1475 4339 aliis
1528 4268 1661 4342 loci
1712 4271 2051 4360 ecclesiiS,
2119 4271 2372 4343 diebus
2424 4271 2623 4346 festis
2689 4272 2909 4348 inser-

314 4375 501 4454 viant.
2205 4447 2210 4452 .

428 4489 503 4563 V.
557 4493 659 4568 An
713 4512 873 4569 cum
929 4493 1218 4567 consilio
1272 4494 1567 4567 duorum
1624 4496 2120 4569 canonicorum
2158 4496 2543 4587 seniorum,
2585 4516 2626 4570 a
2661 4515 2738 4571 se
2772 4496 2915 4571 ele-

322 4608 568 4697 ctorem,
626 4609 1022 4682 necessaria
1081 4626 1203 4698 pro
1256 4616 1444 4680 recto
1498 4608 1836 4697 regimine
1888 4610 2244 4681 statuerit.
