3497 5235
1044 315 1164 392 ⁰⁸1³·
1189 312 1284 376 111.
1323 315 1396 375 Do
1434 313 1569 376 clero
1608 312 1878 375 wanlai.
1920 315 1972 392 5.
1998 314 2081 372 10.
2777 309 2899 375 439

372 451 561 537 Quin
596 451 812 525 etiam
849 451 1036 523 circa
1076 449 1365 522 modum
1389 449 1584 522 hisce
1621 451 1695 521 in
1732 447 2022 521 casibus
2057 447 2422 521 doctrinae
2460 446 2893 522 christianae

228 563 638 640 edocendae
689 561 1035 634 iudicium
1086 562 1518 654 relinquitur
1567 560 1904 653 prudenti
1961 560 2252 633 arbitrio
2304 557 2664 654 Episcopi.
2723 559 2894 635 Cum

227 679 419 754 enim
457 676 752 769 quidam
804 674 1156 748 Bertonus
1206 673 1699 748 sacerdotibus
1744 692 1843 745 SS.
1884 669 2238 746 Missionis
2273 693 2403 745 sua
2442 672 2631 745 bona
2668 674 2899 767 legas-

226 797 361 879 set,
401 807 616 863 onere
655 788 931 861 adiecto
969 787 1339 861 imbuendi
1390 805 1650 879 pueros
1685 785 2107 878 puellasque
2142 786 2467 858 doctrina
2503 786 2895 861 christiana

228 901 487 976 diebus
547 900 746 974 iestis
796 899 1000 989 hora,
1059 917 1245 990 quae
1298 900 1764 991 opportunior
1814 898 1987 990 ipsis
2038 898 2189 970 visa
2242 897 2524 987 fuisset,
2581 905 2651 971 et
2704 919 2894 991 cum,

232 1020 702 1107 posteaquam
754 1030 880 1104 per
928 1013 1172 1103 plures
1217 1031 1445 1084 annos
1498 1012 1570 1084 id
1624 1029 1885 1083 munus
1922 1011 2410 1103 expleverant,
2452 1012 2738 1087 decreto
2776 1012 2902 1086 Ar-

228 1126 663 1218 chiepiscopi
698 1120 1166 1197 Ferrariensis
1201 1142 1328 1216 per
1364 1123 1751 1215 parochum
1791 1124 2085 1196 localem
2122 1124 2457 1215 excitam,
2489 1125 2899 1201 rudimenta

232 1239 399 1313 fidei
454 1237 749 1311 edocere
803 1235 1105 1309 fuissent
1158 1235 1497 1328 prohibiti
1551 1236 1664 1309 die
1723 1237 1837 1306 11.
1882 1235 2179 1328 Augusti
2234 1237 2447 1308 1742.
2490 1239 2566 1310 in
2606 1238 2894 1311 Ferrar.

234 1353 475 1424 Doctr.
525 1349 822 1431 Christ„
857 1349 1154 1421 dubium
1193 1349 1668 1440 disceptatum
1721 1347 1901 1420 fuit:
1963 1372 2000 1415 α
2033 1345 2140 1418 An
2194 1349 2685 1423 sacerdotibus
2738 1347 2904 1423 Mis-

236 1490 273 1530 »
312 1465 536 1538 sionis
590 1462 801 1535 liceat
851 1461 1132 1535 tradere
1184 1463 1447 1553 populo
1499 1460 1894 1534 doctrinam
1948 1461 2414 1534 christianam
2468 1461 2726 1535 diebus
2761 1460 2902 1535 Do-

236 1604 273 1644 »
315 1577 598 1649 minicis
652 1576 725 1647 in
778 1574 1073 1647 ecclesia
1128 1575 1345 1647 rurali
1398 1572 1800 1646 Fratolinae
1854 1574 1944 1646 ad
1998 1573 2294 1645 formam
2367 1573 2526 1665 piae
2599 1574 2901 1666 disposi-

235 1716 271 1758 ›
309 1689 528 1763 tionis
579 1686 968 1760 sacerdotis
1016 1685 1332 1774 Bertoni,
1375 1705 1501 1759 seu
1553 1687 1791 1778 potius
1827 1687 1919 1758 sit
1953 1685 2491 1777 exsequendum
2530 1685 2894 1760 decretum

236 1830 274 1868 »
309 1798 469 1873 Emi
527 1802 601 1872 in
655 1792 869 1872 casu?
903 1823 939 1867 »
996 1797 1069 1870 S.
1113 1796 1187 1870 C.
1245 1799 1651 1889 rescripsit:
1697 1821 1735 1864 ι
1773 1798 2201 1871 Affirmative
2252 1798 2341 1868 ad
2395 1798 2700 1889 primam
2734 1815 2899 1889 par-

235 1937 272 1982 »
315 1921 488 2000 tem,
547 1920 619 1985 et
671 1912 911 2002 quoad
963 1913 1280 1999 modum,
1322 1911 1614 1984 arbitrio
1658 1910 2214 2004 Archiepiscopi.
2250 1936 2288 1979 ι

211 2036 220 2045 ‘
380 2026 551 2098 337.
611 2021 810 2106 Quod
865 2042 1027 2098 vero
1079 2030 1426 2097 statutum
1481 2024 1615 2096 fuit
1669 2023 1759 2095 de
1809 2020 2292 2116 Regularibus
2343 2043 2429 2097 ex
2491 2026 2608 2117 pia
2681 2031 2902 2100 testa-

229 2147 467 2211 torum
519 2136 886 2211 voluntate
938 2135 1297 2209 obstrictis
1346 2155 1560 2211 onere
1616 2137 1983 2209 doctrinae
2036 2135 2512 2228 christianae,
2586 2137 2900 2230 idipsum

228 2249 450 2337 valet,
507 2249 567 2320 si
620 2255 875 2341 agatur
925 2248 1016 2320 de
1069 2248 1562 2322 sacerdotibus
1612 2248 2129 2338 saecularibUS,
2185 2249 2406 2323 veluti
2459 2269 2499 2321 a
2554 2248 2628 2322 S.
2669 2248 2887 2344 Cong.

229 2360 444 2435 Conc.
501 2361 892 2434 resolutum
945 2359 1080 2432 fuit
1130 2364 1204 2434 in
1265 2362 1650 2435 Tudertina
1704 2362 1826 2435 30.
1883 2358 2088 2434 Mart.
2140 2363 2354 2434 1675.
2411 2359 2574 2458 (lib.
2614 2361 2738 2436 29.
2782 2363 2899 2437 de-

226 2481 396 2549 cret.
445 2493 615 2567 paq.
658 2470 826 2566 ⁴2.)
894 2473 1120 2546 relata
1187 2475 1258 2545 in
1313 2473 1436 2546 fol.
1497 2475 1901 2547 Ferrarien.
1963 2476 2205 2548 Doctr.
2258 2473 2516 2551 Christ.
2574 2475 2695 2546 21.
2753 2471 2895 2547 Iul.

235 2587 453 2659 1742.
526 2584 599 2682 ἓ.
680 2589 929 2661 Sacra.
1001 2582 1458 2679 Rescriptum
1529 2589 1719 2661 enim
1788 2588 2091 2680 prodiit:
2153 2610 2191 2653 ι
2231 2583 2670 2660 Servandam
2741 2607 2900 2663 esse

232 2726 271 2770 ›
309 2707 627 2773 mentem
679 2699 1067 2787 testatoris,
1124 2704 1194 2771 et
1248 2701 1487 2792 quoad
1540 2702 1856 2790 modum,
1915 2700 2210 2774 arbitrio
2261 2697 2696 2792 Episcopi.»

377 2814 550 2885 338.
608 2808 1009 2903 Regulares
1060 2817 1299 2885 autem
1352 2819 1723 2904 nequeunt
1776 2813 1914 2886 sibi
1966 2831 2293 2905 arrogare
2347 2813 2458 2885 ius
2494 2811 2899 2906 explicandi

227 2926 629 3000 doctrinam
680 2922 1141 2996 christianam
1195 2925 1270 2996 in
1322 2926 1637 2998 ecclesiis
1688 2924 2221 3017 parochialibus
2273 2925 2384 2996 vel
2456 2924 2895 3015 titularibuS,

227 3038 453 3109 invito
504 3034 814 3130 parocho
870 3033 976 3106 vel
1030 3037 1332 3127 titulari,
1390 3038 1666 3110 etiamsi
1720 3055 1876 3110 sese
1929 3037 2314 3109 diuturnae
2361 3036 2901 3110 consuetudinis

229 3150 483 3241 clypeo
534 3153 985 3237 tutarentur,
1059 3147 1277 3221 veluti
1349 3149 1706 3221 firmatum
1762 3156 1868 3222 est
1923 3150 1995 3223 in
2064 3148 2512 3224 Mechlinien.
2570 3149 2642 3218 8.
2685 3145 2897 3223 Mart.

233 3262 486 3349 1681„
545 3278 758 3350 quam
816 3277 901 3331 ex
957 3259 1310 3333 tabulario
1364 3261 1892 3352 Archiepiscopi
1946 3262 2439 3356 depromptam
2496 3261 2699 3334 affert
2760 3280 2900 3333 van

225 3370 469 3467 Espen
523 3374 639 3445 Ius
690 3375 858 3447 eccl.
899 3393 1025 3446 un.
1057 3395 1136 3467 p.
1197 3377 1254 3448 I.
1299 3375 1410 3448 tit.
1452 3372 1565 3456 3.,
1600 3374 1683 3447 de
1719 3376 1924 3448 Post.
1970 3393 2129 3465 cap.
2170 3374 2244 3448 8.
2287 3373 2531 3448 Addit.
2574 3372 2670 3446 ad
2700 3393 2775 3445 n.
2816 3374 2887 3445 5.

223 3492 292 3559 et
341 3484 455 3566 8.,
511 3490 582 3556 et
634 3491 869 3557 exstat
938 3485 1012 3557 in
1068 3487 1187 3558 lib.
1232 3484 1352 3559 31.
1411 3487 1666 3559 decret.
1734 3506 1906 3580 paq.
1947 3485 2118 3561 357.
2181 3489 2253 3561 S.
2301 3486 2633 3581 Conqreq.
2681 3485 2889 3561 Conc.

226 3594 331 3669 Ea
386 3614 552 3668 vero
607 3596 800 3687 apud
851 3615 991 3669 van
1044 3595 1281 3691 Espen
1317 3599 1414 3670 ita
1454 3604 1797 3689 concepta
1835 3604 1987 3670 est:
2050 3621 2088 3663 α
2120 3596 2383 3671 Exorta
2422 3597 2898 3671 controversia

230 3737 267 3777 ι
306 3711 498 3782 inter
529 3709 877 3799 parochos
909 3716 980 3783 et
1014 3707 1261 3783 Patres
1297 3707 1673 3784 Societatis
1708 3705 1874 3783 Iesu
1928 3727 2145 3802 super
2188 3711 2340 3784 iure
2375 3709 2676 3784 docendi
2712 3708 2898 3781 chri·

231 3848 269 3894 ›
312 3824 622 3896 stianam
676 3822 1075 3895 doctrinam
1129 3824 1203 3893 in
1257 3822 1574 3894 ecclesiis
1625 3821 2183 3914 parochialibus,
2243 3820 2725 3915 allegantibus
2785 3818 2899 3890 his

229 3964 268 4008 ›
310 3936 907 4009 consuetudinem
959 3935 1546 4028 nonagenariam,
1607 3935 1744 4008 illis
1798 3953 1962 4008 vero
2015 3936 2569 4029 competentiam
2614 3951 2701 4005 ex
2738 3949 2901 4024 pro-

228 4076 267 4117 »
308 4048 468 4140 prio
539 4064 879 4137 munere,
954 4048 1400 4142 supplicatur
1450 4048 1524 4120 S.
1581 4044 2124 4141 Congregationi
2187 4067 2314 4140 pro
2385 4047 2893 4120 declaratione.

227 4188 265 4231 »
308 4159 436 4233 Die
491 4161 562 4231 8.
620 4156 828 4233 Mart.
892 4160 1107 4232 1681.
1169 4158 1243 4232 S.
1299 4157 1373 4232 C.
1432 4160 1738 4248 censuit,
1797 4159 2075 4233 nullum
2129 4160 2240 4232 ius
2300 4165 2701 4253 competere
2768 4154 2902 4230 Pa-

226 4300 265 4342 »
302 4272 540 4346 tribus
610 4272 766 4345 Soc.
826 4268 990 4345 Iesu
1044 4270 1348 4346 docendi
1401 4271 1797 4345 doctrinam
1854 4271 2319 4345 christianam
2391 4274 2463 4344 in
2536 4270 2895 4359 ecclesiis,

224 4386 535 4458 »invito
588 4384 926 4476 parochO,
982 4403 1115 4458 nec
1165 4386 1243 4457 in
1295 4384 1480 4472 aliiS,
1539 4383 1767 4456 invito
1819 4384 2120 4458 titulari.
2177 4380 2268 4458 Et
2321 4383 2509 4458 iacta
2564 4383 2652 4457 de
2690 4401 2896 4476 prae-

221 4524 267 4568 >
309 4485 947 4570 missis‘relatione
1002 4494 1244 4586 SSmO,
1303 4494 1662 4570 Sanctitas
1715 4492 1858 4568 Sua
1913 4497 2348 4569 sententiam
2385 4494 2456 4569 S.
2501 4495 2901 4589 Congrega-

227 4636 271 4682 ›
308 4610 527 4685 tionis
581 4609 1031 4705 approbavit,
1090 4608 1366 4682 addens
1418 4614 1837 4702 praeterea,
1912 4626 2056 4680 non
2127 4608 2336 4681 modo
2390 4608 2481 4681 ad
2550 4609 2897 4701 parochos

226 4749 271 4793 ιι
308 4724 449 4797 hoc
504 4729 855 4817 spectare,
896 4742 1143 4797 verum
1181 4721 1410 4797 teneri
1444 4739 1571 4813 per
1606 4738 1680 4796 se
1717 4721 1910 4815 ipsos
1946 4721 2224 4812 docere,
2268 4728 2485 4816 atque
2524 4724 2615 4799 ad
2650 4741 2895 4797 eorum
