3497 5235
643 256 759 319 178
1390 254 1760 313 Immotioni·
1798 253 1853 310 8.
1881 251 2065 324 Oongr.
2094 251 2241 311 Ocno.
2282 254 2556 328 expetitio.

638 413 816 467 usus
865 392 1061 464 haud
1114 392 1354 476 suerin
1415 408 1579 462 nam
1634 395 1837 460 actus
1889 387 2022 461 suit
2059 387 2420 477 perfectus
2456 396 2788 479 respectu
2823 389 3255 479 concedentis,

641 526 766 598 per
818 523 1031 596 quem
1083 522 1226 575 non
1280 504 1522 589 stetit,
1582 502 1759 590 quin
1812 507 2233 589 sequeretur
2285 498 2608 572 effectus
2664 496 2859 582 Quae
2919 519 3131 591 poena
3172 508 3261 574 est

537 692 540 695 ,
630 621 827 691 ‘latae
878 616 1283 689 sententiae
1338 621 1625 705 propter
1676 611 1975 683 verbum
2028 611 2207 683 illud
2260 611 2652 694 subiaceat,
2706 611 2899 702 quod
2949 621 3049 684 est
3097 630 3267 703 prae-

637 732 864 804 sentis
914 729 1282 819 temporis.
1338 723 1430 797 Et
1481 725 1648 797 licet
1702 743 1844 795 non
1881 725 1974 795 sit
2011 731 2399 814 reservata,
2444 743 2587 796 uon
2624 732 2859 817 potest
2908 731 3132 798 tamen
3163 724 3268 795 ab·

631 845 814 915 solvi
867 861 909 912 a
960 840 1265 929 simplici
1309 837 1772 923 confessario,
1811 836 1936 907 sed
1976 835 2066 906 ab
2104 831 2457 926 Episcopo
2493 854 2926 909 successore.
2965 830 3269 930 (nesan-

631 975 794 1037 rus,
847 954 936 1025 de
987 952 1235 1043 poenis
1286 950 1461 1022 eccl.
1521 967 1680 1038 cap.
1731 948 1846 1018 19.
1906 946 2103 1018 verb.
2154 941 2408 1041 Ordo).
2451 945 2776 1036 Denique
2827 954 3051 1034 notat,
3102 946 3269 1018 cleri-

623 1085 800 1139 cum
853 1067 956 1136 sic
1005 1069 1403 1154 promotum
1443 1061 1518 1131 in
1556 1058 1954 1131 minoribus
2007 1056 2400 1130 Ordinibus
2437 1077 2583 1131 non
2620 1060 2978 1131 incurrere
3013 1076 3272 1148 suspen·

639 1179 939 1262 sionem,
998 1183 1344 1264 tanquam
1398 1172 1772 1244 ordinatus
1819 1170 2067 1243 fuisset
2120 1171 2275 1241 sine
2315 1171 2608 1242 licentia
2644 1171 2914 1261 proprii
2950 1168 3267 1261 Episcopi,

637 1289 765 1361 sed
820 1288 1289 1379 privationem
1343 1286 1718 1356 dumtaxat
1758 1283 2104 1375 privilegii
2141 1281 2523 1372 clericaliS,
2566 1284 2639 1354 iu
2676 1300 2893 1372 quam
2941 1281 3271 1371 suspensio

621 1405 1070 1501 commutata
1125 1403 1232 1468 est
1284 1417 1326 1467 a
1375 1393 1710 1468 Concilio.

637 1588 642 1593 0
781 1512 900 1581 73.
947 1509 1035 1580 At
1084 1527 1248 1580 vero
1303 1503 1556 1577 Vicarii
1621 1505 1997 1596 Apostolici
2050 1524 2090 1574 a
2143 1506 2437 1576 Summo
2472 1503 2853 1592 Pontifice‚
2913 1505 3025 1577 vel
3074 1505 3140 1576 S.
3184 1499 3270 1589 C.,

615 1621 1036 1714 -Episcopali
1092 1617 1272 1692 Sede
1328 1626 1655 1704 vacante,
1696 1618 2018 1707 deputati
2075 1623 2451 1706 nequeunt
2502 1618 2639 1688 nisi
2693 1623 2855 1708 post
2902 1635 3187 1703 annum,
3220 1619 3276 1685 et

634 1736 825 1806 intra
877 1750 1144 1802 annum
1199 1731 1575 1802 coarctatis
1625 1731 1902 1801 ratione
1954 1728 2284 1801 beneficii
2324 1729 2762 1801 dimissorias
2797 1729 3173 1804 concedere
3204 1725 3276 1795 ad

634 1846 860 1916 instar
911 1840 1350 1914 vicariorum
1387 1839 1901 1930 Capitularium
1955 1836 2065 1928 (S.
2093 1842 2166 1913 C.
2192 1842 2430 1931 Episc.
2463 1848 2530 1913 et
2568 1843 2810 1935 Requi.
2854 1844 3050 1933 apud
3083 1838 3274 1911 Nicol.

636 1959 861 2029 Flosc.
903 1954 1120 2026 verbo
1169 1954 1404 2026 Vicar.
1446 1954 1913 2043 Apostolicus,
1950 1950 2405 2025 Honorantes
2461 1954 2513 2024 l.
2555 1973 2618 2025 c.
2660 1974 2818 2045 cap.
2862 1953 2938 2028 6.
2987 1972 3147 2046 paq.
3176 1950 3275 2022 75.

634 2075 701 2141 et
738 2063 922 2160 76.).
966 2061 1169 2136 Hanc
1218 2082 1384 2135 vero
1439 2070 1866 2154 potestatem
1922 2060 2219 2136 vicariis
2261 2064 2681 2154 Apostolicis
2718 2064 2984 2138 auferri
3021 2079 3283 2136 consue-

633 2183 820 2252 visse
870 2184 1074 2252 u'otat
1122 2196 1280 2249 cum
1320 2173 1586 2248 Nicolio
1639 2184 1709 2248 et
1767 2174 2156 2248 Monacello
2213 2177 2399 2248 idem
2454 2173 2905 2252 Honorantes
2962 2180 3095 2250 loc.
3132 2177 3237 2246 cit.

778 2287 980 2372 Quod
1031 2290 1089 2360 si
1148 2286 1421 2360 Vicario
1480 2288 1874 2378 Apostolico
1930 2288 2233 2359 facultas
2290 2288 2570 2362 indulta
2627 2290 2840 2363 fuerit
2875 2285 3285 2363 concedendi

633 2402 1098 2488 dimissoriaS,
1141 2420 1223 2471 ea
1277 2418 1405 2490 per
1458 2401 1688 2491 ipsum
1744 2401 2249 2471 communicari
2308 2418 2448 2471 non
2521 2409 2755 2491 potest
2822 2399 3283 2483 Pro-vicario,

633 2515 848 2585 etiam
904 2514 974 2584 in
1032 2512 1359 2583 absentia
1414 2531 1455 2581 a
1508 2511 1952 2598 dioecesi,ut
1989 2511 2313 2583 delinivit
2351 2509 2423 2582 S.
2466 2510 2542 2583 C.
2583 2511 2795 2585 Conc.
2828 2515 2905 2587 in
2960 2513 3287 2605 Aquilaria

635 2627 705 2697 7.
746 2627 942 2715 Sept.
989 2625 1203 2696 1720.
1246 2631 1318 2695 et
1371 2625 1492 2695 28.
1535 2621 1740 2696 Mart.
1791 2626 2003 2695 1722.

646 2730 654 2736 ’
777 2734 1055 2807 Vicario
1109 2743 1349 2807 tamen
1409 2736 1831 2826 Apostolico,
1874 2739 1996 2825 qui
2052 2736 2185 2809 fuit
2239 2735 2592 2829 Episcopo
2638 2739 3060 2829 deputatus,
3102 2739 3293 2809 inter-

630 2849 901 2922 dictum
955 2866 1101 2920 non
1155 2854 1290 2935 est,
1347 2846 1516 2918 sede
1566 2849 1956 2938 episcopali
2010 2857 2340 2937 vacante,
2400 2850 2840 2922 dimissorias
2892 2850 3287 2932 concedere3

629 2965 797 3037 licet
850 2965 1038 3035 enim
1092 2960 1487 3052 Episcopus
1540 2963 1957 3033 demortuus
2004 2961 2244 3047 luerit,
2307 2963 2461 3032 eius
2532 2963 2926 3033 iurisdictio
3001 2979 3141 3032 non
3189 2975 3297 3030 ex-

629 3077 880 3166 spirat,
940 3067 1017 3147 ut
1071 3076 1514 3146 demonstrat
1568 3071 2020 3146 Honorantes
2071 3067 2164 3168 (l.
2207 3094 2269 3144 c.
2304 3093 2380 3164 p.
2425 3071 2520 3146 76
2530 3068 2590 3170 .)
2652 3074 3027 3146 adducens
3078 3073 3292 3164 plures

627 3184 750 3260 SS.
791 3184 915 3257 CC.
958 3185 1512 3272 declarationes3
1572 3186 1894 3274 adeoque
1947 3187 2005 3257 si
2059 3185 2236 3257 haec
2291 3185 2597 3257 incultas
2650 3187 2722 3257 in
2776 3184 2984 3258 Brevi
3031 3187 3298 3276 Aposto-

623 3297 761 3368 lico
812 3297 946 3367 sibi
1002 3297 1247 3368 ablata
1303 3316 1444 3367 non
1501 3296 1738 3383 fuerit,
1785 3299 2040 3386 poterit
2096 3298 2347 3385 utique
2403 3296 2725 3367 eamdem
2779 3315 3141 3371 exercere.

773 3408 892 3479 71.
957 3407 1056 3478 Ad
1109 3408 1243 3478 hoc
1294 3415 1793 3498 argumentum
1849 3409 2210 3499 pertinent
2264 3409 2507 3497 aliqua
2560 3426 2647 3479 ex
2701 3409 2943 3481 dubiis
3000 3404 3299 3500 proposi-

620 3520 715 3590 tis
765 3517 837 3589 in
894 3520 1140 3591 Elven.
1186 3520 1545 3592 Iurisdict.
1593 3521 1658 3588 1.
1693 3518 1871 3609 Dec.
1922 3521 2131 3590 1736.
2178 3518 2463 3611 Septem
2522 3520 2617 3592 ibi
2671 3529 2902 3607 eraut,
2964 3539 3157 3611 quae
3203 3534 3302 3590 se-

621 3639 989 3720 quuntur:
1050 3653 1087 3696 ‹
1129 3632 1198 3700 1.
1244 3629 1347 3701 An
1402 3632 1625 3723 possit
1676 3629 2109 3722 Capitulum,
2168 3632 2337 3703 sede
2406 3640 2731 3718 vacante,
2790 3640 2954 3728 poet
3008 3633 3298 3705 electum

605 3766 661 3811 t»
701 3739 1056 3814 vicarium
1110 3763 1148 3812 a
1202 3743 1695 3832 spiritualibus
1732 3762 1816 3814 ac
1854 3744 2368 3833 temporalibus
2406 3745 2753 3835 deputare
2793 3746 3018 3816 alium
3077 3746 3297 3828 totieS‚

607 3878 661 3923 -›
702 3857 981 3944 quoties
1031 3854 1167 3925 sibi
1222 3856 1568 3944 placuerit
1623 3855 1714 3926 ad
1768 3857 2039 3944 aliquid
2097 3856 2501 3927 faciendum
2584 3859 2654 3928 in
2725 3857 2960 3929 officio
3032 3854 3304 3929 iurisdi-

624 3991 662 4035 ›
705 3968 958 4039 ctionis
996 3968 1415 4053 translatae,
1449 3970 1674 4059 ipsam
1715 3967 2280 4040 iurisdictionem
2323 3961 2865 4040 reassumendo?
2906 3971 2981 4040 2.
3016 3967 3120 4040 An
3146 3985 3309 4059 pos-

623 4100 660 4147 »
701 4079 792 4152 sit
844 4076 1251 4168 Capitulum
1322 4097 1447 4168 per
1497 4098 1572 4149 se
1629 4080 1859 4168 ipsum
1914 4079 2086 4150 dare
2140 4079 2450 4150 subditis
2506 4080 2790 4151 chartas
2864 4079 3307 4152 testimonia-

624 4213 662 4258 »
703 4189 804 4260 les
857 4190 967 4261 vel
1022 4191 1448 4262 reverendas
1498 4190 1587 4260 ad
1642 4187 1947 4262 Ordines
1999 4191 2537 4282 suscipiendos,
2597 4193 2707 4263 vel
2780 4191 3112 4263 debeant
3165 4188 3310 4262 dari

621 4325 659 4370 ›
703 4319 828 4390 per
880 4297 1235 4372 Vicarium
1292 4298 1797 4391 Capitularem.
1858 4303 1928 4372 3.
1977 4301 2080 4373 An
2134 4299 2541 4391 Capitulum
2602 4304 2821 4393 possit
2877 4304 2950 4374 in
3006 4305 3314 4394 deputa-

619 4435 657 4480 »
705 4414 893 4482 tione
951 4409 1206 4484 Vicarii
1244 4410 1668 4501 Capitularis
1707 4414 1877 4484 dare
1914 4413 2479 4486 iurisdictionem
2522 4414 2928 4502 limitatam,
2972 4423 3050 4486 et
3090 4411 3310 4505 possit

620 4546 658 4590 »
701 4523 774 4592 in
831 4521 963 4593 hoc
1030 4544 1202 4595 casu
1258 4524 1530 4595 attendi
1585 4525 2026 4597 consuetudo
2081 4526 2280 4616 regni
2360 4520 2833 4599 Lusitaniae?
2905 4524 2999 4597 Et
3061 4534 3321 4617 quate·

623 4656 661 4701 ›
701 4652 838 4706 nus
877 4633 1325 4708 affirmative:
1358 4673 1406 4688 -
1441 4636 1512 4707 4.
1556 4633 1664 4707 An
1714 4637 1940 4728 possit
1992 4644 2431 4709 reservatam
2482 4638 3058 4712 iurisdictionem
3101 4635 3316 4711 alicui
