3497 5235
986 323 1106 400 (Jcp.
1133 324 1232 382 111.
1272 324 1345 382 Do
1386 322 1520 382 clero
1561 323 1834 382 uocaui.
1876 324 1933 399 §-
1963 327 2013 382 8.
2722 322 2839 385 415

176 487 209 531 »
241 459 645 551 assignetur
714 458 947 550 portio
997 457 1291 530 arbitrio
1360 454 1694 549 Episcopi
1747 476 1835 530 ex
1906 456 2260 530 fructibus
2308 457 2405 529 ad
2464 456 2839 530 ecclesiam

175 600 207 641 ι
243 573 607 643 matricem
662 569 1331 660 quomodocumque
1385 569 1944 662 pertinentibus.
1988 596 2028 637 »

308 684 482 756 281.
532 681 633 752 Ad
687 681 821 752 hoc
891 681 1257 753 decretum
1309 679 1514 754 Card.
1576 682 1666 754 de
1718 678 1915 752 Luca
1966 682 2153 755 Acin.
2215 678 2312 753 ad
2367 679 2574 753 conc.
2642 679 2837 755 Trici.

175 797 337 871 disc.
386 794 546 876 16„
584 812 771 883 quae
826 801 1256 883 sequuntur,
1307 794 1907 885 opportunissime
1962 811 2104 864 non
2142 792 2296 864 sine
2333 793 2844 884 perspicuitate

177 907 722 981 animadvertit:
783 927 821 969 ‹
858 901 1132 996 Populo
1167 912 1649 995 excrescente,
1690 924 1818 978 seu
1856 904 2034 976 alias
2070 911 2305 978 tractu
2341 906 2683 996 temporis
2715 905 2846 975 im-

180 1044 212 1088 >
249 1024 525 1090 mutato
575 1034 816 1088 rerum
867 1021 1090 1105 statu,
1133 1017 1311 1088 adeo
1349 1024 1427 1091 ut
1482 1037 1671 1090 unus
1704 1023 1961 1105 rector,
2004 1016 2114 1090 vel
2168 1004 2550 1108 parocbuS,
2593 1016 2701 1087 vel
2737 1033 2848 1088 re-

180 1157 212 1198 »
247 1130 565 1221 spective
617 1146 762 1200 una
809 1126 1109 1199 ecclesia
1162 1127 1591 1218 parochialis
1629 1128 1959 1200 universo
2007 1127 2269 1220 populo
2304 1145 2448 1198 non
2503 1125 2839 1215 sufficiat,

182 1268 214 1309 ι
249 1242 357 1313 rel
412 1258 562 1312 non
612 1245 984 1330 congruat,
1028 1247 1198 1312 tunc
1234 1240 1627 1332 prudenter
1664 1240 1958 1313 Sacrum
2009 1239 2221 1314 Conc.
2263 1240 2336 1311 in
2371 1238 2507 1311 boc
2558 1238 2845 1311 decreto

182 1378 215 1422 »
250 1352 620 1444 providet,
686 1357 765 1422 ut
819 1368 945 1440 pro
1013 1349 1179 1423 sacti
1235 1351 1585 1441 qualitate
1656 1348 2079 1424 ordinarius
2143 1370 2367 1423 unum
2419 1351 2510 1423 de
2561 1350 2845 1424 duobus

182 1492 214 1533 ι
249 1464 585 1539 remediis
621 1461 1008 1552 adhibeat;
1066 1464 1175 1536 vel
1219 1465 1487 1538 scilicet
1540 1466 1842 1538 vicarios
1877 1484 2004 1538 seu
2062 1465 2450 1554 adiutoreS,
2490 1482 2576 1536 ac
2628 1465 2844 1536 etiam

180 1604 212 1645 ι
247 1598 466 1650 unam
506 1576 612 1648 vel
654 1577 892 1667 plures
927 1576 1267 1649 ecclesias
1303 1578 1688 1650 adiutrices
1715 1577 2041 1668 deputet,
2083 1577 2372 1669 parochi
2408 1581 2478 1648 et
2507 1576 2847 1649 ecclesiae

181 1717 215 1758 ι
253 1688 686 1781 parochialis
721 1689 996 1761 unitate
1036 1708 1178 1761 non
1217 1690 1621 1780 immutata;
1660 1690 1772 1761 rel
1812 1691 2031 1781 quod,
2065 1691 2349 1781 praevia
2379 1687 2849 1763 dismembra-

182 1828 215 1869 ›
253 1804 447 1874 tione
487 1802 710 1892 partis
748 1801 989 1893 populi
1029 1820 1113 1872 ac
1140 1802 1503 1889 territorii,
1545 1820 1766 1873 unam
1802 1803 1912 1874 vel
1943 1804 2183 1893 plures
2216 1819 2435 1872 novas
2471 1799 2845 1891 parochias

182 1939 214 1980 ι
253 1915 528 2004 erigat,
589 1914 869 2002 quoties
920 1912 1237 1983 omnium
1290 1920 1691 2005 opportuna
1746 1914 2054 2005 provisio
2114 1915 2207 1985 sit
2259 1911 2766 2003 practicabilis.

315 2025 489 2096 282.
538 2050 575 2090 ›
621 2019 704 2093 [n
756 2021 910 2094 hoc-
941 2029 1182 2095 autem
1235 2032 1428 2096 certa
1467 2025 1715 2115 regula
1773 2024 2123 2113 generalis
2173 2024 2597 2113 cuicumque
2650 2022 2848 2094 casui

175 2165 209 2206 ι
251 2135 696 2229 adaptabilis
749 2137 998 2225 utique
1046 2136 1267 2209 statui
1322 2155 1468 2208 non
1519 2143 1782 2226 potest,
1826 2136 2126 2226 ideoque
2183 2135 2606 2208 manifestus
2658 2150 2850 2205 error

173 2273 208 2316 ι
248 2256 363 2321 est
411 2247 724 2333 illorum,
766 2248 890 2336 qui
944 2265 1105 2319 cum
1159 2246 1523 2338 aliquibus
1584 2248 1655 2319 S.
1698 2245 1774 2318 C.
1832 2247 2466 2336 declarationibus,
2524 2246 2633 2318 vel
2686 2262 2848 2316 cum

173 2385 208 2430 ›
251 2358 485 2432 Rotae
539 2359 1053 2449 decisionibuS,
1096 2366 1221 2432 aut
1273 2360 1676 2450 aliquorum
1728 2362 2100 2434 doctorum
2162 2359 2672 2433 traditionibus
2722 2374 2851 2449 pro

171 2496 209 2539 »
249 2471 666 2544 huiusmodi
736 2490 917 2542 nova
971 2472 1325 2544 erectione
1394 2470 1723 2545 facienda
1786 2474 1898 2545 vel
1951 2473 2375 2564 deneganda
2428 2475 2502 2544 in
2564 2471 2716 2544 sola
2770 2470 2855 2541 li·-

171 2608 208 2652 »
247 2590 405 2656 tera
460 2582 886 2675 procedunt,
930 2602 1089 2655 cum
1141 2586 1233 2658 sit
1288 2586 1524 2677 potius
1562 2586 1887 2676 quaestio
1940 2586 2115 2658 nudi
2168 2585 2339 2660 facti
2392 2604 2480 2659 ex
2534 2581 2853 2674 singulo-

165 2723 205 2764 »
251 2717 415 2768 rum
468 2714 770 2768 casuum
825 2697 1236 2787 particulari
1291 2699 1667 2788 qualitate,
1716 2717 1801 2771 ac
1854 2698 2241 2770 individuis
2293 2694 2853 2770 circumstantiis

167 2832 205 2875 »
247 2807 684 2880 decidenda.
724 2807 1072 2889 Quoniam
1108 2815 1408 2902 possunt
1442 2810 1652 2881 simul
1705 2817 1925 2900 stare,
1967 2816 2046 2883 ut
2084 2811 2157 2881 in
2198 2829 2339 2882 uuo
2377 2828 2548 2881 casu
2598 2806 2849 2879 eadem

161 2943 200 2985 ›
241 2919 501 3012 populi
543 2920 1097 3009 multiplicitate,
1141 2921 1536 3012 eademque
1572 2923 1943 3013 distantia,
1986 2925 2096 2995 vel
2151 2923 2429 2995 itineris
2465 2920 2851 3013 asperitate

160 3055 199 3097 ›
245 3031 563 3121 aliisque
617 3033 852 3104 causis
904 3032 1448 3106 attendentibus
1499 3034 1571 3106 id
1625 3035 2127 3127 denegandum
2180 3036 2310 3122 sit,
2368 3053 2452 3105 ac
2503 3032 2576 3102 in
2630 3030 2855 3101 altero

162 3167 201 3209 ›
247 3142 848 3232 concedendum,
906 3162 989 3216 eo
1042 3147 1211 3234 quia
1265 3146 1521 3217 diversi
1578 3164 1808 3218 mores
1857 3148 2215 3238 regionis,
2273 3145 2383 3217 vel
2436 3143 2657 3214 maior
2726 3158 2857 3212 seu

156 3281 199 3322 ›
245 3253 495 3326 minor
563 3258 943 3346 contiguae
995 3257 1423 3350 parochialis
1495 3257 1878 3345 maiestaS,
1936 3259 2047 3329 vel
2100 3259 2313 3331 decor
2363 3256 2437 3326 in
2489 3272 2636 3326 uno
2685 3269 2859 3324 casu

155 3391 195 3432 »
239 3368 713 3459 permittant,
754 3368 866 3440 vel
922 3369 994 3439 in
1046 3369 1184 3440 alio
1237 3369 1689 3460 prohibeant.

318 3479 498 3551 283.
547 3504 585 3545 »
625 3475 914 3560 Quoties
968 3481 1158 3552 enim
1212 3481 1360 3552 sola
1416 3483 1596 3552 ratio
1649 3482 1914 3553 excreti
1964 3481 2250 3572 populi,
2306 3480 2418 3552 vel
2470 3480 2858 3550 incommo-

144 3617 190 3661 ›
234 3590 512 3664 ditatis
548 3590 825 3663 itineris
880 3592 954 3662 in
992 3592 1353 3681 aliquibus
1408 3593 1579 3663 anni
1620 3591 2060 3684 temporibus
2103 3596 2379 3684 urgeat,
2421 3590 2659 3661 adbuc
2694 3587 2860 3659 abs-

141 3730 186 3775 »
240 3720 405 3794 que
463 3702 890 3774 necessitate
945 3703 1378 3794 procedendi
1431 3705 1522 3777 ad
1574 3704 1763 3776 hanc
1815 3704 2546 3790 dismembrationem,
2586 3721 2716 3774 seu
2752 3699 2861 3772 di·

139 3844 183 3885 ›
239 3815 647 3901 visionem,
690 3833 876 3903 quae
931 3815 1437 3887 alienationem
1491 3816 1810 3905 redolet,
1870 3816 2175 3906 ideoque
2228 3816 2650 3909 regulariter
2701 3830 2863 3904 pro-

138 3955 182 3996 »
235 3925 500 3998 hibita
539 3931 675 4015 est,
720 3933 906 3998 recte
959 3927 1232 3998 consuli
1272 3933 1504 4018 potest
1557 3947 1719 4000 cum
1758 3929 2235 4000 destinatione
2273 3928 2514 4014 unius,
2556 3923 2665 3996 vel
2702 3923 2864 4015 plu-

131 4069 175 4110 »
223 4041 451 4112 rium
507 4036 918 4109 inferiorum
957 4038 1444 4127 ecclesiarum,
1485 4058 1673 4131 quae
1724 4059 1852 4131 per
1901 4041 2331 4112 territorium
2379 4041 2520 4111 iam
2570 4051 2865 4129 sparsae

129 4177 175 4223 ›
221 4152 438 4238 sint,
482 4156 557 4221 et
609 4149 949 4238 existant,
989 4150 1100 4223 vel
1158 4151 1394 4223 denuo
1448 4158 1959 4223 construantur
2010 4171 2169 4224 cum
2238 4151 2708 4243 deputatione
2762 4149 2866 4219 vi-

123 4291 170 4336 >
220 4261 653 4349 cariorum,
693 4280 819 4333 seu
873 4261 1394 4350 coadiutorum,
1445 4267 1526 4334 ut
1577 4265 1676 4334 ita
1729 4264 2159 4334 commodior
2211 4261 2861 4350 Sacramentorum,

118 4403 164 4448 >
215 4374 723 4461 aliorumque
760 4373 1163 4445 divinorum
1202 4373 1725 4445 administratio
1765 4375 2182 4464 praesertim
2220 4373 2547 4462 infirmis,
2588 4391 2673 4445 ac
2708 4373 2868 4444 aliis

113 4519 160 4564 >
213 4486 668 4576 respective
702 4488 903 4576 sequi
962 4486 1223 4577 valeat,
1265 4507 1410 4560 non
1455 4488 1810 4559 diminuta
1865 4487 2205 4559 ecclesiae
2241 4487 2673 4579 parochialis
2706 4487 2871 4558 uni·-

63 4634 149 4678 Ἰ>
208 4606 419 4678 tate
471 4616 556 4670 ac
610 4600 986 4671 maiestate
1040 4607 1185 4672 tam
1222 4602 1409 4672 circa
1464 4617 1843 4671 numerum
1895 4599 2310 4673 clericorum
2348 4606 2422 4671 et
2475 4600 2872 4673 inservien-

65 4749 68 4802 ν
93 4747 146 4794 >
203 4719 476 4800 tium,
516 4729 736 4801 quam
772 4712 957 4785 circa
992 4713 1236 4804 populi
1295 4712 1630 4786 maiorem
1670 4731 2095 4787 concursum
2129 4713 2206 4785 in
2257 4711 2622 4803 aliquibus
2658 4728 2872 4803 prae-
