3497 5235
1063 321 1186 397 ⁰⁸1²·
1213 322 1309 380 111.
1349 324 1421 382 Do
1462 323 1597 382 clero
1638 323 1915 382 ιιοοιῑιιί.
1953 325 2006 399 ἓ.
2036 324 2114 381 11.
2799 319 2916 382 457

265 476 296 520 »
327 470 535 524 verae
572 455 1049 543 necessitatiS,
1093 464 1164 530 et
1201 465 1666 530 concurrente
1703 477 1919 530 causa
1957 458 2381 531 canonica.»
2413 452 2592 530 Vide
2632 458 2703 529 S.
2729 458 2918 549 Hyp-

253 565 443 656 polit.
491 566 685 639 Serv.
727 566 915 638 chor.
960 568 1082 639 24.
1131 569 1306 660 Aug.
1354 571 1567 641 1867.
1627 571 1718 642 ad
1763 573 1836 641 3.

389 678 565 747 372.
623 674 1107 770 Excipiendus
1161 686 1269 751 est
1322 698 1557 770 casus,
1615 699 1758 771 quo
1811 680 2146 772 parochia
2201 680 2660 771 praebendae
2706 697 2919 752 cano-

257 788 458 860 nicali
528 788 808 861 adnexa
859 791 997 863 sit:
1056 798 1228 863 tunc
1280 792 1471 863 enim
1525 809 1611 863 ex
1665 792 1982 864 dilucida
2033 788 2543 864 Benedictinae
2613 790 2913 864 Constit.

266 901 427 974 Cum
478 918 745 991 semper
794 900 1067 974 oblatas
1117 899 1192 997 ἓ.
1239 902 1366 975 17.
1415 901 1880 996 dispositione
1933 909 2225 974 cautum
2276 909 2410 991 est,
2450 909 2529 974 ut
2567 903 2920 993 parochus

256 1007 531 1082 Missam
569 1012 1114 1084 conventualem
1167 1014 1321 1103 ipse
1367 1012 1680 1086 celebret
1715 1014 2196 1104 applicetque,
2237 1014 2715 1105 parochialem
2757 1032 2919 1087 vero

255 1122 448 1194 alteri
502 1141 632 1194 suo
665 1130 960 1213 sumptu
998 1125 1422 1197 committat.
1479 1121 1566 1196 In
1604 1126 1763 1197 aliis
1797 1124 2087 1198 casibus
2126 1126 2528 1198 necessaria
2567 1134 2672 1199 est
2710 1126 2917 1199 venia

255 1232 320 1307 S.
357 1232 649 1325 Congr.‚
690 1241 769 1306 ut
805 1235 1188 1307 novissime
1226 1237 1297 1306 in
1339 1237 1593 1325 sylvae
1633 1237 1849 1309 Ducis
1888 1232 2086 1332 (Bois
2124 1236 2190 1309 le
2227 1235 2398 1332 duc)
2435 1239 2507 1309 in
2538 1234 2918 1309 Hollandia

253 1347 385 1419 diei
446 1346 562 1416 11.
603 1342 838 1418 Martii
894 1347 1109 1418 1843.
1167 1367 1297 1439 per
1352 1351 1545 1421 Sam.
1595 1367 1791 1439 pree.
1849 1366 2262 1420 concessum
2332 1347 2553 1420 fuisse
2616 1356 2921 1421 testatur

250 1457 492 1530 folium
563 1458 795 1530 dictae
846 1459 1294 1534 Mechlinien.
1359 1458 1433 1555 g.
1496 1460 1886 1545 Quamvis:
1956 1460 2029 1531 in
2083 1479 2167 1532 ea
2217 1478 2382 1532 vero
2432 1479 2650 1533 causa
2719 1478 2921 1532 sacer

250 1567 433 1643 Ordo
488 1571 747 1641 annuit
800 1570 1092 1660 quidem
1145 1572 1480 1662 precibus
1530 1568 1792 1643 Vicarii
1835 1571 2212 1662 Apostolici
2250 1573 2801 1664 expostulantis,
2840 1578 2923 1644 ut

247 1681 538 1772 parochi
590 1681 989 1753 sacellanos
1041 1677 1200 1777 (qui
1238 1690 1406 1755 sunt
1441 1682 1803 1773 simplices
1854 1683 2286 1773 sacerdoteS,
2328 1684 2757 1774 nullumque
2793 1684 2925 1755 ha-

246 1793 418 1865 bent
473 1792 791 1879 titulum,
849 1798 921 1865 et
973 1794 1328 1884 quidquid
1382 1801 1605 1886 agunt
1644 1813 1730 1867 ex
1782 1794 2119 1868 mandato
2154 1795 2626 1887 parochorum
2663 1790 2919 1893 agunt)

246 1905 633 1996 subrogare
685 1912 1004 1995 possent,
1062 1904 1477 1979 facultatem
1529 1913 1775 1980 tamen
1824 1906 2145 1981 cohibuit
2203 1930 2240 1973 α
2270 1908 2366 1979 ad
2411 1927 2663 1980 causas
2714 1925 2922 1981 verae

250 2045 286 2087 ›
323 2018 796 2099 necessitatis,
846 2023 912 2088 et
962 2018 1336 2091 dummodo
1384 2022 1576 2111 fieret
1625 2038 1713 2090 ex
1765 2037 1985 2090 causa
2037 2020 2384 2091 canonica
2413 2043 2481 2088 ν.

392 2131 561 2200 373.
623 2124 873 2218 Neque
908 2130 1217 2219 parocho
1254 2130 1626 2221 suffragari
1680 2137 1919 2221 posset
1970 2131 2435 2219 consuetudo,
2474 2150 2562 2202 ex
2600 2149 2744 2221 qua
2779 2129 2921 2203 for-

250 2250 441 2315 tasse
493 2239 871 2313 inductum
923 2240 1165 2329 fuerit,
1224 2248 1305 2313 ut
1358 2243 1517 2313 aliis
1568 2241 1702 2314 hoc
1754 2260 1935 2314 onus
1986 2241 2537 2333 persolvendum
2590 2244 2743 2334 ipse
2794 2241 2924 2314 de-

251 2354 652 2427 mandaret.
686 2348 869 2424 Nam
904 2353 1091 2425 idem
1120 2350 1538 2425 Verhoeven
1567 2359 1825 2443 quarto
1853 2354 2005 2425 loco
2038 2352 2638 2446 percontabatur:
2676 2376 2713 2418 ‹
2735 2349 2922 2436 Quid

253 2492 289 2534 ›
327 2466 608 2538 censeri
658 2464 919 2537 debeat
973 2466 1062 2536 de
1116 2465 1661 2553 consuetudine,
1703 2466 1770 2535 vi
1829 2464 2032 2536 cuius
2082 2464 2436 2555 parochus
2487 2464 2743 2538 diebus
2785 2462 2924 2536 Do-

244 2603 281 2645 »
326 2578 611 2651 minicis
661 2584 733 2650 et
785 2577 983 2650 lestis
1034 2573 1321 2649 Missam
1394 2579 1741 2668 privatam
1814 2595 1941 2669 pro
1995 2576 2112 2667 pio
2165 2578 2405 2668 aliquo
2464 2576 2918 2651 benefactore

247 2718 285 2757 ι»
325 2689 671 2782 applicat,
707 2698 778 2763 et
814 2690 1010 2762 nullo
1038 2690 1356 2781 legitimo
1392 2689 1907 2782 impedimento
1935 2690 2271 2762 detentus
2299 2708 2481 2761 onus
2508 2689 2917 2762 celebrandi

242 2828 278 2870 »
323 2800 614 2874 Missam
666 2820 793 2892 pro
848 2801 1110 2892 populo
1170 2803 1243 2872 in
1297 2801 1514 2873 alium
1568 2801 1956 2873 transferat
2006 2794 2498 2874 sacerdotem?
2531 2825 2568 2866 ι»
2632 2801 2715 2870 At
2757 2797 2917 2870 Emi

235 2911 489 2986 Patres
541 2913 657 2986 die
712 2914 902 2986 dicta
957 2914 1079 2984 25.
1124 2913 1321 3003 Sept.
1370 2912 1584 2983 1847.
1630 2913 1703 2982 in
1740 2912 1990 2984 eadem
2034 2913 2484 2985 Mechlinien.
2541 2910 2921 3000 rescripse-

233 3032 452 3098 runt:
514 3048 551 3090 ‹
584 3022 1217 3112 Consuetudinem,
1276 3023 1365 3095 de
1419 3040 1562 3112 qua
1616 3024 1878 3113 agitur,
1923 3042 2064 3095 non
2119 3042 2273 3096 esse
2311 3022 2914 3095 attendendam.»

389 3137 562 3208 374.
619 3133 803 3217 Quin
857 3137 996 3206 imo
1043 3153 1278 3225 neque
1315 3135 1756 3207 consuetudo
1793 3135 2122 3225 parochis
2158 3135 2448 3225 aliquod
2484 3133 2919 3224 praesidium

224 3254 499 3326 afferre
556 3259 797 3343 posset
850 3254 924 3323 in
978 3270 1176 3340 casu,
1234 3270 1376 3342 quo
1430 3258 1763 3343 ageretur
1814 3251 1903 3321 de
1955 3248 2256 3320 ecclesia
2309 3244 2745 3338 parochiali,
2803 3243 2917 3316 cui

219 3374 527 3460 praeter
577 3364 968 3456 parochum
1022 3365 1341 3436 serviunt
1395 3363 1516 3433 alii
1568 3361 2109 3452 participantes,
2151 3365 2249 3447 et,
2293 3364 2627 3448 poscente
2676 3372 2922 3428 neces-

220 3481 483 3564 sitate,
544 3477 774 3549 eidem
831 3474 1141 3565 parocho
1195 3473 1539 3545 auxilium
1593 3470 1972 3563 praebent.
2041 3468 2215 3543 Cum
2267 3469 2583 3541 enimin
2639 3469 2924 3540 Polica-

217 3596 462 3662 stren.
524 3587 723 3661 Miss.
758 3605 892 3677 pro
935 3604 1100 3677 pop.
1158 3587 1280 3656 23.
1337 3581 1502 3655 Maii
1562 3585 1777 3655 1856.
1828 3601 1955 3673 per
2012 3584 2207 3655 Sum.
2260 3599 2453 3672 prec.
2513 3581 2919 3670 quaesitum

225 3706 468 3787 esset,
526 3717 618 3769 an
668 3695 884 3769 Missa
934 3696 1366 3790 parochialis
1418 3696 1761 3788 applicari
1816 3693 2110 3767 deberet
2156 3692 2249 3764 ab
2286 3692 2621 3763 omnibus
2655 3709 2695 3762 e
2731 3690 2919 3762 clero

217 3809 847 3905 participantibus
917 3827 1048 3899 per
1107 3815 1399 3880 turnum
1469 3808 1667 3879 iuxta
1739 3805 2327 3878 consuetudinem
2399 3805 2473 3874 in
2552 3801 2921 3875 nonnullis

216 3925 671 3997 dioeceseon
724 3921 896 3991 locis
949 3920 1351 4010 vigentem,
1407 3918 1518 3990 vel
1572 3919 1809 4009 potius
1862 3937 1903 3987 a
1957 3916 2266 4007 parocho
2325 3922 2638 3999 tantum,
2700 3914 2921 3985 veluti

216 4033 444 4128 apud
500 4032 642 4103 alia
696 4033 1019 4104 eiusdem
1069 4033 1486 4104 dioeceseon
1543 4031 1696 4102 loca
1750 4031 1825 4102 in
1879 4046 2070 4101 more
2120 4029 2428 4121 positum
2485 4032 2662 4115 erat,
2721 4027 2795 4097 S.
2838 4022 2912 4095 C.

211 4145 873 4221 indiscriminatim
941 4144 1352 4235 respondit:
1415 4139 1682 4214 «Onus
1735 4141 2237 4233 applicationis
2290 4137 2544 4212 Missae
2599 4155 2726 4228 pro
2797 4155 2923 4229 po—

220 4287 265 4331 »
312 4258 502 4352 pulo
556 4262 880 4348 spectare
932 4255 1024 4328 ad
1076 4255 1467 4347 parochum
1503 4260 1817 4326 tantum.
1852 4278 1889 4319 ν
1930 4250 2265 4344 Congruit
2310 4250 2683 4324 Tiburtina
2709 4250 2916 4341 Appl.

206 4374 446 4445 Miss.
481 4387 617 4460 pro
659 4386 823 4460 pop.
865 4367 986 4438 21.
1027 4363 1406 4438 Novembr.
1455 4365 1699 4452 1801.‚
1767 4365 2002 4438 Castri
2040 4364 2197 4437 Albi
2244 4364 2384 4435 VV.
2430 4365 2558 4436 SS.
2599 4363 2742 4434 LL.
2800 4362 2916 4432 18.

205 4482 385 4557 Iul.
436 4481 652 4551 1789.
693 4486 764 4551 et
820 4480 1031 4551 aliae.

393 4593 569 4665 375.
600 4589 1055 4663 Consuetudo
1083 4598 1323 4663 tamen
1361 4587 1667 4681 parocho
1703 4587 1840 4660 hac
1878 4586 1951 4657 in
1988 4604 2063 4657 re
2100 4584 2336 4658 favere
2366 4592 2606 4676 posset
2634 4583 2920 4659 duobus

198 4712 294 4785 in
362 4703 664 4778 casibus
682 4695 704 4793 3'
757 4704 985 4796 primo
1039 4701 1330 4792 quando
1368 4701 1603 4791 agitur
1638 4699 1728 4771 de
1762 4696 2282 4781 sacerdotibus,
2324 4715 2628 4787 quorum
2657 4716 2921 4770 munus
