3497 5235
1045 312 1284 387 cmm.
1324 312 1397 371 Do
1435 312 1571 372 olm
1608 314 1881 374 studui.
1921 316 2076 391 §.a
2766 319 2889 383 465

234 449 685 539 supplicibus
734 449 1022 540 libellis,
1079 453 1201 542 qui
1255 452 1346 524 ad
1403 452 1874 543 Apostolicam
1929 456 2187 527 Sedem
2238 474 2455 547 super
2485 456 2622 530 hac
2656 476 2732 530 re
2767 460 2895 532 de·

230 557 586 632 feruntur.

376 673 546 744 379.
605 669 953 761 Iamver0,
1010 681 1089 747 ut
1138 675 1469 768 parochis
1515 676 1695 749 haec
1743 678 2070 751 sacrificii
2123 681 2404 754 iteratio
2456 684 2694 774 liceat,
2739 705 2885 760 non

228 783 494 857 sufficit
546 802 736 856 mera
788 786 1089 875 utilitas,
1148 795 1273 859 aut
1308 805 1803 879 quaecumque
1855 793 2270 880 necessitas,
2309 794 2433 865 sed
2472 814 2556 869 ea
2594 799 2883 887 quidem

228 896 673 987 gravissima,
716 914 1047 987 quaeque
1085 905 1162 970 ut
1200 899 1583 989 plurimum
1639 902 1711 973 in
1751 901 1883 974 hoc
1919 903 2205 991 accidit,
2246 912 2325 977 ut
2362 907 2556 979 nulla
2595 929 2884 1001 prorsus

223 1008 366 1079 alia
417 1008 696 1079 ratione
747 1008 958 1080 detur
1008 1010 1445 1083 sacerdotem
1497 1012 1845 1099 invenire,
1904 1013 2024 1102 qui
2080 1014 2375 1087 alteram
2431 1015 2718 1114 Missam
2771 1040 2887 1094 ce-

222 1117 485 1193 lebret.
541 1117 989 1192 Consulenda
1041 1127 1149 1192 est
1201 1122 1274 1193 in
1328 1121 1515 1194 banc
1564 1141 1713 1197 rem
1770 1125 1976 1195 modo
2027 1124 2217 1197 dicta
2267 1126 2715 1216 ConstitutiO,
2756 1150 2885 1203 seu

224 1231 605 1305 decretalis
655 1251 716 1304 s.
774 1251 870 1302 m.
926 1229 1196 1305 Bened.
1254 1230 1446 1304 XIV.
1505 1234 1597 1306 ad
1647 1233 2076 1327 Episcopum
2134 1238 2497 1310 oscensem
2547 1240 2716 1312 data
2768 1240 2885 1313 die

229 1345 347 1415 16.
405 1340 640 1415 Martii
699 1345 912 1415 1746.
971 1344 1189 1436 incip.
1252 1347 1684 1428 Declarasti,
1737 1349 1810 1419 in
1866 1366 2009 1437 qua
2061 1367 2205 1420 non
2258 1352 2413 1422 sine
2466 1352 2686 1423 multa
2725 1370 2888 1423 eru-

222 1457 519 1530 ditionis
573 1457 1083 1547 doctrinaeque
1133 1459 1334 1549 copia
1389 1459 1522 1530 hoc
1573 1460 1661 1532 de
1714 1456 1928 1532 Missa
1991 1459 2313 1534 binanda
2383 1468 2884 1554 argumentum

223 1570 653 1660 exponitur,
726 1571 1021 1660 suisque
1087 1571 1351 1661 regulis
1418 1572 1943 1663 sapientissime
2013 1572 2361 1645 firmatur.
2420 1572 2611 1644 Adiri
2664 1575 2882 1645 etiam

218 1689 460 1773 potest
510 1682 872 1754 discursus
920 1678 1016 1751 R.
1070 1679 1152 1752 P.
1209 1681 1293 1754 D.
1351 1681 1723 1755 Secretarii
1778 1684 1851 1755 S.
1908 1681 1984 1755 C.
2040 1681 2251 1756 Cone.
2312 1686 2384 1755 iu
2436 1704 2653 1757 causa
2710 1686 2887 1757 Der·-

220 1794 498 1866 tfmsen.
561 1794 678 1865 17.
736 1795 931 1886 Sept.
995 1795 1240 1883 1768„
1298 1797 1419 1884 qui
1474 1794 1784 1867 habetur
1835 1796 1907 1866 in
1954 1795 2288 1868 Thesaur.
2334 1798 2487 1868 Res,
2546 1803 2712 1869 tom.
2754 1793 2877 1867 37.

212 1924 385 1998 paq.
442 1904 657 1987 208..
711 1905 832 1977 ubi
885 1906 1135 1979 eadem
1191 1908 1485 1978 materia
1539 1906 1782 1978 fusiori
1835 1906 2112 1979 calamo
2165 1907 2511 1981 evolvitur
2579 1914 2650 1979 et
2699 1924 2887 1978 enu-

223 2018 524 2090 cleatur.
564 2013 955 2089 Novissime
991 2020 1205 2089 etiam
1243 2018 1315 2089 S.
1355 2015 1572 2108 Cong.
1613 2015 1828 2090 Cone.
1871 2018 1940 2088 in
1980 2018 2145 2089 folio
2179 2037 2440 2090 causae
2474 2020 2881 2092 Auxitanae

234 2129 381 2202 W.
445 2130 570 2202 SS.
628 2130 774 2201 LL.
832 2128 948 2200 die
984 2131 1106 2201 28.
1148 2126 1310 2200 Maii
1370 2132 1584 2202 1853.
1627 2130 1949 2201 eamdem
1991 2147 2137 2202 rem
2175 2133 2663 2220 pertractavit,
2706 2151 2888 2202 una·

228 2257 370 2330 que
437 2239 684 2311 retulit
748 2241 1022 2330 species
1073 2259 1444 2312 causarum
1515 2242 1877 2329 omnium,
1935 2260 2121 2331 quae
2174 2262 2212 2313 a
2268 2242 2481 2314 Sacra
2533 2240 2876 2339 Congreg.

222 2359 427 2425 actae
477 2358 647 2424 sunt
695 2368 908 2442 super
957 2351 1091 2423 hoc
1143 2340 1561 2443 argumento
1612 2351 1705 2424 ab
1760 2354 2161 2443 antiquiore
2211 2360 2528 2444 tempore
2566 2355 2657 2426 ad
2695 2356 2883 2430 hanc

224 2471 542 2536 nostram
598 2469 943 2551 aetatem3
1003 2463 1220 2552 idque
1271 2478 1373 2537 eo‘
1407 2465 1741 2544 consilio,
1816 2470 1897 2536 ut
1966 2463 2504 2554 comprobatum
2557 2469 2886 2558 explora-

225 2581 525 2665 tumque
578 2574 785 2664 foret,
853 2576 1186 2667 parochis
1239 2575 1647 2650 facultatem
1720 2576 1870 2648 fieri
1925 2595 2071 2649 non
2123 2576 2385 2650 debere
2441 2575 2697 2652 Missae
2753 2582 2884 2654 ite-

219 2689 522 2776 randae,
582 2689 717 2759 nisi
775 2706 932 2760 cum
987 2689 1170 2762 alius
1219 2690 1432 2780 plane
1482 2689 1813 2761 sacerdos
1863 2695 2146 2780 praesto
2197 2708 2341 2761 non
2392 2693 2528 2777 sit,
2597 2693 2721 2782 qui
2772 2712 2890 2765 se-

219 2799 538 2872 cundum
592 2797 848 2872 Missae
900 2801 1322 2872 sacrificium
1375 2808 1693 2892 peragat.
1752 2797 2065 2890 Legatur
2100 2800 2235 2872 hac
2270 2802 2360 2873 de
2397 2820 2469 2873 re
2509 2803 2881 2876 instructio

220 2912 293 2983 S.
335 2910 413 2984 C.
472 2912 562 2984 dc
610 2909 1081 3004 Propaganda
1134 2910 1348 3002 Fide,
1405 2931 1620 3001 quam
1673 2911 2173 2984 exhibebimus
2223 2913 2296 2983 in
2365 2912 2506 2983 vol.
2548 2910 2686 2984 111.
2744 2915 2880 2987 sub

218 3042 426 3095 num.
467 3025 586 3095 43.
2609 3083 2614 3088 .

367 3139 539 3211 380.
598 3132 896 3219 Quando
946 3155 1113 3209 vero
1162 3138 1375 3229 plane
1427 3136 1851 3223 constiterit,
1910 3136 2433 3222 necessitatem,
2499 3154 2718 3224 quam
2770 3136 2881 3208 di-

215 3250 484 3335 ximus,
529 3268 687 3321 vero
724 3250 957 3322 locum
994 3248 1284 3337 habere,
1328 3267 1470 3321 non
1507 3248 1769 3319 idcirco
1803 3265 1933 3318 suo
1970 3253 2193 3319 marte
2239 3252 2472 3338 potest
2527 3248 2884 3338 parochus

215 3360 525 3434 binandi
579 3360 990 3433 facultatem
1026 3360 1163 3432 sibi
1215 3379 1577 3451 arrogare:
1637 3377 1948 3449 namque
1976 3380 2063 3432 ex
2114 3366 2360 3449 aperta
2397 3359 2883 3432 declaratione

215 3470 495 3545 Bened.
554 3468 743 3543 xlv,
801 3467 973 3569 (loc.
1032 3473 1153 3545 cit.
1208 3471 1285 3566 ξ.
1348 3467 1516 3567 Tui)
1587 3472 1970 3560 requirit-ir
2037 3472 2329 3562 insuper
2395 3468 2729 3562 Episcopi
2802 3471 2888 3543 li-

216 3586 487 3671 centia,
545 3586 748 3657 cuius
799 3586 1059 3657 iudicio
1127 3584 1555 3674 relinquitur
1603 3583 2127 3669 determinare,
2201 3601 2294 3653 an
2346 3583 2533 3654 iusta
2587 3591 2660 3655 et
2714 3601 2878 3655 vera

213 3696 673 3770 necessitatis
724 3697 905 3768 ratio
954 3697 1025 3766 in
1061 3696 1348 3769 casibus
1385 3694 1864 3786 peculiaribus
1916 3694 2333 3767 intercedat.
2375 3690 2622 3784 Neque
2665 3694 2887 3765 indis-

214 3807 652 3880 criminatim
704 3805 1076 3900 Episcopis
1112 3809 1299 3880 hanc
1350 3807 1762 3880 facultatem
1801 3808 2141 3898 impertiri
2196 3807 2303 3878 fas
2353 3816 2510 3902 est,
2546 3806 2675 3878 sed
2728 3812 2889 3878 tan-

211 3927 375 3992 tum
431 3917 523 3989 ob
575 3937 814 3991 veram
871 3921 942 3990 in
995 3939 1161 3992 casu
1216 3920 1627 4009 particulari
1682 3920 2125 3992 necessitatis
2178 3937 2505 4007 causam;
2573 3918 2882 4008 ideoque

207 4030 600 4125 personale
654 4031 950 4105 binandi
987 4032 1427 4123 privilegium
1481 4032 1690 4104 alicui
1748 4031 2054 4121 parocho
2106 4031 2216 4102 vel
2271 4031 2474 4103 alteri
2528 4029 2884 4101 sacerdoti

214 4143 515 4234 elargiri
569 4144 857 4214 minime
906 4150 1239 4234 possent3
1296 4143 1488 4215 velut
1541 4141 1631 4212 ab
1684 4141 1930 4213 eodem
1986 4139 2323 4213 Pontifice
2377 4142 2639 4213 diserte
2701 4138 2880 4211 inibi

208 4256 595 4329 statuitur.
651 4252 837 4327 Hinc
887 4263 1033 4346 cst,
1105 4255 1294 4344 quod
1353 4254 1717 4326 Antistites
1771 4254 1862 4324 ad
1916 4251 1988 4323 S.
2047 4253 2301 4325 Sedem
2356 4269 2715 4324 recurrere
2774 4271 2887 4323 so-

205 4369 420 4442 leant
472 4368 686 4439 etiam
741 4387 824 4441 ea
877 4368 966 4440 de
1016 4387 1259 4454 causa,
1316 4374 1394 4439 ut
1448 4366 1786 4438 iudicium
1843 4367 2068 4438 tutius
2119 4385 2201 4438 ac
2253 4366 2512 4436 certius
2566 4365 2879 4452 existat,

207 4479 416 4572 quod
469 4497 638 4551 vera
691 4486 762 4551 et
813 4480 998 4551 iusta
1050 4479 1437 4551 necessitas
1488 4478 1719 4549 subsit
1758 4478 2031 4564 veniae,
2072 4477 2160 4550 de
2198 4495 2338 4566 qua
2393 4478 2657 4566 agitur,
2703 4474 2887 4546 elar-

209 4590 571 4686 giendae,
654 4609 782 4663 ceu
835 4591 1322 4664 demonstrant
1392 4589 1853 4682 complurima
1926 4589 2188 4679 passim
2244 4589 2618 4678 exempla,
2698 4604 2884 4675 quae

207 4704 463 4778 afferri
516 4709 832 4793 possent.
890 4700 965 4775 S.
1004 4702 1079 4773 C.
1120 4720 1284 4774 vero
1335 4703 1407 4773 in
1460 4704 1608 4774 suis
1658 4701 2239 4791 resolutionibuS,
2270 4702 2443 4774 ‘sive
2482 4702 2558 4772 in
2594 4716 2886 4788 respon-

436 4844 623 4899 Lucrm.
658 4843 794 4893 visit.
822 4844 963 4891 Suet.
991 4843 1130 4898 Lim..
1158 4841 1278 4890 edit.
1308 4841 1403 4888 111.
1436 4841 1536 4889 Vol.
1563 4843 1605 4890 1.
2614 4848 2670 4892 80
