3497 5235
527 304 645 367 514
1276 298 1647 357 Iutruotionin
1688 297 1741 354 8.
1771 295 1955 371 Οοιιςτ.
1985 294 2130 354 Gonu.
2173 294 2446 369 expetitio.

531 444 695 533 Leq.
731 459 808 529 p.
845 437 913 511 1.
954 438 1067 511 tit.
1097 437 1166 509 6.
1206 437 1418 525 form.
1445 434 1568 507 20.
1612 455 1686 505 n.
1724 433 1884 516 15.,
1921 453 2003 506 ac
2038 435 2427 525 praecipue
2463 434 2534 504 in
2575 433 2891 506 Lauden.
2935 432 3207 505 Iurisd.

536 554 603 622 1.
647 550 813 623 Dec.
871 550 1083 622 1691.
1144 548 1238 619 ad
1292 565 1588 628 nonum,
1624 548 1747 619 20.
1800 543 1995 638 Sept.
2045 547 2296 632 1692„
2355 564 2638 617 necnon
2692 547 2766 617 in
2804 547 2980 617 Foro
3022 546 3217 616 Sem-

520 665 852 758 pronien.
910 664 981 734 3.
1023 663 1217 752 Sept.
1270 660 1482 732 1650.
1541 653 1583 754 (
1594 659 1751 731 Lzb
1800 658 1914 730 15.
1957 657 2216 731 decret.
2249 677 2420 751 paq.
2463 658 2584 731 76.
2624 663 2688 729 et
2724 657 2887 728 alus
2900 652 2969 752 )

678 778 847 848 475.
905 772 1239 856 Quaestio
1292 772 1652 865 proposita
1707 789 1852 841 non
1901 770 2121 841 semel
2178 778 2311 856 est,
2379 790 2474 842 an
2525 769 2886 861 regulares
2929 766 3215 840 confes-

528 861 725 977 sarii,
783 889 904 977 qui
959 888 1155 957 iuxta
1209 884 1573 956 decretum
1624 879 1875 953 Innoc.
1937 879 2066 952 XI.
2149 884 2235 955 Ut
2287 884 2362 953 in
2410 883 2660 972 parvis
2721 878 3046 971 Episcopi
3102 880 3216 951 iu·-

529 1000 922 1073 risdictioni
961 996 1297 1081 subsunt,
1341 995 1755 1067 collationes
1812 995 2111 1066 morales
2166 995 2365 1065 adire
2420 992 2760 1065 debeant.
2818 989 2970 1073 Qua
3019 993 3096 1064 in
3135 1010 3214 1063 re

529 1114 735 1185 adest
783 1109 1122 1182 resolutio
1174 1106 1247 1179 S.
1289 1105 1509 1197 Cong.
1549 1104 1761 1178 Cone.
1822 1108 1998 1177 Foro
2054 1106 2536 1196 sempronien.
2601 1106 2718 1176 12.
2759 1101 2927 1175 Maii
2987 1105 3205 1176 1681.

528 1220 707 1322 (lib.
750 1221 871 1295 35.
914 1221 1171 1293 decret.
1205 1240 1375 1312 paq.
1415 1213 1682 1314 238.).·
1748 1240 1786 1282 «ι
1819 1215 2212 1311 Episcopus
2265 1218 2561 1307 exponit
2596 1218 2668 1288 in
2707 1217 2997 1288 civitate
3031 1214 3213 1288 Foro

532 1362 569 1404 ›
612 1333 1105 1425 Sempronien.
1164 1333 1305 1403 duo
1357 1330 1610 1402 adesse
1660 1327 2129 1421 Regularium
2200 1329 2572 1415 coenobia,
2645 1347 2871 1399 unum
2938 1328 3216 1399 scilieet

533 1472 571 1538 γ
613 1444 786 1517 Min.
830 1443 1046 1516 Conv.
1091 1441 1162 1514 S.
1202 1441 1589 1531 Francisci,
1633 1442 1939 1514 alterum
1991 1460 2156 1513 vero
2194 1439 2783 1526 Barnabitarum,
2826 1459 3014 1530 quae
3052 1458 3217 1531 pro-

533 1582 572 1626 »
616 1562 770 1655 pter
808 1558 1139 1647 exiguum
1181 1556 1666 1645 religiosorum
1707 1571 2081 1624 numerum
2121 1552 2392 1624 ibidem
2435 1553 2849 1645 degentium
2885 1551 3218 1625 subiecta

534 1695 571 1737 ›
612 1674 780 1740 sunt
831 1668 1303 1739 iurisdietioni
1357 1664 1716 1739 Ordinarii
1781 1684 1865 1736 ex
1922 1666 2207 1736 decreto
2263 1685 2325 1736 s.
2369 1684 2465 1736 m.
2509 1662 2886 1736 Innocent.
2931 1661 3066 1734 XI.
3110 1667 3220 1736 in-

532 1774 571 1848 s
611 1780 872 1869 cipien.
938 1780 1024 1850 Ut
1075 1779 1151 1849 in
1198 1778 1495 1867 parvis,
1550 1784 1622 1849 et
1674 1777 1839 1849 licet
1890 1777 2060 1848 dicti
2115 1772 2456 1867 Religiosi
2507 1775 2918 1848 huiusmodi
2973 1776 3218 1848 subie-

533 1919 572 1963 »
614 1894 917 1964 ctionem
973 1897 1367 1982 agnoscant
1418 1895 1637 1977 atque
1690 1890 2084 1979 patiantur,
2144 1889 2440 1977 quidam
2494 1895 2733 1959 tamen
2787 1907 2877 1959 ex
2914 1889 3022 1960 eis
3059 1907 3216 1960 sae·

533 2028 571 2072 »
612 2002 960 2073 cularium
1014 2000 1520 2087 confessioneS,
1579 2000 1827 2071 eodem
1866 1997 2242 2069 Ordinario
2289 1997 2763 2090 approbante,
2807 1998 3210 2089 excipiunt,

534 2141 571 2182 ν
611 2113 739 2185 sed
776 2114 863 2185 ad
905 2114 1525 2204 congregationem
1565 2131 1860 2183 casuum
1898 2111 2408 2198 conscientiae,
2446 2128 2632 2199 quae
2670 2110 2979 2201 singulis
3019 2128 3216 2181 men-

534 2253 572 2294 »
615 2226 814 2298 sibus
865 2225 1222 2313 habetur,
1301 2225 1558 2315 cuique
1611 2240 1859 2295 omnes
1912 2224 2322 2295 confessarii
2387 2224 2795 2309 intersunt,
2874 2223 3215 2294 accedere

536 2362 575 2406 ν
618 2346 975 2422 renuunt3
1036 2336 1363 2425 quocirca
1419 2337 1595 2426 petit
1649 2334 2051 2423 declarari,
2127 2355 2220 2406 an
2276 2334 2679 2425 praedictos
2741 2333 3216 2405 confessarios

539 2475 577 2516 ›
621 2449 979 2539 regulares
1016 2467 1262 2540 cogere
1315 2450 1539 2541 possit
1576 2448 1666 2519 ad
1706 2447 2276 2520 interessendum
2332 2448 2876 2538 congregationi
2914 2464 3220 2517 casuum

538 2586 575 2628 »
618 2562 1214 2634 conscientiam»
1287 2558 1360 2632 S.
1418 2558 1492 2631 C.
1553 2560 1964 2651 respondit:
2035 2557 2476 2652 ‹Negative.
2515 2584 2553 2626 ι»
2627 2555 2775 2632 Hoc
2844 2558 3220 2631 decretum

535 2674 688 2745 dari
748 2675 949 2746 iussit
1002 2674 1249 2745 eadem
1305 2675 1376 2743 S.
1417 2671 1762 2764 congreg.
1821 2673 1896 2742 in
1948 2672 2090 2743 alia
2147 2673 2362 2743 simili
2415 2690 2635 2744 causa
2671 2672 3020 2763 Aquipen.
3071 2672 3216 2744 VV.

541 2789 668 2860 SS.
712 2787 854 2858 LL.
921 2786 1035 2856 12.
1080 2781 1310 2855 Martii
1372 2785 1585 2854 1718.

682 2897 850 2967 476.
911 2895 1417 2966 Adnotandum
1472 2914 1665 2981 vero,
1707 2894 1899 2984 quod
1954 2902 2114 2985 post
2165 2895 2386 2967 hasce
2423 2894 2945 2967 declarationes
2981 2897 3220 2969 editas

533 3007 745 3080 Cone.
790 3006 997 3080 Rom.
1042 3027 1163 3080 an.
1196 3009 1407 3080 1725.
1463 3009 1597 3079 Tit.
1629 3008 1744 3080 15.
1788 3027 1945 3098 cap.
1991 3007 2100 3088 9.,
2142 3009 2369 3099 coegit
2412 3005 2868 3099 ‹Regulares
2905 3004 3225 3101 (confes-

537 3145 574 3187 ›
617 3117 871 3213 sarios)
911 3121 1152 3205 etiam,
1194 3117 1577 3189 dummodo
1618 3118 1919 3188 morales
1958 3119 2027 3188 in
2070 3136 2310 3189 eorum
2354 3117 2834 3190 conventibus
2871 3118 3221 3191 lectiones

533 3254 572 3322 γ
616 3250 758 3301 non
812 3230 1259 3316 habeantur,
1326 3230 1501 3300 alias
1556 3229 1647 3300 ab
1703 3213 2084 3301 audiendis
2139 3230 2711 3302 confessionibus
2764 3230 3224 3320 suspenden-

537 3368 575 3409 ›
616 3343 744 3414 dos
776 3368 844 3428 ν,
904 3344 1017 3414 cui
1058 3341 1354 3433 proinde
1391 3342 1838 3432 dispositioni
1876 3342 2212 3414 standum
2253 3349 2363 3413 est
2417 3345 2673 3415 saltem
2709 3343 2897 3414 inter
2941 3340 3223 3434 Capua-

534 3473 701 3525 nam
757 3461 828 3527 et
881 3452 1213 3524 Pisauam
1268 3454 1736 3544 provinciam.

683 3567 849 3636 477.
894 3563 1150 3638 Itidem
1190 3567 1569 3637 convenire
1597 3565 1868 3638 debent
1904 3564 2308 3638 sacerdotes
2338 3584 2588 3639 omnes
2623 3567 3060 3656 saeculareS,
3095 3569 3219 3658 qui

530 3674 1024 3750 Poenitentiae
1078 3676 1614 3750 Sacramentum
1672 3677 2009 3750 fidelibus
2062 3678 2594 3766 administrant,
2654 3679 2789 3751 etsi
2844 3681 2919 3750 in
2975 3680 3218 3752 cathe-

532 3790 715 3882 drali
772 3790 878 3862 rel
934 3791 1309 3882 collegiata
1360 3792 1866 3864 canonicatum
1919 3791 2031 3862 vel
2085 3791 2521 3882 dignitatem
2575 3792 2982 3864 obtineant.
3041 3788 3213 3862 Nam

536 3902 609 3973 S.
653 3901 726 3972 C.
770 3900 981 3975 Cone.
1025 3902 1143 3975 die
1184 3904 1299 3974 15.
1343 3900 1600 3974 Martii.
1649 3904 1863 3974 1692.
1916 3898 2088 3996 (lib.
2133 3903 2204 3975 A.
2248 3903 2504 3975 decret.
2554 3923 2725 3996 paq.
2771 3897 3021 3999 447),
3059 3920 3210 3975 cum

534 4015 842 4105 petitum
888 4015 1179 4087 fuisset:
1242 4037 1279 4079 «ι
1323 4015 1427 4087 An
1465 4017 1686 4106 possit
1740 4013 2135 4105 Episcopus
2172 4016 2594 4106 compellere
2633 4017 3019 4087 canonicos
3053 4034 3212 4086 con-

537 4148 576 4192 »
620 4124 947 4198 fessarios
998 4132 1411 4216 ceterosque
1466 4127 1915 4220 presbyteros
1951 4127 2382 4199 cathedralis
2428 4127 2563 4200 sub
2605 4147 2836 4218 poena
2877 4128 3213 4219 pecunia-

506 4232 577 4302 ἰ
619 4237 749 4324 ria,
795 4245 869 4310 ut
909 4241 1254 4311 accedant
1294 4239 1381 4310 ad
1420 4240 2042 4330 congregationem
2112 4258 2407 4311 casuum
2464 4235 3053 4312 conscientian»
3107 4257 3210 4310 re·

533 4351 822 4438 sponsio
875 4349 1065 4421 edita
1104 4358 1255 4423 est:
1316 4373 1354 4415 ‹
1389 4349 1598 4423 Posse
1652 4352 2074 4441 compellere
2135 4370 2383 4425 omnes
2436 4352 2846 4424 sacerdotes
2897 4353 3206 4425 saecula·

536 4483 574 4527 ›
616 4479 727 4531 res
762 4460 1257 4550 confessarios,
1292 4450 1561 4535 ceteros
1597 4481 1763 4534 vero
1804 4483 1943 4534 uon
1974 4482 2181 4554 passe
2211 4462 2664 4554 compellere,
2699 4464 2831 4535 sed
2866 4464 3200 4535 hortari.»

685 4572 854 4644 478.
896 4571 1001 4644 Ex
1054 4574 1166 4646 his
1221 4576 1467 4646 merito
1522 4572 1791 4647 Bened.
1835 4572 2027 4646 XIV.
2070 4575 2309 4647 Instit.
2353 4576 2523 4647 eccl.
2572 4575 2741 4649 103.
2783 4575 2858 4671 ἓ.
2923 4571 3202 4657 11.,31-

531 4659 681 4792 lata
732 4685 807 4754 in
860 4686 1471 4759 confirmationem
1524 4689 1945 4760 auctoritate
1998 4686 2205 4760 Card.
2248 4685 2484 4777 Petra,
2527 4687 2849 4780 deducit,
2890 4687 3198 4762 sacerdo·
