3497 5235
528 320 648 385 520
1270 327 1638 387 luntre-tionis
1678 326 1733 387 8.
1761 328 1944 404 congr.
1974 329 2120 388 Oeno.
2163 326 2432 401 expositio.

533 485 572 528 ι»
613 461 813 533 cerit.
869 458 1292 536 Huiusmodi
1362 471 1602 539 autem
1654 466 1988 542 licentiae
2038 466 2301 556 scripto
2371 460 2756 555 permissae
2809 451 3206 546 quotannis

531 599 570 642 ι»
610 583 1086 648 renoventur:
1145 577 1465 666 alioquin
1520 577 1760 650 irritae
1813 596 1897 651 ac
1948 578 2192 651 nullae
2241 576 2414 647 sint.

678 709 717 755 ›
757 682 953 758 Neve
1005 704 1422 778 praecursor
1490 695 1615 760 aut
1665 689 1936 762 assecla
1990 689 2501 773 foeminarum,
2559 688 2684 754 aut
2732 679 2834 751 eis
2884 675 3206 748 discum-

532 819 571 864 »
609 792 957 868 bentibus
1008 799 1325 886 assistat,
1367 804 1493 871 aut
1545 800 1923 874 ancilletur
1974 795 2115 896 (1).
2161 823 2199 866 ιι

530 984 541 990 ,
682 931 720 973 <t
756 904 890 990 Qui
943 915 1180 981 autem
1232 910 1638 984 huiusmodi
1692 913 2088 985 saecularia
2125 911 2409 1003 negotia
2463 902 2842 980 exercendi
2894 897 3190 971 faculta-

535 1043 574 1089 ›
612 1025 785 1106 tem,
817 1039 946 1093 seu
982 1021 1587 1115 dispensationem
1624 1025 2051 1115 impetrarit,
2084 1025 2273 1096 intra
2310 1022 2490 1094 duos
2527 1032 2807 1091 menses
2842 1009 3203 1102 Episcopo

532 1153 576 1212 ,ν
616 1129 978 1203 exhibeat.

686 1265 725 1311 ›
763 1240 1269 1335 Quaecumque
1304 1247 1379 1318 in
1415 1247 1552 1319 hac
1603 1249 1961 1336 universa,
2004 1266 2190 1338 quae
2228 1246 2323 1318 ad
2355 1245 2575 1316 vitam
2628 1247 2701 1313 et
2750 1239 3205 1310 honestatem

538 1376 577 1422 ›
617 1354 1030 1428 clericorum
1082 1358 1486 1448 pertinent,
1544 1366 1793 1451 parte,
1858 1360 2075 1432 variis
2129 1358 2356 1430 titulis
2423 1370 2760 1447 expressa
2823 1350 3209 1440 praecepta

539 1489 578 1533 ι
618 1468 1117 1557 continentur,
1176 1468 1437 1543 efficiat
1487 1468 1929 1564 Episcopus,
1986 1479 2067 1544 ut
2118 1489 2203 1544 ea
2255 1469 2495 1542 omnia
2547 1465 2641 1537 ab
2693 1458 3057 1547 omnibus,
3115 1454 3212 1529 ad

540 1604 579 1647 ι»
620 1595 801 1668 quos
851 1586 1155 1671 spectat,
1197 1581 1579 1674 diligenter
1630 1592 1703 1657 et
1756 1585 2095 1656 inviolate
2147 1587 2548 1655 serventur.

686 1715 724 1758 »
762 1688 896 1774 Qui
950 1713 1113 1767 vero
1164 1696 1491 1785 clericuS‚
1532 1697 1849 1769 cuiusvis
1900 1698 2117 1768 etiam
2165 1694 2455 1786 gradus,
2496 1687 2792 1773 ordinis,
2835 1682 3213 1776 dignitatis

541 1828 580 1871 ι»
620 1803 695 1875 in
748 1804 989 1895 aliqua
1041 1824 1117 1878 re
1170 1808 1255 1879 iis
1307 1825 1451 1880 non
1502 1807 2045 1899 obtemperarit,
2084 1807 2147 1878 is
2198 1811 2324 1879 aut
2377 1800 2675 1876 salutari
2730 1792 3209 1890 poenitentia,

539 1939 580 1995 ᾳ»
619 1920 746 1987 aut
793 1919 1128 2007 pecunia,
1172 1926 1297 1991 aut
1345 1921 1816 2011 suspensione
1869 1918 1961 1991 ab
2016 1916 2363 1990 Ordinum
2416 1929 2755 1999 munere,
2816 1916 2887 1981 et
2937 1905 3218 1979 benefi-

542 2050 580 2093 »
621 2027 888 2100 ciorum
943 2030 1587 2119 administratione,
1628 2038 1756 2104 aut
1791 2033 2009 2104 etiam
2045 2050 2088 2100 a
2130 2027 2530 2114 beneficiis,
2570 2028 2696 2095 aut
2730 2037 3045 2105 carcere,
3087 2021 3216 2088 aut

543 2161 583 2220 φ
623 2140 862 2230 exilio,
902 2149 1029 2214 aut
1079 2143 1405 2234 pluribus
1455 2144 1665 2216 simul
1719 2162 1810 2215 ex
1859 2143 1947 2214 iis
2000 2138 2358 2238 (poenis),
2424 2143 2549 2210 aut
2599 2135 2818 2208 etiam
2873 2128 3217 2223 graviori-

545 2276 584 2319 »
624 2249 764 2324 bus
813 2271 942 2346 pro
997 2255 1202 2327 modo
1254 2256 1503 2348 culpae
1558 2253 1894 2348 Episcopi
1947 2255 2303 2327 arbitratu
2354 2251 2760 2324 mulctetur.

691 2360 823 2445 Qui
878 2366 1136 2438 iterum
1189 2369 1266 2440 in
1301 2370 1553 2441 eadem
1604 2388 1681 2443 re
1730 2368 2071 2461 peccarit,
2112 2365 2476 2457 duplicata
2526 2364 2589 2435 is
2639 2378 2869 2455 poena
2924 2374 3058 2447 pro
3103 2372 3225 2425 ra-
3338 2380 3350 2390 ·

548 2497 587 2540 »
629 2464 821 2548 tione
875 2478 1189 2550 criminis
1240 2479 1331 2551 ab
1383 2482 1634 2554 eodem
1686 2482 2070 2572 plectatur.

695 2611 733 2656 ›
774 2585 970 2671 Quae
1022 2590 1096 2661 in
1148 2588 1459 2666 Concilio
1510 2591 1929 2685 provinciali
1982 2588 2045 2662 Ι.
2086 2590 2202 2680 iis,
2242 2589 2367 2680 qui
2421 2586 2644 2660 sacris
2697 2580 3092 2656 Ordinibus
3145 2584 3221 2652 et

549 2722 588 2765 ι»
627 2701 1023 2773 sacerdotio
1075 2704 1335 2777 initiati
1387 2711 1583 2795 sunt,
1624 2706 1894 2796 quique
1946 2703 2508 2779 ecclesiasticum
2544 2696 2976 2772 beneficium
3031 2692 3226 2766 obti-

549 2836 588 2880 »
628 2820 803 2886 nent
856 2813 948 2887 de
996 2816 1482 2889 saecularibus
1527 2818 1832 2908 negotiis
1866 2817 2228 2908 fugiendis
2281 2813 2670 2887 constituta
2721 2812 2919 2896 sunt,
2960 2804 3222 2877 eadem

548 2946 587 2990 ν
628 2926 875 3014 poenis
926 2925 1181 2998 iisdem
1232 2928 1344 2999 vel
1396 2929 1581 3016 aliis,
1623 2947 1805 3019 quas
1858 2927 2212 3000 arbitratu
2264 2943 2393 2998 suo
2428 2921 2826 3015 Episcopus
2877 2916 3216 3003 edixerit,

550 3059 589 3116 p
628 3036 1128 3129 irrogaritque,
1178 3039 1318 3112 illis
1366 3041 1948 3132 praescribimuS,
1990 3040 2115 3130 qui
2171 3039 2528 3109 minorum
2578 3032 2929 3106 Ordinum
2978 3028 3224 3103 clerici

550 3171 589 3214 ι»
627 3153 825 3236 sunt,
866 3151 1145 3222 etiamsi
1199 3153 1475 3224 nullum
1526 3152 1957 3227 beneficium
2009 3151 2384 3238 obtinent,
2442 3149 2504 3220 si
2558 3146 2762 3219 modo
2816 3140 3226 3216 clericalem

551 3281 590 3327 ›
632 3262 970 3331 vestitum
1025 3260 1403 3334 deferunt:
1462 3282 1625 3336 cum
1675 3264 2096 3359 praesertim
2158 3265 2300 3334 iam
2353 3260 2521 3333 inde
2573 3275 2803 3348 usque
2859 3275 2902 3326 a
2955 3252 3225 3326 teneris

551 3396 590 3439 ι»
631 3374 840 3444 annis
890 3392 968 3445 se
1021 3375 1382 3466 religionis
1432 3377 1864 3468 pietatisque
1902 3374 2251 3448 institutis
2303 3380 2375 3446 et
2411 3370 2832 3461 disciplinae
2885 3364 3227 3439 ecclesia-

553 3506 592 3556 »
631 3484 854 3557 sticae
907 3486 1225 3559 moribus
1277 3487 1607 3560 imbuant
1656 3494 1979 3579 oportet,
2038 3487 2161 3577 qui
2214 3487 2291 3558 in
2341 3488 2604 3556 sortem
2656 3479 2938 3552 Domini
2992 3474 3224 3547 vocati

554 3619 594 3666 ›
635 3603 831 3673 sunt.
878 3596 1108 3690 Atque
1165 3600 1237 3671 in
1291 3601 1376 3672 iis
1415 3601 1734 3691 quidem,
1778 3618 1964 3691 quae
2016 3598 2154 3670 illis
2211 3595 2501 3670 vitanda
2536 3599 2731 3680 sunt,
2771 3590 2953 3666 haec
3005 3588 3222 3660 etiam

554 3730 594 3775 ιι
636 3709 872 3780 cautio
925 3711 1054 3797 sit,
1118 3730 1210 3785 ne
1263 3712 1418 3783 sine
1470 3708 1805 3805 Episcopi
1858 3728 2258 3799 consensu,
2319 3725 2549 3797 eoque
2602 3704 2826 3776 literis
2875 3705 3213 3785 exarato,

557 3843 595 3886 »
634 3819 835 3893 laicis
887 3822 962 3893 in
1014 3823 1383 3911 servitute,
1427 3822 1923 3912 famulamque
1972 3838 2265 3912 operam
2316 3823 2611 3891 navent.

703 3956 742 4002 ›
779 3930 926 4006 Nec
976 3953 1142 4007 vero
1191 3937 1526 4026 cuiquam
1565 3935 1821 4008 clerico
1873 3952 2031 4006 eam
2082 3933 2497 4006 facultatem
2535 3929 2659 4001 det
2708 3923 3113 4018 Episcopus
3147 3923 3216 3992 in

555 4068 593 4134 :v
632 4045 875 4135 aliqua
926 4064 1000 4119 re
1054 4045 1518 4134 inserviendi,
1577 4064 1763 4137 quae
1817 4045 2161 4119 clericalis
2206 4045 2394 4117 vitae
2444 4038 2848 4114 rationibus
2901 4035 3219 4129 pietatis-

553 4178 592 4223 »
632 4174 773 4245 que
824 4155 1075 4229 officiis
1127 4175 1273 4230 non
1326 4157 1712 4230 admodum
1764 4157 2124 4231 convenit.
2169 4180 2207 4223 ιι

697 4395 777 4470 (1)
814 4398 993 4470 (Sacr.
1023 4402 1228 4465 Oongr.
1261 4401 1451 4464 Episc.
1478 4406 1536 4451 et
1575 4400 1779 4465 Regni.
1809 4400 1928 4452 suia
1966 4399 2159 4450 literis
2194 4396 2500 4462 encyclicis
2536 4394 2652 4447 diei
2693 4394 2780 4446 16.
2822 4392 3028 4447 Iartii
3067 4388 3215 4442 1697.

551 4483 849 4549 Episcop'ls
886 4485 1214 4552 inculcavit,
1250 4501 1315 4536 ne
1356 4484 1667 4536 sacerdotes
1707 4485 1876 4538 laicis
1912 4484 2253 4547 hominibus,
2289 4497 2352 4532 nc
2380 4480 2713 4532 nominatim
2750 4476 3018 4532 foeminis
3054 4476 3219 4526 famu·

555 4565 737 4620 latum
774 4585 1163 4636 quemcumque
1201 4572 1559 4636 praeberent,
1606 4586 1741 4622 neve
1781 4570 1899 4622 alie
1938 4569 2226 4634 quaelibet
2264 4580 2494 4617 munera.
2529 4564 2750 4616 abiecta
2787 4576 2850 4615 ac
2891 4555 3217 4613 sacerdotali

552 4654 892 4719 professioni
948 4655 1096 4706 haud
1150 4657 1514 4720 congruentia
1559 4659 1900 4708 exercerent.
1955 4653 2099 4707 Vide
2159 4653 2309 4716 Boq.
2365 4651 2500 4702 Sao.
2568 4648 2864 4711 Gonqreq.
2922 4644 3125 4711 Ephe.
3163 4646 3214 4690 ε*

564 4739 784 4802 Beyul.
828 4739 903 4787 ad
943 4740 1209 4791 eumdem
1249 4736 1524 4810 annum).
