3497 5235
1067 330 1142 393 De
1177 333 1480 395 vinitatione
1522 334 1790 396 Sacrorum
1827 336 2076 399 Liminum
2820 340 2902 408 33

384 639 453 695 V.
489 639 755 711 Quando
794 656 986 698 sacro.
1019 642 1263 699 Limina
1308 644 1559 701 visitari
1598 648 1661 701 et
1696 649 1909 702 status
1946 650 2174 707 relatio
2215 650 2490 709 exhiberi
2528 653 2774 710 debeat.

390 884 810 947 Sennium.
867 884 971 948 79.
1025 884 1409 969 Temporum
1478 883 1713 970 spatia,
1787 884 2019 969 quibus
2078 885 2414 954 relationes
2485 890 2901 957 remittendae

278 992 419 1047 sunt.
456 1019 500 1032 -
530 986 641 1050 80.
683 985 1304 1068 Carpeuctoratensis
1352 985 1697 1071 Episcopus
1747 988 1911 1053 inter
1946 988 2170 1054 Galliae
2204 992 2546 1076 Episcopos
2607 1011 2901 1058 recense-

279 1094 383 1148 tur.
417 1119 461 1134 -
492 1088 603 1152 81.
643 1086 941 1151 Clemens
971 1088 1125 1150 Vlll.
1178 1090 1502 1173 flengni-os
1549 1086 1628 1152 de
1677 1087 2099 1172 quadriennio
2164 1090 2225 1154 in
2289 1091 2774 1174 quadriennium
2823 1095 2899 1160 ad

277 1184 538 1252 officinm
585 1186 914 1253 relationis
959 1187 1305 1253 mittendae
1355 1189 1552 1252 teneri
1606 1189 2020 1255 confirmavit.
2058 1225 2102 1240 -
2135 1194 2239 1257 82.
2283 1192 2569 1257 Hibernis
2619 1195 2696 1258 ob
2744 1215 2898 1280 pau-

274 1299 571 1373 pertatem
623 1292 686 1356 S.
729 1292 801 1355 C.
837 1287 1101 1355 Concilii
1152 1290 1227 1355 ad
1276 1287 1658 1355 decennium
1706 1290 1771 1355 id
1821 1289 2003 1356 officii
2052 1295 2439 1379 prorogavit.
2477 1328 2520 1341 -
2553 1298 2659 1360 83.
2698 1297 2900 1362 Hodie

271 1408 383 1457 non
424 1388 873 1456 conceduntur
903 1388 1217 1477 generalia
1251 1390 1609 1458 huiusmodi
1649 1391 1917 1469 indulta,
1952 1392 2087 1471 sed,
2129 1394 2281 1459 iusta
2315 1394 2658 1461 accedente
2692 1416 2896 1476 causa,

271 1493 337 1561 ad
379 1494 575 1560 breve
625 1504 883 1578 tempus
926 1491 1284 1578 singulatim
1332 1512 1461 1558 non
1511 1495 1884 1581 denegatur.
1915 1531 1957 1543 -
1990 1498 2095 1561 84.
2136 1497 2343 1580 Spatia
2380 1509 2736 1581 temporum
2773 1519 2898 1565 non

270 1614 297 1660 a
335 1594 434 1660 die
482 1594 753 1680 adeptae
798 1593 876 1659 ab
922 1613 1310 1679 unoquoque
1358 1596 1792 1679 possessionis,
1843 1595 1954 1661 sed
2003 1598 2425 1663 communiter
2457 1618 2574 1684 pro
2609 1603 2901 1666 omnibus

270 1717 298 1761 a
336 1696 434 1763 die
466 1701 577 1764 20.
611 1701 757 1762 Dec.
802 1699 990 1762 1585.
1044 1695 1206 1761 circa
1278 1698 1647 1783 Episcopos‚
1721 1698 1884 1763 cirea
1955 1700 2265 1765 Praelatos
2335 1699 2667 1767 inferiores
2713 1724 2742 1765 a
2794 1702 2898 1767 die

271 1802 340 1866 23
369 1801 531 1865 Nov.
575 1802 765 1866 1740.
804 1807 1272 1884 computantur.
1308 1834 1350 1850 -
1383 1803 1487 1866 85.
1526 1800 1685 1878 Quin
1721 1799 1927 1866 obstet
1957 1804 2004 1865 si
2043 1812 2181 1886 post
2213 1804 2670 1887 possessionem
2707 1803 2902 1869 breve

272 1911 507 1987 tempus
554 1899 896 1977 effluxerit3
943 1902 1333 1966 succurritur
1380 1902 1551 1968 enim
1598 1922 1718 1989 per
1764 1903 2013 1968 veniam
2064 1903 2466 1968 exorandam.
2497 1939 2542 1956 -
2571 1906 2729 1972 Satis
2776 1916 2894 1982 est,

269 2012 331 2068 ut
369 2004 430 2071 id
482 2001 700 2079 officii,
749 2001 1017 2069 durante
1061 2001 1264 2087 spatio
1309 2002 1615 2090 praefixo,
1666 2022 1728 2071 e.
1767 2022 1829 2091 g.
1887 2005 2160 2072 triennio
2193 2007 2541 2093 expleatur.

402 2253 524 2325 79.
582 2248 821 2323 Sixtus
887 2246 969 2321 V.
1025 2248 1538 2323 Constitutione
1592 2252 1945 2324 Romanus
1998 2252 2329 2345 Pontifex
2392 2250 2465 2347 ἓ.
2520 2254 2589 2325 6.
2650 2248 2898 2347 (quam

268 2362 590 2436 dabimus
641 2363 714 2434 in
766 2361 1121 2434 volumine
1157 2356 1291 2432 111.
1335 2361 1468 2433 sub
1500 2380 1582 2457 n.
1621 2362 1726 2456 1.)
1779 2361 2144 2456 Episcopis
2195 2364 2650 2437 vicinioribus
2685 2367 2903 2439 trien-

270 2478 481 2563 nium,
540 2473 949 2565 longinquis
1001 2472 1574 2561 quadriennium,
1623 2475 2114 2546 remotioribus
2152 2477 2752 2565 quinquennium,
2792 2496 2902 2549 re-

268 2586 661 2659 motissimis
688 2584 1102 2658 decennium
1133 2585 1558 2679 praefinivit:
1595 2603 1895 2674 quarum
1925 2592 2159 2658 autem
2192 2589 2549 2679 regionum
2573 2586 2900 2681 Episcopi

270 2700 347 2771 ad
385 2714 968 2787 unamquamque
1017 2697 1312 2768 classem
1365 2698 1795 2790 pertineant,
1853 2699 2267 2769 nominatim
2321 2701 2392 2770 in
2447 2701 2692 2772 eodem
2748 2701 2898 2774 loco

270 2811 687 2903 indigitavit.

401 2922 520 2994 80.
562 2917 1015 3012 Disputatum
1052 2917 1183 2992 fuit
1220 2918 1412 3010 apud
1463 2918 1535 2992 S.
1568 2918 1642 2992 C.
1677 2913 1966 2993 Concilii
2004 2921 2074 2992 in
2109 2922 2408 2995 comitiis
2445 2922 2581 2994 diei
2623 2923 2737 2993 19.
2771 2921 2901 2997 Fe-

272 3033 526 3106 bruarii
568 3032 781 3103 1718.
824 3049 917 3102 an
951 3026 1649 3121 Carpenetoratensis
1700 3030 2094 3124 Episcopus
2146 3039 2503 3105 teneretur
2539 3033 2629 3105 ad
2666 3053 2900 3107 sacro-

269 3164 415 3217 rum
449 3143 806 3217 Liminum
842 3140 1331 3215 visitationem
1384 3142 1472 3216 de
1527 3144 1830 3216 triennio
1882 3145 1953 3217 in
2006 3144 2387 3216 triennium
2427 3151 2550 3218 aut
2597 3147 2681 3217 de
2719 3166 2896 3236 qua-

270 3256 577 3329 driennio
630 3257 702 3327 in
753 3255 1328 3346 quadriennium.
1369 3261 1438 3327 et
1476 3252 1547 3326 S.
1581 3251 1655 3325 C.
1697 3256 2085 3346 rescripsit,
2130 3256 2355 3327 teneri
2393 3256 2480 3328 de
2517 3257 2900 3346 quadrien·

272 3372 379 3444 nio
429 3374 499 3444 in
544 3369 1118 3461 quadriennium.
1159 3365 1355 3440 Inter
1390 3368 1528 3440 alia
1563 3368 1919 3441 rationum
1959 3376 2343 3457 momenta,
2384 3387 2566 3459 quae
2601 3389 2728 3463 pro
2763 3370 2896 3444 hac

273 3483 569 3556 secunda
621 3486 823 3574 parte
873 3481 1363 3571 amplectenda
1431 3480 1732 3553 militare
1783 3479 2271 3572 perpendebat
2340 3476 2891 3569 LambertiniuS,

270 3600 432 3667 tunc
479 3596 550 3666 S.
591 3590 666 3665 C.
700 3594 1151 3680 Secretarius,
1207 3598 1454 3685 postea
1507 3589 1838 3663 Summus
1873 3587 2223 3678 Pontifex,
2277 3591 2410 3662 hoc
2461 3599 2639 3679 erat,
2679 3593 2894 3681 idque

273 3704 630 3779 decidendi
683 3705 861 3777 ratio
912 3703 1186 3775 videtur
1239 3702 1485 3790 fuisse,
1542 3703 1709 3793 quia
1747 3702 2124 3775 comitatus
2173 3699 2635 3790 VenassinuS‚
2676 3710 2745 3775 et
2797 3703 2896 3775 ci-

272 3819 444 3890 vitas
490 3816 996 3889 Avenionensis
1047 3814 1372 3908 partibus
1397 3811 1664 3886 Galliae
1706 3821 2320 3902 annumeraretur,
2377 3814 2536 3886 licet
2590 3831 2671 3885 eo
2720 3820 2896 3935 tem-

274 3946 428 4018 pore
477 3931 546 4001 in
599 3927 1106 4020 temporalibus
1158 3928 1443 3999 Summo
1495 3923 1814 4000 Pontifici
1867 3925 2413 4020 obtemperaret.

409 4042 520 4111 81.
576 4038 682 4111 Ex
734 4058 964 4112 errore
1018 4039 1402 4128 aliquando
1439 4036 1872 4126 obtinuerat,
1929 4046 2007 4111 ut
2053 4037 2352 4109 formula
2390 4011 2764 4113 iuramenti
2802 4038 2893 4112 ab

275 4146 659 4244 Hungariae
711 4146 1075 4242 Episcopis
1114 4168 1312 4241 praes
1284 4150 1427 4221 titi
1471 4149 1604 4221 hoc
1639 4167 1807 4241 prae
1843 4169 1916 4222 se
1955 4149 2193 4237 ferret,
2232 4157 2310 4221 ut
2346 4149 2640 4240 singulis
2680 4153 2898 4223 trien-

278 4263 400 4334 niis
431 4264 516 4335 ad
553 4261 676 4335 SS.
713 4258 852 4332 LL.
894 4258 1378 4333 visitationem
1415 4269 1854 4349 tenerentur3
1914 4263 2152 4351 itaque
2205 4279 2265 4332 S.
2307 4278 2401 4330 m.
2443 4259 2658 4331 Clem.
2691 4258 2888 4334 VllI.

277 4372 344 4444 in
386 4393 504 4447 sua
531 4372 833 4448 Constit.
868 4373 1005 4445 diei
1035 4373 1154 4444 29.
1180 4370 1575 4462 April.anni
1610 4374 1822 4446 1602.
1851 4369 2079 4468 (Ball.
2107 4371 2690 4466 ma9.3.p.2.fol.
2713 4370 2893 4469 415)

278 4483 658 4578 declaravit,
718 4486 1087 4559 Antistites
1136 4484 1666 4558 cathedralibus
1717 4493 1789 4558 et
1843 4486 2403 4576 metropolitanis
2453 4488 2766 4559 ecclesiis
2819 4489 2892 4560 in

278 4592 607 4691 Hungaria
662 4598 1101 4691 praepositos
1132 4615 1273 4670 non
1307 4597 1532 4669 teneri
1585 4598 1945 4686 accedere,
1990 4597 2126 4669 nisi
2178 4597 2475 4690 singulis
2510 4600 2895 4690 quadrien-

284 4709 417 4801 niis,
466 4720 670 4805 prout
727 4711 1144 4782 nominatim
1197 4710 1547 4813 sancitum
1602 4708 1830 4784 tuerat
1884 4711 1956 4783 in
2008 4708 2301 4782 Constit.
2359 4707 2535 4782 Sixti
2590 4707 2673 4781 V.
