<?xml version="1.0" encoding="UTF-8"?>
<!DOCTYPE html PUBLIC "-//W3C//DTD XHTML 1.0 Transitional//EN"
    "http://www.w3.org/TR/xhtml1/DTD/xhtml1-transitional.dtd">
<html xmlns="http://www.w3.org/1999/xhtml" xml:lang="en" lang="en">
 <head>
  <title>
</title>
<meta http-equiv="Content-Type" content="text/html;charset=utf-8" />
  <meta name='ocr-system' content='tesseract 3.04.00' />
  <meta name='ocr-capabilities' content='ocr_page ocr_carea ocr_par ocr_line ocrx_word'/>
</head>
<body>
  <div class='ocr_page' id='page_1' title='image "./devisitationesa00popegoog_0451.png"; bbox 0 0 3497 5235; ppageno 0'>
   <div class='ocr_carea' id='block_1_1' title="bbox 1039 238 2876 361">
    <p class='ocr_par' dir='ltr' id='par_1_1' title="bbox 1039 238 2876 361">
     <span class='ocr_line' id='line_1_1' title="bbox 1039 238 2876 361; baseline 0.001 -16"><span class='ocrx_word' id='word_1_1' title='bbox 1039 286 1280 360; x_wconf 49' lang='lat' dir='ltr'>enum.</span> <span class='ocrx_word' id='word_1_2' title='bbox 1323 288 1395 345; x_wconf 79' lang='lat' dir='ltr'>Do</span> <span class='ocrx_word' id='word_1_3' title='bbox 1435 286 1568 344; x_wconf 67' lang='lat' dir='ltr'>olore</span> <span class='ocrx_word' id='word_1_4' title='bbox 1609 287 1882 345; x_wconf 66' lang='lat' dir='ltr'>namuri.</span> <span class='ocrx_word' id='word_1_5' title='bbox 1925 290 1977 361; x_wconf 63' lang='grc' dir='ltr'>ξ.</span> <span class='ocrx_word' id='word_1_6' title='bbox 2006 289 2056 344; x_wconf 84' lang='grc'>8.</span> <span class='ocrx_word' id='word_1_7' title='bbox 2682 238 2687 247; x_wconf 19' lang='lat' dir='ltr'>t</span> <span class='ocrx_word' id='word_1_8' title='bbox 2768 285 2876 347; x_wconf 78' lang='lat'>411</span> 
     </span>
    </p>
   </div>
   <div class='ocr_carea' id='block_1_2' title="bbox 203 416 2912 4760">
    <p class='ocr_par' dir='ltr' id='par_1_2' title="bbox 216 416 2888 737">
     <span class='ocr_line' id='line_1_2' title="bbox 216 416 2883 510; baseline -0.003 -11"><span class='ocrx_word' id='word_1_9' title='bbox 216 441 330 499; x_wconf 82' lang='lat' dir='ltr'>eos</span> <span class='ocrx_word' id='word_1_10' title='bbox 382 421 648 496; x_wconf 86' lang='lat' dir='ltr'>limites</span> <span class='ocrx_word' id='word_1_11' title='bbox 699 439 778 494; x_wconf 90' lang='lat' dir='ltr'>se</span> <span class='ocrx_word' id='word_1_12' title='bbox 829 421 1196 492; x_wconf 88' lang='lat' dir='ltr'>contineat</span> <span class='ocrx_word' id='word_1_13' title='bbox 1246 416 1668 510; x_wconf 80' lang='lat' dir='ltr'>EpiscopuS‚</span> <span class='ocrx_word' id='word_1_14' title='bbox 1720 419 2141 509; x_wconf 75' lang='lat' dir='ltr'>qualitatem</span> <span class='ocrx_word' id='word_1_15' title='bbox 2195 419 2451 492; x_wconf 90' lang='lat' dir='ltr'>occulti</span> <span class='ocrx_word' id='word_1_16' title='bbox 2507 421 2883 491; x_wconf 89' lang='lat' dir='ltr'>immutare</span> 
     </span>
     <span class='ocr_line' id='line_1_3' title="bbox 216 531 2888 625; baseline -0.002 -17"><span class='ocrx_word' id='word_1_17' title='bbox 216 554 354 609; x_wconf 90' lang='lat' dir='ltr'>non</span> <span class='ocrx_word' id='word_1_18' title='bbox 408 551 616 625; x_wconf 90' lang='lat' dir='ltr'>posse</span> <span class='ocrx_word' id='word_1_19' title='bbox 670 532 992 619; x_wconf 77' lang='lat' dir='ltr'>videtur3</span> <span class='ocrx_word' id='word_1_20' title='bbox 1050 532 1322 621; x_wconf 91' lang='lat' dir='ltr'>itaque,</span> <span class='ocrx_word' id='word_1_21' title='bbox 1382 538 1459 602; x_wconf 90' lang='lat' dir='ltr'>ut</span> <span class='ocrx_word' id='word_1_22' title='bbox 1510 532 1788 622; x_wconf 83' lang='lat' dir='ltr'>opinor,</span> <span class='ocrx_word' id='word_1_23' title='bbox 1844 550 1973 622; x_wconf 91' lang='lat' dir='ltr'>pro</span> <span class='ocrx_word' id='word_1_24' title='bbox 2026 531 2365 603; x_wconf 84' lang='lat' dir='ltr'>varietate</span> <span class='ocrx_word' id='word_1_25' title='bbox 2420 533 2888 603; x_wconf 88' lang='lat' dir='ltr'>circumstan-</span> 
     </span>
     <span class='ocr_line' id='line_1_4' title="bbox 216 642 1856 737; baseline -0.007 -16"><span class='ocrx_word' id='word_1_26' title='bbox 216 649 472 722; x_wconf 89' lang='lat' dir='ltr'>tiarum</span> <span class='ocrx_word' id='word_1_27' title='bbox 528 643 867 737; x_wconf 74' lang='lat' dir='ltr'>prudenti</span> <span class='ocrx_word' id='word_1_28' title='bbox 917 660 1049 714; x_wconf 93' lang='lat' dir='ltr'>suo</span> <span class='ocrx_word' id='word_1_29' title='bbox 1099 642 1361 715; x_wconf 86' lang='lat' dir='ltr'>iudicio</span> <span class='ocrx_word' id='word_1_30' title='bbox 1413 644 1517 714; x_wconf 87' lang='lat' dir='ltr'>uti</span> <span class='ocrx_word' id='word_1_31' title='bbox 1573 643 1856 732; x_wconf 87' lang='lat' dir='ltr'>poterit.</span> 
     </span>
    </p>

    <p class='ocr_par' dir='ltr' id='par_1_3' title="bbox 212 751 2901 3306">
     <span class='ocr_line' id='line_1_5' title="bbox 357 751 2893 846; baseline -0.001 -18"><span class='ocrx_word' id='word_1_32' title='bbox 357 758 534 829; x_wconf 82' lang='grc'><strong>273.</strong></span> <span class='ocrx_word' id='word_1_33' title='bbox 590 753 851 827; x_wconf 73' lang='lat' dir='ltr'>Carere</span> <span class='ocrx_word' id='word_1_34' title='bbox 902 761 1145 826; x_wconf 90' lang='lat' dir='ltr'>tamen</span> <span class='ocrx_word' id='word_1_35' title='bbox 1197 755 1508 843; x_wconf 90' lang='lat' dir='ltr'>quisque</span> <span class='ocrx_word' id='word_1_36' title='bbox 1559 753 1776 827; x_wconf 85' lang='lat' dir='ltr'>debet</span> <span class='ocrx_word' id='word_1_37' title='bbox 1830 751 2274 845; x_wconf 76' lang='lat' dir='ltr'>Episcopus,</span> <span class='ocrx_word' id='word_1_38' title='bbox 2333 772 2451 841; x_wconf 89' lang='lat' dir='ltr'>ne,</span> <span class='ocrx_word' id='word_1_39' title='bbox 2508 755 2701 843; x_wconf 91' lang='lat' dir='ltr'>quod</span> <span class='ocrx_word' id='word_1_40' title='bbox 2758 775 2893 846; x_wconf 88' lang='lat' dir='ltr'>pu-</span> 
     </span>
     <span class='ocr_line' id='line_1_6' title="bbox 215 865 2886 956; baseline -0.002 -14"><span class='ocrx_word' id='word_1_41' title='bbox 215 870 487 942; x_wconf 88' lang='lat' dir='ltr'>blicum</span> <span class='ocrx_word' id='word_1_42' title='bbox 534 872 608 939; x_wconf 87' lang='lat' dir='ltr'>et</span> <span class='ocrx_word' id='word_1_43' title='bbox 660 866 1016 939; x_wconf 87' lang='lat' dir='ltr'>notorium</span> <span class='ocrx_word' id='word_1_44' title='bbox 1068 865 1210 937; x_wconf 93' lang='lat' dir='ltr'>iam</span> <span class='ocrx_word' id='word_1_45' title='bbox 1247 872 1382 953; x_wconf 91' lang='lat' dir='ltr'>est,</span> <span class='ocrx_word' id='word_1_46' title='bbox 1423 865 1725 956; x_wconf 80' lang='lat' dir='ltr'>perinde</span> <span class='ocrx_word' id='word_1_47' title='bbox 1764 885 1848 937; x_wconf 92' lang='lat' dir='ltr'>ac</span> <span class='ocrx_word' id='word_1_48' title='bbox 1881 873 2068 937; x_wconf 85' lang='lat' dir='ltr'>esset</span> <span class='ocrx_word' id='word_1_49' title='bbox 2102 865 2491 953; x_wconf 87' lang='lat' dir='ltr'>occultum,</span> <span class='ocrx_word' id='word_1_50' title='bbox 2532 866 2711 937; x_wconf 86' lang='lat' dir='ltr'>falso</span> <span class='ocrx_word' id='word_1_51' title='bbox 2746 866 2886 940; x_wconf 91' lang='lat' dir='ltr'>sibi</span> 
     </span>
     <span class='ocr_line' id='line_1_7' title="bbox 218 976 2880 1071; baseline -0.001 -17"><span class='ocrx_word' id='word_1_52' title='bbox 218 982 455 1054; x_wconf 89' lang='lat' dir='ltr'>animo</span> <span class='ocrx_word' id='word_1_53' title='bbox 507 986 855 1071; x_wconf 89' lang='lat' dir='ltr'>reputans</span> <span class='ocrx_word' id='word_1_54' title='bbox 904 977 1444 1070; x_wconf 87' lang='lat' dir='ltr'>suspensionem</span> <span class='ocrx_word' id='word_1_55' title='bbox 1484 996 1571 1049; x_wconf 76' lang='lat' dir='ltr'>ex</span> <span class='ocrx_word' id='word_1_56' title='bbox 1608 976 1988 1049; x_wconf 82' lang='lat' dir='ltr'>informata</span> <span class='ocrx_word' id='word_1_57' title='bbox 2025 977 2459 1050; x_wconf 87' lang='lat' dir='ltr'>conscientia</span> <span class='ocrx_word' id='word_1_58' title='bbox 2496 978 2880 1069; x_wconf 79' lang='lat' dir='ltr'>decernat3</span> 
     </span>
     <span class='ocr_line' id='line_1_8' title="bbox 217 1090 2887 1180; baseline -0.001 -14"><span class='ocrx_word' id='word_1_59' title='bbox 217 1092 630 1166; x_wconf 86' lang='lat' dir='ltr'>huiusmodi</span> <span class='ocrx_word' id='word_1_60' title='bbox 681 1092 872 1164; x_wconf 90' lang='lat' dir='ltr'>enim</span> <span class='ocrx_word' id='word_1_61' title='bbox 926 1091 1288 1163; x_wconf 86' lang='lat' dir='ltr'>decretum</span> <span class='ocrx_word' id='word_1_62' title='bbox 1343 1090 1635 1162; x_wconf 91' lang='lat' dir='ltr'>minime</span> <span class='ocrx_word' id='word_1_63' title='bbox 1686 1090 2204 1178; x_wconf 83' lang='lat' dir='ltr'>sustineretur,</span> <span class='ocrx_word' id='word_1_64' title='bbox 2262 1098 2470 1180; x_wconf 87' lang='lat' dir='ltr'>prout</span> <span class='ocrx_word' id='word_1_65' title='bbox 2522 1091 2760 1163; x_wconf 86' lang='lat' dir='ltr'>evenit</span> <span class='ocrx_word' id='word_1_66' title='bbox 2811 1092 2887 1162; x_wconf 90' lang='lat' dir='ltr'>in</span> 
     </span>
     <span class='ocr_line' id='line_1_9' title="bbox 226 1198 2891 1293; baseline -0.002 -14"><span class='ocrx_word' id='word_1_67' title='bbox 226 1207 295 1279; x_wconf 89' lang='lat' dir='ltr'>S.</span> <span class='ocrx_word' id='word_1_68' title='bbox 334 1204 550 1293; x_wconf 72' lang='lat' dir='ltr'>Ayat.</span> <span class='ocrx_word' id='word_1_69' title='bbox 596 1203 746 1275; x_wconf 87' lang='lat' dir='ltr'>Got.</span> <span class='ocrx_word' id='word_1_70' title='bbox 816 1203 1020 1291; x_wconf 79' lang='lat' dir='ltr'>Susp.</span> <span class='ocrx_word' id='word_1_71' title='bbox 1063 1202 1200 1272; x_wconf 85' lang='lat' dir='ltr'>irr.</span> <span class='ocrx_word' id='word_1_72' title='bbox 1258 1208 1327 1274; x_wconf 85' lang='lat' dir='ltr'>et</span> <span class='ocrx_word' id='word_1_73' title='bbox 1367 1202 1561 1293; x_wconf 82' lang='lat' dir='ltr'>priv.</span> <span class='ocrx_word' id='word_1_74' title='bbox 1602 1202 1756 1273; x_wconf 80' lang='lat' dir='ltr'>ben.</span> <span class='ocrx_word' id='word_1_75' title='bbox 1797 1203 1919 1273; x_wconf 87' lang='grc'>26.</span> <span class='ocrx_word' id='word_1_76' title='bbox 1960 1199 2171 1272; x_wconf 87' lang='lat' dir='ltr'>Febr.</span> <span class='ocrx_word' id='word_1_77' title='bbox 2223 1203 2435 1273; x_wconf 85' lang='lat'>1853.</span> <span class='ocrx_word' id='word_1_78' title='bbox 2493 1198 2891 1293; x_wconf 83' lang='lat' dir='ltr'>Episcopus</span> 
     </span>
     <span class='ocr_line' id='line_1_10' title="bbox 219 1313 2891 1408; baseline -0.001 -21"><span class='ocrx_word' id='word_1_79' title='bbox 219 1314 608 1408; x_wconf 88' lang='lat' dir='ltr'>parochum</span> <span class='ocrx_word' id='word_1_80' title='bbox 663 1314 1049 1404; x_wconf 81' lang='lat' dir='ltr'>quemdam</span> <span class='ocrx_word' id='word_1_81' title='bbox 1098 1332 1186 1384; x_wconf 79' lang='lat' dir='ltr'>ea:</span> <span class='ocrx_word' id='word_1_82' title='bbox 1235 1313 1631 1405; x_wconf 79' lang='lat' dir='ltr'>informata</span> <span class='ocrx_word' id='word_1_83' title='bbox 1677 1314 2110 1387; x_wconf 82' lang='lat' dir='ltr'>conscientia</span> <span class='ocrx_word' id='word_1_84' title='bbox 2161 1332 2200 1386; x_wconf 92' lang='lat' dir='ltr'>e</span> <span class='ocrx_word' id='word_1_85' title='bbox 2252 1314 2645 1385; x_wconf 88' lang='lat' dir='ltr'>ministerio</span> <span class='ocrx_word' id='word_1_86' title='bbox 2680 1332 2891 1404; x_wconf 90' lang='lat' dir='ltr'>paro-</span> 
     </span>
     <span class='ocr_line' id='line_1_11' title="bbox 223 1425 2882 1520; baseline -0.002 -20"><span class='ocrx_word' id='word_1_87' title='bbox 223 1427 432 1500; x_wconf 84' lang='lat' dir='ltr'>chiali</span> <span class='ocrx_word' id='word_1_88' title='bbox 485 1425 1006 1520; x_wconf 81' lang='lat' dir='ltr'>suspenderat:</span> <span class='ocrx_word' id='word_1_89' title='bbox 1064 1426 1216 1515; x_wconf 89' lang='lat' dir='ltr'>qui,</span> <span class='ocrx_word' id='word_1_90' title='bbox 1276 1425 1565 1496; x_wconf 90' lang='lat' dir='ltr'>nulliter</span> <span class='ocrx_word' id='word_1_91' title='bbox 1617 1431 1688 1496; x_wconf 93' lang='lat' dir='ltr'>et</span> <span class='ocrx_word' id='word_1_92' title='bbox 1739 1425 2005 1496; x_wconf 88' lang='lat' dir='ltr'>iniuste</span> <span class='ocrx_word' id='word_1_93' title='bbox 2054 1443 2132 1496; x_wconf 92' lang='lat' dir='ltr'>se</span> <span class='ocrx_word' id='word_1_94' title='bbox 2183 1441 2610 1514; x_wconf 88' lang='lat' dir='ltr'>suspensum</span> <span class='ocrx_word' id='word_1_95' title='bbox 2658 1430 2882 1513; x_wconf 79' lang='lat' dir='ltr'>ratuS,</span> 
     </span>
     <span class='ocr_line' id='line_1_12' title="bbox 221 1532 2892 1627; baseline -0.001 -15"><span class='ocrx_word' id='word_1_96' title='bbox 221 1557 360 1612; x_wconf 89' lang='lat' dir='ltr'>non</span> <span class='ocrx_word' id='word_1_97' title='bbox 413 1538 691 1610; x_wconf 86' lang='lat' dir='ltr'>destitit</span> <span class='ocrx_word' id='word_1_98' title='bbox 742 1555 898 1609; x_wconf 88' lang='lat' dir='ltr'>sese</span> <span class='ocrx_word' id='word_1_99' title='bbox 940 1538 1010 1608; x_wconf 92' lang='lat' dir='ltr'>in</span> <span class='ocrx_word' id='word_1_100' title='bbox 1050 1536 1484 1627; x_wconf 80' lang='lat' dir='ltr'>parochialia</span> <span class='ocrx_word' id='word_1_101' title='bbox 1523 1536 1767 1607; x_wconf 89' lang='lat' dir='ltr'>munia</span> <span class='ocrx_word' id='word_1_102' title='bbox 1812 1537 2234 1608; x_wconf 80' lang='lat' dir='ltr'>immiscere.</span> <span class='ocrx_word' id='word_1_103' title='bbox 2275 1534 2459 1607; x_wconf 86' lang='lat' dir='ltr'>Hinc</span> <span class='ocrx_word' id='word_1_104' title='bbox 2494 1532 2892 1627; x_wconf 87' lang='lat' dir='ltr'>Episcopus</span> 
     </span>
     <span class='ocr_line' id='line_1_13' title="bbox 223 1649 2892 1741; baseline -0.002 -18"><span class='ocrx_word' id='word_1_105' title='bbox 223 1652 291 1723; x_wconf 93' lang='lat' dir='ltr'>iu</span> <span class='ocrx_word' id='word_1_106' title='bbox 345 1649 942 1741; x_wconf 83' lang='lat' dir='ltr'>irregularitatem</span> <span class='ocrx_word' id='word_1_107' title='bbox 980 1667 1141 1720; x_wconf 87' lang='lat' dir='ltr'>eum</span> <span class='ocrx_word' id='word_1_108' title='bbox 1199 1649 1577 1721; x_wconf 86' lang='lat' dir='ltr'>incurrisse</span> <span class='ocrx_word' id='word_1_109' title='bbox 1627 1650 1765 1719; x_wconf 92' lang='lat' dir='ltr'>alio</span> <span class='ocrx_word' id='word_1_110' title='bbox 1819 1649 2103 1721; x_wconf 88' lang='lat' dir='ltr'>decreto</span> <span class='ocrx_word' id='word_1_111' title='bbox 2154 1649 2568 1736; x_wconf 86' lang='lat' dir='ltr'>declaravit,</span> <span class='ocrx_word' id='word_1_112' title='bbox 2610 1668 2693 1719; x_wconf 91' lang='lat' dir='ltr'>ac</span> <span class='ocrx_word' id='word_1_113' title='bbox 2727 1655 2892 1719; x_wconf 91' lang='lat' dir='ltr'>tan-</span> 
     </span>
     <span class='ocr_line' id='line_1_14' title="bbox 223 1760 2890 1853; baseline -0.001 -20"><span class='ocrx_word' id='word_1_114' title='bbox 223 1761 378 1835; x_wconf 85' lang='lat' dir='ltr'>dem</span> <span class='ocrx_word' id='word_1_115' title='bbox 418 1760 512 1833; x_wconf 90' lang='lat' dir='ltr'>ob</span> <span class='ocrx_word' id='word_1_116' title='bbox 551 1761 792 1850; x_wconf 86' lang='lat' dir='ltr'>plures</span> <span class='ocrx_word' id='word_1_117' title='bbox 844 1760 1408 1849; x_wconf 85' lang='lat' dir='ltr'>criminationes,</span> <span class='ocrx_word' id='word_1_118' title='bbox 1460 1760 1722 1850; x_wconf 92' lang='lat' dir='ltr'>quibus</span> <span class='ocrx_word' id='word_1_119' title='bbox 1776 1760 2356 1849; x_wconf 86' lang='lat' dir='ltr'>insimulabatur,</span> <span class='ocrx_word' id='word_1_120' title='bbox 2396 1762 2720 1851; x_wconf 85' lang='lat' dir='ltr'>paroecia</span> <span class='ocrx_word' id='word_1_121' title='bbox 2759 1779 2890 1853; x_wconf 89' lang='lat' dir='ltr'>per</span> 
     </span>
     <span class='ocr_line' id='line_1_15' title="bbox 223 1870 2889 1965; baseline -0.002 -20"><span class='ocrx_word' id='word_1_122' title='bbox 223 1872 663 1945; x_wconf 79' lang='lat' dir='ltr'>definitivam</span> <span class='ocrx_word' id='word_1_123' title='bbox 718 1873 1149 1944; x_wconf 86' lang='lat' dir='ltr'>sententiam</span> <span class='ocrx_word' id='word_1_124' title='bbox 1203 1873 1534 1963; x_wconf 87' lang='lat' dir='ltr'>privavit.</span> <span class='ocrx_word' id='word_1_125' title='bbox 1594 1870 1819 1944; x_wconf 86' lang='lat' dir='ltr'>Causa</span> <span class='ocrx_word' id='word_1_126' title='bbox 1861 1874 1951 1945; x_wconf 86' lang='lat' dir='ltr'>ad</span> <span class='ocrx_word' id='word_1_127' title='bbox 1988 1874 2271 1945; x_wconf 88' lang='lat' dir='ltr'>Sacram</span> <span class='ocrx_word' id='word_1_128' title='bbox 2303 1871 2553 1965; x_wconf 91' lang='lat' dir='ltr'>Congr.</span> <span class='ocrx_word' id='word_1_129' title='bbox 2595 1871 2889 1945; x_wconf 87' lang='lat' dir='ltr'>Concilii</span> 
     </span>
     <span class='ocr_line' id='line_1_16' title="bbox 222 1983 2890 2076; baseline -0.001 -20"><span class='ocrx_word' id='word_1_130' title='bbox 222 1984 562 2071; x_wconf 85' lang='lat' dir='ltr'>deducta,</span> <span class='ocrx_word' id='word_1_131' title='bbox 603 1983 957 2073; x_wconf 87' lang='lat' dir='ltr'>parochus</span> <span class='ocrx_word' id='word_1_132' title='bbox 1008 1984 1216 2076; x_wconf 90' lang='lat' dir='ltr'>plura</span> <span class='ocrx_word' id='word_1_133' title='bbox 1256 1984 1608 2056; x_wconf 88' lang='lat' dir='ltr'>nullitatis</span> <span class='ocrx_word' id='word_1_134' title='bbox 1641 1990 1715 2056; x_wconf 90' lang='lat' dir='ltr'>et</span> <span class='ocrx_word' id='word_1_135' title='bbox 1760 1984 2149 2058; x_wconf 90' lang='lat' dir='ltr'>iniustitiae</span> <span class='ocrx_word' id='word_1_136' title='bbox 2186 1993 2603 2076; x_wconf 91' lang='lat' dir='ltr'>argumenta</span> <span class='ocrx_word' id='word_1_137' title='bbox 2641 1991 2890 2057; x_wconf 89' lang='lat' dir='ltr'>contra</span> 
     </span>
     <span class='ocr_line' id='line_1_17' title="bbox 223 2095 2888 2189; baseline 0 -21"><span class='ocrx_word' id='word_1_138' title='bbox 223 2096 660 2186; x_wconf 86' lang='lat' dir='ltr'>episcopalia</span> <span class='ocrx_word' id='word_1_139' title='bbox 731 2096 1018 2168; x_wconf 89' lang='lat' dir='ltr'>decreta</span> <span class='ocrx_word' id='word_1_140' title='bbox 1074 2098 1145 2166; x_wconf 93' lang='lat' dir='ltr'>in</span> <span class='ocrx_word' id='word_1_141' title='bbox 1199 2097 1512 2168; x_wconf 87' lang='lat' dir='ltr'>medium</span> <span class='ocrx_word' id='word_1_142' title='bbox 1568 2095 1958 2185; x_wconf 54' lang='lat' dir='ltr'>afferebam</span> <span class='ocrx_word' id='word_1_143' title='bbox 2020 2099 2206 2169; x_wconf 90' lang='lat' dir='ltr'>inter</span> <span class='ocrx_word' id='word_1_144' title='bbox 2257 2116 2443 2187; x_wconf 90' lang='lat' dir='ltr'>quae</span> <span class='ocrx_word' id='word_1_145' title='bbox 2497 2098 2888 2189; x_wconf 89' lang='lat' dir='ltr'>principem</span> 
     </span>
     <span class='ocr_line' id='line_1_18' title="bbox 223 2205 2891 2299; baseline -0.001 -20"><span class='ocrx_word' id='word_1_146' title='bbox 223 2206 545 2279; x_wconf 84' lang='lat' dir='ltr'>habebat</span> <span class='ocrx_word' id='word_1_147' title='bbox 581 2207 810 2280; x_wconf 90' lang='lat' dir='ltr'>locum</span> <span class='ocrx_word' id='word_1_148' title='bbox 848 2207 1204 2299; x_wconf 89' lang='lat' dir='ltr'>evulgatio</span> <span class='ocrx_word' id='word_1_149' title='bbox 1242 2209 1850 2295; x_wconf 87' lang='lat' dir='ltr'>criminationum,</span> <span class='ocrx_word' id='word_1_150' title='bbox 1883 2207 1974 2279; x_wconf 93' lang='lat' dir='ltr'>ob</span> <span class='ocrx_word' id='word_1_151' title='bbox 2012 2227 2194 2297; x_wconf 89' lang='lat' dir='ltr'>quas</span> <span class='ocrx_word' id='word_1_152' title='bbox 2228 2205 2623 2299; x_wconf 86' lang='lat' dir='ltr'>Episcopus</span> <span class='ocrx_word' id='word_1_153' title='bbox 2658 2207 2891 2280; x_wconf 90' lang='lat' dir='ltr'>eidem</span> 
     </span>
     <span class='ocr_line' id='line_1_19' title="bbox 222 2317 2893 2410; baseline -0.001 -19"><span class='ocrx_word' id='word_1_154' title='bbox 222 2319 772 2410; x_wconf 87' lang='lat' dir='ltr'>suspensionem</span> <span class='ocrx_word' id='word_1_155' title='bbox 845 2319 1227 2392; x_wconf 88' lang='lat' dir='ltr'>inflixerat.</span> <span class='ocrx_word' id='word_1_156' title='bbox 1288 2317 1544 2410; x_wconf 91' lang='lat' dir='ltr'>Itaque</span> <span class='ocrx_word' id='word_1_157' title='bbox 1613 2320 1728 2391; x_wconf 86' lang='lat' dir='ltr'>dic</span> <span class='ocrx_word' id='word_1_158' title='bbox 1799 2322 1869 2392; x_wconf 80' lang='lat'>6.</span> <span class='ocrx_word' id='word_1_159' title='bbox 1932 2318 2139 2391; x_wconf 90' lang='lat' dir='ltr'>Febr.</span> <span class='ocrx_word' id='word_1_160' title='bbox 2187 2321 2399 2391; x_wconf 83' lang='lat'>1853.</span> <span class='ocrx_word' id='word_1_161' title='bbox 2461 2322 2602 2392; x_wconf 85' lang='lat' dir='ltr'>duo</span> <span class='ocrx_word' id='word_1_162' title='bbox 2670 2318 2893 2392; x_wconf 90' lang='lat' dir='ltr'>dubia</span> 
     </span>
     <span class='ocr_line' id='line_1_20' title="bbox 219 2429 2895 2524; baseline -0 -21"><span class='ocrx_word' id='word_1_163' title='bbox 219 2429 627 2520; x_wconf 88' lang='lat' dir='ltr'>disceptata</span> <span class='ocrx_word' id='word_1_164' title='bbox 695 2438 907 2502; x_wconf 88' lang='lat' dir='ltr'>sunt:</span> <span class='ocrx_word' id='word_1_165' title='bbox 969 2454 1007 2495; x_wconf 62' lang='grc' dir='ltr'><em>α</em></span> <span class='ocrx_word' id='word_1_166' title='bbox 1045 2432 1110 2501; x_wconf 93' lang='lat'>1.</span> <span class='ocrx_word' id='word_1_167' title='bbox 1172 2434 1276 2502; x_wconf 79' lang='lat' dir='ltr'>An</span> <span class='ocrx_word' id='word_1_168' title='bbox 1342 2439 1618 2505; x_wconf 91' lang='lat' dir='ltr'>constet</span> <span class='ocrx_word' id='word_1_169' title='bbox 1683 2431 1773 2502; x_wconf 90' lang='lat' dir='ltr'>de</span> <span class='ocrx_word' id='word_1_170' title='bbox 1830 2431 2201 2504; x_wconf 90' lang='lat' dir='ltr'>validitate</span> <span class='ocrx_word' id='word_1_171' title='bbox 2277 2433 2768 2524; x_wconf 89' lang='lat' dir='ltr'>suspensionis</span> <span class='ocrx_word' id='word_1_172' title='bbox 2819 2432 2895 2502; x_wconf 93' lang='lat' dir='ltr'>in</span> 
     </span>
     <span class='ocr_line' id='line_1_21' title="bbox 219 2536 2892 2616; baseline 0.001 -4"><span class='ocrx_word' id='word_1_173' title='bbox 219 2566 261 2612; x_wconf 78' lang='lat'><strong>&gt;</strong></span> <span class='ocrx_word' id='word_1_174' title='bbox 301 2536 528 2613; x_wconf 62' lang='lat' dir='ltr'>casu?</span> <span class='ocrx_word' id='word_1_175' title='bbox 581 2543 652 2613; x_wconf 91' lang='grc'>2.</span> <span class='ocrx_word' id='word_1_176' title='bbox 717 2541 822 2614; x_wconf 77' lang='lat' dir='ltr'>An</span> <span class='ocrx_word' id='word_1_177' title='bbox 889 2543 1033 2615; x_wconf 89' lang='lat' dir='ltr'>sint</span> <span class='ocrx_word' id='word_1_178' title='bbox 1101 2544 1634 2616; x_wconf 80' lang='lat' dir='ltr'>confirmandae</span> <span class='ocrx_word' id='word_1_179' title='bbox 1687 2545 1795 2615; x_wconf 76' lang='lat' dir='ltr'>vel</span> <span class='ocrx_word' id='word_1_180' title='bbox 1864 2544 2338 2616; x_wconf 84' lang='lat' dir='ltr'>infirmandae</span> <span class='ocrx_word' id='word_1_181' title='bbox 2396 2546 2797 2616; x_wconf 88' lang='lat' dir='ltr'>sententiae</span> <span class='ocrx_word' id='word_1_182' title='bbox 2850 2561 2892 2614; x_wconf 89' lang='lat' dir='ltr'>a</span> 
     </span>
     <span class='ocr_line' id='line_1_22' title="bbox 219 2656 2900 2750; baseline 0.001 -26"><span class='ocrx_word' id='word_1_183' title='bbox 219 2679 260 2724; x_wconf 83' lang='lat'>›</span> <span class='ocrx_word' id='word_1_184' title='bbox 300 2656 505 2726; x_wconf 89' lang='lat' dir='ltr'>curia</span> <span class='ocrx_word' id='word_1_185' title='bbox 560 2656 944 2747; x_wconf 88' lang='lat' dir='ltr'>episcopali</span> <span class='ocrx_word' id='word_1_186' title='bbox 1001 2656 1189 2730; x_wconf 87' lang='lat' dir='ltr'>latae</span> <span class='ocrx_word' id='word_1_187' title='bbox 1241 2664 1387 2729; x_wconf 91' lang='lat' dir='ltr'>tam</span> <span class='ocrx_word' id='word_1_188' title='bbox 1425 2677 1641 2749; x_wconf 90' lang='lat' dir='ltr'>super</span> <span class='ocrx_word' id='word_1_189' title='bbox 1671 2659 2218 2750; x_wconf 84' lang='lat' dir='ltr'>irregularitate,</span> <span class='ocrx_word' id='word_1_190' title='bbox 2252 2676 2466 2746; x_wconf 90' lang='lat' dir='ltr'>quam</span> <span class='ocrx_word' id='word_1_191' title='bbox 2504 2677 2720 2750; x_wconf 90' lang='lat' dir='ltr'>super</span> <span class='ocrx_word' id='word_1_192' title='bbox 2756 2657 2900 2748; x_wconf 91' lang='lat' dir='ltr'>pri-</span> 
     </span>
     <span class='ocr_line' id='line_1_23' title="bbox 218 2764 2897 2860; baseline 0.002 -26"><span class='ocrx_word' id='word_1_193' title='bbox 218 2793 258 2834; x_wconf 80' lang='lat'><strong>»</strong></span> <span class='ocrx_word' id='word_1_194' title='bbox 301 2767 596 2838; x_wconf 78' lang='lat' dir='ltr'>vatione</span> <span class='ocrx_word' id='word_1_195' title='bbox 663 2767 993 2840; x_wconf 84' lang='lat' dir='ltr'>beneficii</span> <span class='ocrx_word' id='word_1_196' title='bbox 1048 2771 1121 2840; x_wconf 90' lang='lat' dir='ltr'>in</span> <span class='ocrx_word' id='word_1_197' title='bbox 1184 2764 1402 2841; x_wconf 60' lang='lat' dir='ltr'>casu?</span> <span class='ocrx_word' id='word_1_198' title='bbox 1437 2792 1472 2837; x_wconf 78' lang='lat'><strong>›</strong></span> <span class='ocrx_word' id='word_1_199' title='bbox 1531 2767 1603 2840; x_wconf 92' lang='lat' dir='ltr'>S.</span> <span class='ocrx_word' id='word_1_200' title='bbox 1646 2767 1899 2860; x_wconf 87' lang='lat' dir='ltr'>Congr.</span> <span class='ocrx_word' id='word_1_201' title='bbox 1941 2770 2350 2860; x_wconf 88' lang='lat' dir='ltr'>respondit:</span> <span class='ocrx_word' id='word_1_202' title='bbox 2413 2793 2451 2834; x_wconf 61' lang='grc' dir='ltr'><em>α</em></span> <span class='ocrx_word' id='word_1_203' title='bbox 2487 2770 2586 2841; x_wconf 83' lang='lat' dir='ltr'>Ad</span> <span class='ocrx_word' id='word_1_204' title='bbox 2647 2770 2713 2838; x_wconf 89' lang='lat'>1.</span> <span class='ocrx_word' id='word_1_205' title='bbox 2756 2765 2897 2839; x_wconf 90' lang='lat' dir='ltr'>Ne-</span> 
     </span>
     <span class='ocr_line' id='line_1_24' title="bbox 216 2878 2887 2973; baseline 0 -25"><span class='ocrx_word' id='word_1_206' title='bbox 216 2903 257 2948; x_wconf 81' lang='lat'><strong>»</strong></span> <span class='ocrx_word' id='word_1_207' title='bbox 302 2879 580 2970; x_wconf 86' lang='lat' dir='ltr'>gative‚</span> <span class='ocrx_word' id='word_1_208' title='bbox 639 2880 833 2951; x_wconf 90' lang='lat' dir='ltr'>salvo</span> <span class='ocrx_word' id='word_1_209' title='bbox 891 2881 1041 2951; x_wconf 90' lang='lat' dir='ltr'>iure</span> <span class='ocrx_word' id='word_1_210' title='bbox 1092 2878 1427 2971; x_wconf 88' lang='lat' dir='ltr'>Episcopi</span> <span class='ocrx_word' id='word_1_211' title='bbox 1478 2881 1959 2973; x_wconf 82' lang='lat' dir='ltr'>procedendi,</span> <span class='ocrx_word' id='word_1_212' title='bbox 2017 2890 2227 2973; x_wconf 85' lang='lat' dir='ltr'>prout</span> <span class='ocrx_word' id='word_1_213' title='bbox 2279 2883 2367 2953; x_wconf 89' lang='lat' dir='ltr'>de</span> <span class='ocrx_word' id='word_1_214' title='bbox 2420 2883 2598 2953; x_wconf 87' lang='lat' dir='ltr'>iure.</span> <span class='ocrx_word' id='word_1_215' title='bbox 2662 2879 2764 2950; x_wconf 81' lang='lat' dir='ltr'>Ad</span> <span class='ocrx_word' id='word_1_216' title='bbox 2815 2880 2887 2950; x_wconf 95' lang='grc'>2.</span> 
     </span>
     <span class='ocr_line' id='line_1_25' title="bbox 215 2987 2894 3082; baseline 0 -22"><span class='ocrx_word' id='word_1_217' title='bbox 215 3015 256 3060; x_wconf 82' lang='lat'>›</span> <span class='ocrx_word' id='word_1_218' title='bbox 297 2987 647 3082; x_wconf 67' lang='lat' dir='ltr'>Negatite</span> <span class='ocrx_word' id='word_1_219' title='bbox 686 2990 776 3061; x_wconf 92' lang='lat' dir='ltr'>ad</span> <span class='ocrx_word' id='word_1_220' title='bbox 815 2991 1112 3082; x_wconf 88' lang='lat' dir='ltr'>primam</span> <span class='ocrx_word' id='word_1_221' title='bbox 1151 2999 1454 3082; x_wconf 80' lang='lat' dir='ltr'>partem,</span> <span class='ocrx_word' id='word_1_222' title='bbox 1498 2992 1920 3064; x_wconf 80' lang='lat' dir='ltr'>affirmative</span> <span class='ocrx_word' id='word_1_223' title='bbox 1957 2994 2049 3064; x_wconf 87' lang='lat' dir='ltr'>ad</span> <span class='ocrx_word' id='word_1_224' title='bbox 2083 2992 2500 3063; x_wconf 86' lang='lat' dir='ltr'>secundam.</span> <span class='ocrx_word' id='word_1_225' title='bbox 2532 3017 2569 3058; x_wconf 55' lang='grc' dir='ltr'><strong>ν</strong></span> <span class='ocrx_word' id='word_1_226' title='bbox 2625 2987 2894 3061; x_wconf 91' lang='lat' dir='ltr'>Iterum</span> 
     </span>
     <span class='ocr_line' id='line_1_26' title="bbox 212 3099 2901 3176; baseline -0.001 -1"><span class='ocrx_word' id='word_1_227' title='bbox 212 3103 294 3175; x_wconf 86' lang='lat' dir='ltr'>in</span> <span class='ocrx_word' id='word_1_228' title='bbox 334 3103 933 3174; x_wconf 86' lang='lat' dir='ltr'>consultationem</span> <span class='ocrx_word' id='word_1_229' title='bbox 971 3103 1166 3175; x_wconf 91' lang='lat' dir='ltr'>hisce</span> <span class='ocrx_word' id='word_1_230' title='bbox 1192 3103 1473 3176; x_wconf 89' lang='lat' dir='ltr'>duobus</span> <span class='ocrx_word' id='word_1_231' title='bbox 1502 3103 1742 3175; x_wconf 87' lang='lat' dir='ltr'>dubiis</span> <span class='ocrx_word' id='word_1_232' title='bbox 1780 3105 2048 3175; x_wconf 84' lang='lat' dir='ltr'>vocatis</span> <span class='ocrx_word' id='word_1_233' title='bbox 2080 3104 2198 3176; x_wconf 90' lang='lat' dir='ltr'>die</span> <span class='ocrx_word' id='word_1_234' title='bbox 2233 3104 2352 3174; x_wconf 88' lang='grc'>28.</span> <span class='ocrx_word' id='word_1_235' title='bbox 2381 3099 2542 3172; x_wconf 89' lang='lat' dir='ltr'>Maii</span> <span class='ocrx_word' id='word_1_236' title='bbox 2576 3101 2901 3174; x_wconf 84' lang='lat' dir='ltr'>eiusdem</span> 
     </span>
     <span class='ocr_line' id='line_1_27' title="bbox 214 3211 2824 3306; baseline -0.001 -20"><span class='ocrx_word' id='word_1_237' title='bbox 214 3215 429 3301; x_wconf 88' lang='lat' dir='ltr'>anni,</span> <span class='ocrx_word' id='word_1_238' title='bbox 491 3214 583 3286; x_wconf 89' lang='lat' dir='ltr'>ad</span> <span class='ocrx_word' id='word_1_239' title='bbox 637 3220 1020 3304; x_wconf 89' lang='lat' dir='ltr'>utrumque</span> <span class='ocrx_word' id='word_1_240' title='bbox 1073 3233 1497 3306; x_wconf 87' lang='lat' dir='ltr'>responsum</span> <span class='ocrx_word' id='word_1_241' title='bbox 1552 3221 1704 3286; x_wconf 76' lang='lat' dir='ltr'>est-z</span> <span class='ocrx_word' id='word_1_242' title='bbox 1767 3237 1804 3280; x_wconf 69' lang='grc' dir='ltr'>α</span> <span class='ocrx_word' id='word_1_243' title='bbox 1844 3211 1929 3285; x_wconf 91' lang='lat' dir='ltr'>In</span> <span class='ocrx_word' id='word_1_244' title='bbox 1988 3215 2241 3288; x_wconf 83' lang='lat' dir='ltr'>decisis</span> <span class='ocrx_word' id='word_1_245' title='bbox 2295 3222 2365 3286; x_wconf 87' lang='lat' dir='ltr'>et</span> <span class='ocrx_word' id='word_1_246' title='bbox 2418 3215 2824 3305; x_wconf 84' lang='lat' dir='ltr'>amplius.»</span> 
     </span>
    </p>

    <p class='ocr_par' dir='ltr' id='par_1_4' title="bbox 203 3324 2912 4760">
     <span class='ocr_line' id='line_1_28' title="bbox 376 3324 2893 3418; baseline -0.001 -21"><span class='ocrx_word' id='word_1_247' title='bbox 376 3327 551 3397; x_wconf 73' lang='grc'><strong>274.</strong></span> <span class='ocrx_word' id='word_1_248' title='bbox 611 3324 938 3399; x_wconf 88' lang='lat' dir='ltr'>Secunda</span> <span class='ocrx_word' id='word_1_249' title='bbox 976 3347 1062 3399; x_wconf 84' lang='lat' dir='ltr'>ex</span> <span class='ocrx_word' id='word_1_250' title='bbox 1098 3327 1309 3399; x_wconf 88' lang='lat' dir='ltr'>dictis</span> <span class='ocrx_word' id='word_1_251' title='bbox 1345 3327 1606 3415; x_wconf 80' lang='lat' dir='ltr'>causiS,</span> <span class='ocrx_word' id='word_1_252' title='bbox 1639 3325 1729 3399; x_wconf 92' lang='lat' dir='ltr'>ob</span> <span class='ocrx_word' id='word_1_253' title='bbox 1769 3345 1953 3415; x_wconf 92' lang='lat' dir='ltr'>quas</span> <span class='ocrx_word' id='word_1_254' title='bbox 1990 3327 2296 3418; x_wconf 86' lang='lat' dir='ltr'>parocho</span> <span class='ocrx_word' id='word_1_255' title='bbox 2336 3327 2550 3399; x_wconf 87' lang='lat' dir='ltr'>datur</span> <span class='ocrx_word' id='word_1_256' title='bbox 2586 3327 2893 3412; x_wconf 90' lang='lat' dir='ltr'>adiutor,</span> 
     </span>
     <span class='ocr_line' id='line_1_29' title="bbox 212 3438 2902 3531; baseline -0.002 -19"><span class='ocrx_word' id='word_1_257' title='bbox 212 3439 546 3529; x_wconf 85' lang='lat' dir='ltr'>corporis</span> <span class='ocrx_word' id='word_1_258' title='bbox 599 3445 724 3510; x_wconf 92' lang='lat' dir='ltr'>aut</span> <span class='ocrx_word' id='word_1_259' title='bbox 777 3440 1034 3511; x_wconf 89' lang='lat' dir='ltr'>mentis</span> <span class='ocrx_word' id='word_1_260' title='bbox 1090 3440 1466 3511; x_wconf 82' lang='lat' dir='ltr'>infirmitas</span> <span class='ocrx_word' id='word_1_261' title='bbox 1517 3445 1667 3510; x_wconf 86' lang='lat' dir='ltr'>est:</span> <span class='ocrx_word' id='word_1_262' title='bbox 1736 3457 1922 3529; x_wconf 88' lang='lat' dir='ltr'>quae</span> <span class='ocrx_word' id='word_1_263' title='bbox 1974 3438 2286 3529; x_wconf 83' lang='lat' dir='ltr'>prolecto</span> <span class='ocrx_word' id='word_1_264' title='bbox 2341 3440 2552 3531; x_wconf 89' lang='lat' dir='ltr'>longa</span> <span class='ocrx_word' id='word_1_265' title='bbox 2607 3440 2902 3511; x_wconf 91' lang='lat' dir='ltr'>demon·</span> 
     </span>
     <span class='ocr_line' id='line_1_30' title="bbox 210 3548 2893 3642; baseline -0.002 -18"><span class='ocrx_word' id='word_1_266' title='bbox 210 3551 579 3624; x_wconf 85' lang='lat' dir='ltr'>stratione</span> <span class='ocrx_word' id='word_1_267' title='bbox 616 3570 759 3623; x_wconf 90' lang='lat' dir='ltr'>non</span> <span class='ocrx_word' id='word_1_268' title='bbox 815 3551 1109 3642; x_wconf 83' lang='lat' dir='ltr'>indiget.</span> <span class='ocrx_word' id='word_1_269' title='bbox 1168 3548 1352 3623; x_wconf 86' lang='lat' dir='ltr'>Oves</span> <span class='ocrx_word' id='word_1_270' title='bbox 1404 3552 1591 3622; x_wconf 87' lang='lat' dir='ltr'>enim</span> <span class='ocrx_word' id='word_1_271' title='bbox 1630 3551 1787 3622; x_wconf 90' lang='lat' dir='ltr'>sine</span> <span class='ocrx_word' id='word_1_272' title='bbox 1825 3559 2106 3640; x_wconf 88' lang='lat' dir='ltr'>pastore</span> <span class='ocrx_word' id='word_1_273' title='bbox 2150 3552 2455 3640; x_wconf 89' lang='lat' dir='ltr'>relinqui</span> <span class='ocrx_word' id='word_1_274' title='bbox 2497 3554 2893 3640; x_wconf 88' lang='lat' dir='ltr'>nequeunt,</span> 
     </span>
     <span class='ocr_line' id='line_1_31' title="bbox 212 3661 2899 3753; baseline -0.001 -18"><span class='ocrx_word' id='word_1_275' title='bbox 212 3662 351 3753; x_wconf 90' lang='lat' dir='ltr'>qui</span> <span class='ocrx_word' id='word_1_276' title='bbox 409 3661 506 3733; x_wconf 88' lang='lat' dir='ltr'>ad</span> <span class='ocrx_word' id='word_1_277' title='bbox 557 3681 805 3735; x_wconf 91' lang='lat' dir='ltr'>omnes</span> <span class='ocrx_word' id='word_1_278' title='bbox 872 3663 1083 3734; x_wconf 89' lang='lat' dir='ltr'>horas</span> <span class='ocrx_word' id='word_1_279' title='bbox 1136 3681 1261 3753; x_wconf 91' lang='lat' dir='ltr'>pro</span> <span class='ocrx_word' id='word_1_280' title='bbox 1313 3664 1868 3735; x_wconf 88' lang='lat' dir='ltr'>necessitatibus</span> <span class='ocrx_word' id='word_1_281' title='bbox 1926 3663 2220 3751; x_wconf 80' lang='lat' dir='ltr'>obortiS,</span> <span class='ocrx_word' id='word_1_282' title='bbox 2280 3661 2899 3736; x_wconf 84' lang='lat' dir='ltr'>Sacrameutorum</span> 
     </span>
     <span class='ocr_line' id='line_1_32' title="bbox 208 3772 2898 3866; baseline 0 -21"><span class='ocrx_word' id='word_1_283' title='bbox 208 3774 578 3865; x_wconf 88' lang='lat' dir='ltr'>pabulum</span> <span class='ocrx_word' id='word_1_284' title='bbox 633 3775 773 3846; x_wconf 88' lang='lat' dir='ltr'>illis</span> <span class='ocrx_word' id='word_1_285' title='bbox 826 3773 1204 3864; x_wconf 88' lang='lat' dir='ltr'>praebeat,</span> <span class='ocrx_word' id='word_1_286' title='bbox 1262 3775 1584 3864; x_wconf 88' lang='lat' dir='ltr'>aliasque</span> <span class='ocrx_word' id='word_1_287' title='bbox 1637 3776 1942 3865; x_wconf 89' lang='lat' dir='ltr'>pastoris</span> <span class='ocrx_word' id='word_1_288' title='bbox 1996 3795 2203 3848; x_wconf 91' lang='lat' dir='ltr'>curas</span> <span class='ocrx_word' id='word_1_289' title='bbox 2275 3776 2667 3866; x_wconf 89' lang='lat' dir='ltr'>impendat.</span> <span class='ocrx_word' id='word_1_290' title='bbox 2726 3772 2898 3846; x_wconf 93' lang='lat' dir='ltr'>Cum</span> 
     </span>
     <span class='ocr_line' id='line_1_33' title="bbox 208 3885 2899 3978; baseline -0 -20"><span class='ocrx_word' id='word_1_291' title='bbox 208 3905 395 3960; x_wconf 83' lang='lat' dir='ltr'>vero</span> <span class='ocrx_word' id='word_1_292' title='bbox 448 3888 864 3977; x_wconf 87' lang='lat' dir='ltr'>ceteroquin</span> <span class='ocrx_word' id='word_1_293' title='bbox 897 3885 1249 3977; x_wconf 88' lang='lat' dir='ltr'>parochus</span> <span class='ocrx_word' id='word_1_294' title='bbox 1278 3886 1574 3958; x_wconf 79' lang='lat' dir='ltr'>affectus</span> <span class='ocrx_word' id='word_1_295' title='bbox 1603 3887 1894 3978; x_wconf 83' lang='lat' dir='ltr'>physica</span> <span class='ocrx_word' id='word_1_296' title='bbox 1932 3889 2347 3959; x_wconf 83' lang='lat' dir='ltr'>infirmitate</span> <span class='ocrx_word' id='word_1_297' title='bbox 2384 3885 2603 3978; x_wconf 88' lang='lat' dir='ltr'>(quae</span> <span class='ocrx_word' id='word_1_298' title='bbox 2642 3903 2899 3976; x_wconf 90' lang='lat' dir='ltr'>nempe</span> 
     </span>
     <span class='ocr_line' id='line_1_34' title="bbox 206 3996 2905 4091; baseline -0.001 -19"><span class='ocrx_word' id='word_1_299' title='bbox 206 3996 546 4089; x_wconf 79' lang='lat' dir='ltr'>corporis</span> <span class='ocrx_word' id='word_1_300' title='bbox 597 3997 869 4068; x_wconf 85' lang='lat' dir='ltr'>viribus</span> <span class='ocrx_word' id='word_1_301' title='bbox 920 3998 1052 4084; x_wconf 86' lang='lat' dir='ltr'>uti,</span> <span class='ocrx_word' id='word_1_302' title='bbox 1098 3996 1205 4067; x_wconf 82' lang='lat' dir='ltr'>vel</span> <span class='ocrx_word' id='word_1_303' title='bbox 1259 3998 1558 4069; x_wconf 86' lang='lat' dir='ltr'>rationis</span> <span class='ocrx_word' id='word_1_304' title='bbox 1608 4017 1744 4069; x_wconf 92' lang='lat' dir='ltr'>usu</span> <span class='ocrx_word' id='word_1_305' title='bbox 1798 3998 1935 4069; x_wconf 81' lang='lat' dir='ltr'>frui</span> <span class='ocrx_word' id='word_1_306' title='bbox 1971 4001 2205 4090; x_wconf 89' lang='lat' dir='ltr'>ipsum</span> <span class='ocrx_word' id='word_1_307' title='bbox 2246 4001 2470 4091; x_wconf 78' lang='lat' dir='ltr'>vetat)</span> <span class='ocrx_word' id='word_1_308' title='bbox 2512 3999 2740 4090; x_wconf 88' lang='lat' dir='ltr'>gregis</span> <span class='ocrx_word' id='word_1_309' title='bbox 2774 4015 2905 4069; x_wconf 88' lang='lat' dir='ltr'>ne-</span> 
     </span>
     <span class='ocr_line' id='line_1_35' title="bbox 205 4108 2905 4204; baseline -0.001 -19"><span class='ocrx_word' id='word_1_310' title='bbox 205 4108 692 4185; x_wconf 86' lang='lat' dir='ltr'>cessitatibus</span> <span class='ocrx_word' id='word_1_311' title='bbox 745 4110 1052 4204; x_wconf 88' lang='lat' dir='ltr'>amplius</span> <span class='ocrx_word' id='word_1_312' title='bbox 1107 4109 1519 4182; x_wconf 79' lang='lat' dir='ltr'>satisfacere</span> <span class='ocrx_word' id='word_1_313' title='bbox 1590 4111 2047 4200; x_wconf 89' lang='lat' dir='ltr'>impediatur,</span> <span class='ocrx_word' id='word_1_314' title='bbox 2109 4128 2197 4182; x_wconf 88' lang='lat' dir='ltr'>ne</span> <span class='ocrx_word' id='word_1_315' title='bbox 2248 4110 2508 4182; x_wconf 86' lang='lat' dir='ltr'>afflicto</span> <span class='ocrx_word' id='word_1_316' title='bbox 2561 4109 2905 4200; x_wconf 89' lang='lat' dir='ltr'>superad-</span> 
     </span>
     <span class='ocr_line' id='line_1_36' title="bbox 205 4221 2907 4313; baseline -0.002 -15"><span class='ocrx_word' id='word_1_317' title='bbox 205 4225 445 4298; x_wconf 86' lang='lat' dir='ltr'>datur</span> <span class='ocrx_word' id='word_1_318' title='bbox 497 4221 816 4310; x_wconf 84' lang='lat' dir='ltr'>afflictio,</span> <span class='ocrx_word' id='word_1_319' title='bbox 874 4222 1497 4312; x_wconf 87' lang='lat' dir='ltr'>providentissime</span> <span class='ocrx_word' id='word_1_320' title='bbox 1548 4229 1837 4293; x_wconf 91' lang='lat' dir='ltr'>cautum</span> <span class='ocrx_word' id='word_1_321' title='bbox 1894 4229 2047 4311; x_wconf 92' lang='lat' dir='ltr'>est,</span> <span class='ocrx_word' id='word_1_322' title='bbox 2104 4230 2185 4294; x_wconf 93' lang='lat' dir='ltr'>ut</span> <span class='ocrx_word' id='word_1_323' title='bbox 2236 4222 2463 4294; x_wconf 90' lang='lat' dir='ltr'>eidem</span> <span class='ocrx_word' id='word_1_324' title='bbox 2520 4223 2907 4313; x_wconf 85' lang='lat' dir='ltr'>deputetur</span> 
     </span>
     <span class='ocr_line' id='line_1_37' title="bbox 207 4333 2907 4430; baseline -0.003 -19"><span class='ocrx_word' id='word_1_325' title='bbox 207 4339 562 4412; x_wconf 87' lang='lat' dir='ltr'>adiutor:</span> <span class='ocrx_word' id='word_1_326' title='bbox 623 4337 722 4408; x_wconf 91' lang='lat' dir='ltr'>ita</span> <span class='ocrx_word' id='word_1_327' title='bbox 774 4337 966 4408; x_wconf 89' lang='lat' dir='ltr'>enim</span> <span class='ocrx_word' id='word_1_328' title='bbox 1021 4345 1092 4410; x_wconf 91' lang='lat' dir='ltr'>et</span> <span class='ocrx_word' id='word_1_329' title='bbox 1145 4339 1543 4408; x_wconf 90' lang='lat' dir='ltr'>animarum</span> <span class='ocrx_word' id='word_1_330' title='bbox 1597 4337 1813 4407; x_wconf 90' lang='lat' dir='ltr'>saluti</span> <span class='ocrx_word' id='word_1_331' title='bbox 1868 4338 2225 4426; x_wconf 79' lang='lat' dir='ltr'>provisum</span> <span class='ocrx_word' id='word_1_332' title='bbox 2282 4343 2417 4424; x_wconf 91' lang='lat' dir='ltr'>est,</span> <span class='ocrx_word' id='word_1_333' title='bbox 2476 4341 2545 4407; x_wconf 89' lang='lat' dir='ltr'>et</span> <span class='ocrx_word' id='word_1_334' title='bbox 2599 4333 2907 4430; x_wconf 91' lang='lat' dir='ltr'>parocho</span> 
     </span>
     <span class='ocr_line' id='line_1_38' title="bbox 203 4445 2912 4541; baseline -0.002 -19"><span class='ocrx_word' id='word_1_335' title='bbox 203 4447 650 4522; x_wconf 87' lang='lat' dir='ltr'>remotionis</span> <span class='ocrx_word' id='word_1_336' title='bbox 718 4448 917 4520; x_wconf 87' lang='lat' dir='ltr'>dolor</span> <span class='ocrx_word' id='word_1_337' title='bbox 970 4467 1113 4519; x_wconf 88' lang='lat' dir='ltr'>non</span> <span class='ocrx_word' id='word_1_338' title='bbox 1168 4449 1502 4520; x_wconf 91' lang='lat' dir='ltr'>inuritur.</span> <span class='ocrx_word' id='word_1_339' title='bbox 1568 4445 1755 4518; x_wconf 82' lang='lat' dir='ltr'>Hinc</span> <span class='ocrx_word' id='word_1_340' title='bbox 1806 4455 1940 4536; x_wconf 90' lang='lat' dir='ltr'>est,</span> <span class='ocrx_word' id='word_1_341' title='bbox 2001 4449 2194 4537; x_wconf 89' lang='lat' dir='ltr'>quod</span> <span class='ocrx_word' id='word_1_342' title='bbox 2248 4448 2567 4541; x_wconf 89' lang='lat' dir='ltr'>leproso,</span> <span class='ocrx_word' id='word_1_343' title='bbox 2630 4447 2912 4537; x_wconf 84' lang='lat' dir='ltr'>paraly-</span> 
     </span>
     <span class='ocr_line' id='line_1_39' title="bbox 205 4557 2908 4649; baseline -0.002 -15"><span class='ocrx_word' id='word_1_344' title='bbox 205 4563 402 4649; x_wconf 81' lang='lat' dir='ltr'>tice,</span> <span class='ocrx_word' id='word_1_345' title='bbox 459 4557 807 4648; x_wconf 90' lang='lat' dir='ltr'>dementi,</span> <span class='ocrx_word' id='word_1_346' title='bbox 863 4558 1157 4647; x_wconf 80' lang='lat' dir='ltr'>furioso,</span> <span class='ocrx_word' id='word_1_347' title='bbox 1216 4560 1443 4631; x_wconf 90' lang='lat' dir='ltr'>aliove</span> <span class='ocrx_word' id='word_1_348' title='bbox 1497 4576 1947 4648; x_wconf 88' lang='lat' dir='ltr'>quocumque</span> <span class='ocrx_word' id='word_1_349' title='bbox 2002 4558 2246 4630; x_wconf 89' lang='lat' dir='ltr'>morbo</span> <span class='ocrx_word' id='word_1_350' title='bbox 2301 4558 2654 4630; x_wconf 89' lang='lat' dir='ltr'>laboranti</span> <span class='ocrx_word' id='word_1_351' title='bbox 2706 4558 2908 4629; x_wconf 84' lang='lat' dir='ltr'>iuxta</span> 
     </span>
     <span class='ocr_line' id='line_1_40' title="bbox 205 4670 2909 4760; baseline -0.003 -13"><span class='ocrx_word' id='word_1_352' title='bbox 205 4691 479 4747; x_wconf 79' lang='lat' dir='ltr'>sacros</span> <span class='ocrx_word' id='word_1_353' title='bbox 515 4689 832 4744; x_wconf 88' lang='lat' dir='ltr'>canones</span> <span class='ocrx_word' id='word_1_354' title='bbox 868 4671 1300 4743; x_wconf 89' lang='lat' dir='ltr'>adiutorium</span> <span class='ocrx_word' id='word_1_355' title='bbox 1338 4671 1656 4743; x_wconf 86' lang='lat' dir='ltr'>dandum</span> <span class='ocrx_word' id='word_1_356' title='bbox 1701 4688 1884 4760; x_wconf 86' lang='lat' dir='ltr'>esse,</span> <span class='ocrx_word' id='word_1_357' title='bbox 1926 4672 2393 4743; x_wconf 89' lang='lat' dir='ltr'>communiter</span> <span class='ocrx_word' id='word_1_358' title='bbox 2428 4672 2751 4744; x_wconf 90' lang='lat' dir='ltr'>sentiunt</span> <span class='ocrx_word' id='word_1_359' title='bbox 2783 4670 2909 4742; x_wconf 93' lang='lat' dir='ltr'>do-</span> 
     </span>
    </p>
   </div>
  </div>
 </body>
</html>
