3497 5235
869 262 987 336 Gap.
1015 262 1060 319 1.
1099 261 1172 319 Do
1213 258 1364 318 statu
1401 255 1662 316 Bodetia
1699 255 1973 315 maturitii.
2016 257 2069 330 g.
2097 253 2146 313 9.
2721 251 2833 319 125

350 398 491 470 122.
546 393 799 486 Neque
870 397 1076 469 aliter
1144 415 1463 486 unquam
1516 414 1592 467 se
1647 412 1883 487 gerere
1937 393 2211 466 destitit
2261 387 2336 463 S.
2378 387 2452 462 C.
2494 388 2831 479 Concilii3

235 510 408 583 sicubi
458 512 651 586 enim
704 511 1072 581 seminarii
1124 509 1477 584 delectum
1533 508 2031 599 deprehendit,
2072 525 2199 599 pro
2234 504 2591 578 constanti
2626 503 2840 576 disci-

233 623 383 713 plina
424 621 941 716 Episcoporum
991 622 1540 696 sollicitudinem
1577 621 1913 694 excitavit
1950 626 2022 693 et
2055 618 2407 704 accendit,
2449 623 2529 688 ut
2565 615 2839 688 nullum

235 735 487 826 lapidem
545 754 687 806 non
743 740 1099 821 moveant,
1158 734 1333 806 nihil
1387 735 1717 805 inausum
1773 732 2217 821 relinquant,
2270 748 2411 818 quo
2450 735 2725 800 tantum
2763 728 2839 798 in

232 847 554 920 ecclesiam
589 866 793 920 suam
849 845 1116 918 honum
1153 846 1680 936 importandum
1716 845 2165 936 provideant.
2223 838 2310 914 Id
2361 849 2715 915 testantur
2750 841 2839 913 de

232 965 492 1049 tempore
546 978 679 1030 suo
731 957 941 1031 Card.
997 959 1086 1031 (le
1138 956 1332 1030 Luca
1387 960 1576 1031 Diss,
1616 957 1739 1029 25.
1784 977 1860 1028 n.
1890 958 1967 1028 2.
2006 957 2179 1029 adn.
2229 959 2433 1033 Cone.
2479 956 2714 1037 Trid„
2767 962 2838 1027 et

230 1068 400 1160 Crisp.
434 1074 537 1145 De
579 1072 720 1145 Vis.
756 1074 959 1146 Past.
989 1093 1070 1163 p.
1105 1072 1199 1144 ΙΙ.
1240 1068 1313 1166 ξ.
1347 1070 1468 1144 31.
1503 1091 1579 1142 n.
1607 1070 1713 1152 1„
1743 1071 1864 1160 qui
1904 1070 2130 1158 addit,
2174 1070 2453 1143 cuidam
2489 1066 2838 1161 Episcopo

231 1186 692 1258 comminatum
745 1184 996 1273 fuisse,
1055 1192 1175 1272 ut,
1234 1184 1368 1256 nisi
1421 1183 1990 1274 obtemperaret,
2048 1182 2328 1253 auditor
2378 1179 2711 1253 Gamerae
2762 1180 2838 1250 in

230 1314 352 1369 eum
401 1299 863 1389 procederet,
942 1299 1313 1388 ipsumque
1380 1295 1696 1368 severius
1765 1300 2267 1386 compesceret.
2327 1293 2426 1365 De
2480 1293 2838 1384 praesenti

226 1409 392 1481 ctiam
443 1416 770 1501 tempore
822 1409 1067 1481 eadem
1123 1406 1195 1480 S.
1237 1407 1309 1481 C.
1368 1409 1441 1481 in
1493 1408 1642 1479 suis
1692 1407 2275 1498 responsionibus
2327 1406 2504 1478 illud
2553 1423 2842 1478 accura-

226 1520 443 1593 tissime
482 1528 809 1613 praestat
862 1516 1021 1614 (ceu
1059 1520 1479 1609 quotidiana
1518 1518 1929 1612 comprobat
1967 1515 2467 1616 experientia),
2509 1524 2586 1590 ut
2632 1517 2844 1590 semi-

226 1636 408 1722 naria,
446 1634 578 1706 uhi
618 1635 882 1721 desint,
924 1633 1323 1705 omnimode
1359 1634 1554 1704 iuxta
1593 1630 1877 1704 Patrum
1916 1628 2489 1704 Tridentinorum
2534 1638 2836 1703 mentem

226 1746 687 1819 constituenda
744 1746 1212 1837 praecipiant.

341 1859 496 1931 123.
557 1855 772 1930 Hisce
810 1858 897 1930 de
934 1876 1209 1932 summa
1246 1859 1788 1931 seminariorum
1826 1857 2138 1930 utilitate
2175 1856 2643 1950 praestitutiS,
2688 1876 2844 1947 gra-

223 1967 356 2044 dum
403 1971 711 2043 facimus
764 1971 855 2042 ad
907 1971 1291 2062 peculiaria
1345 1970 1703 2059 quaedam
1754 1969 2203 2060 exponenda,
2259 1986 2443 2059 quae
2491 1970 2560 2038 iu
2600 1986 2840 2042 eorum

222 2084 538 2155 erectione
591 2081 861 2155 debent
913 2083 1213 2155 attendi.
1271 2079 1527 2173 ltaque
1567 2083 1636 2155 in
1675 2083 1920 2173 primis
1956 2081 2376 2172 praescribit
2427 2077 2842 2152 Tridentina

221 2193 545 2282 synodus,
577 2203 658 2266 ut
696 2194 1154 2266 seminarium
1192 2213 1409 2287 prope
1447 2196 1821 2266 ecclesiam
1846 2194 2251 2281 collocetur,
2285 2200 2408 2266 aut
2449 2194 2520 2268 in
2550 2211 2632 2265 eo
2660 2192 2836 2282 loc0,

222 2322 394 2393 quem
429 2305 835 2401 Episcopus
869 2307 1344 2399 designaverit
1370 2303 1590 2403 (Sess.
1619 2306 1743 2380 23.
1776 2327 1933 2397 cap.
1972 2306 2088 2380 18.
2123 2307 2204 2379 de
2231 2301 2564 2402 reform.)
2598 2303 2843 2377 Patres

217 2414 468 2491 Concilii
533 2419 1034 2510 AquileiensiS,
1092 2419 1282 2509 quod
1338 2437 1528 2491 anno
1584 2420 1798 2490 1596.
1857 2418 2180 2491 habitum
2234 2417 2452 2489 fuisse
2503 2417 2838 2507 diximus,

217 2527 364 2602 haec
410 2532 768 2605 tradunt:
829 2556 864 2595 a
904 2528 1135 2606 Locus
1186 2533 1550 2604 seminarii
1601 2533 1660 2604 si
1713 2531 1906 2623 apud
1958 2531 2328 2602 ecclesiam
2363 2530 2843 2603 cathedralem

220 2669 248 2707 ν
283 2643 418 2716 tieri
473 2646 749 2737 possit,
806 2663 950 2723 non
1003 2644 1173 2717 alibi
1226 2644 1671 2736 optandum,
1723 2652 1803 2717 ut
1856 2645 2029 2719 fiat:
2107 2662 2248 2734 quo
2300 2644 2499 2718 enim
2553 2646 2846 2735 propius

220 2780 248 2819 2
280 2757 542 2830 adsunt
575 2758 838 2845 clerici,
879 2776 959 2829 eo
1000 2757 1275 2831 facilius
1311 2764 1384 2849 et
1419 2759 1670 2831 minori
1710 2759 2047 2849 temporis
2081 2756 2463 2848 dispendio
2507 2758 2582 2831 in
2626 2757 2846 2831 eccle-

222 2892 250 2931 »
283 2870 447 2940 siam
485 2887 566 2941 se
603 2868 1005 2943 conferunt.
1028 2896 1066 2937 ι»
1105 2867 1315 2941 Hisce
1353 2870 1901 2943 auctoritatibus
1938 2869 2289 2943 adductus
2322 2866 2590 2942 Bened.
2619 2866 2845 2958 XIV„

217 2996 350 3052 cum
398 2982 776 3054 ecclesiam
831 2979 1350 3059 Bononiensem
1404 2989 1704 3074 regeret,
1763 3002 1847 3054 ac
1898 3003 2157 3055 novum
2201 2983 2561 3054 seminarii
2601 2982 2851 3055 aedifi-

216 3090 372 3163 cium
424 3094 738 3167 condere
788 3096 1183 3183 statuisset,
1243 3114 1461 3187 prope
1514 3096 2139 3187 metropolitanam
2185 3094 2367 3170 illud
2425 3094 2638 3166 situm
2692 3112 2845 3169 esse

212 3204 431 3294 voluit,
491 3207 714 3279 veluti
770 3213 1013 3281 narrat
1066 3209 1241 3281 Inst.
1302 3228 1441 3281 ecc.
1483 3209 1602 3282 59.
1667 3230 1738 3281 n.
1784 3208 1902 3282 13.

342 3318 502 3391 124.
567 3317 641 3390 Si
695 3338 888 3393 unus
936 3316 1330 3412 Episcopus
1382 3320 1666 3395 duabus
1721 3321 2259 3396 cathedralibus
2307 3339 2535 3412 aeque
2586 3320 2851 3413 princi-

209 3427 440 3516 paliter
494 3431 722 3502 unitis
756 3434 1206 3521 praepositus
1238 3438 1372 3521 est,
1415 3433 1488 3504 in
1526 3435 1849 3523 utrisque
1883 3435 2349 3509 seminarium
2383 3435 2845 3527 aperiendum

208 3548 384 3614 curet
435 3549 743 3633 oportet.
804 3539 981 3615 Nam
1033 3543 1106 3616 S.
1150 3542 1223 3615 C.
1267 3546 1679 3636 rescripsit:
1742 3567 1780 3611 ‹
1822 3545 1893 3617 Si
1935 3542 2331 3639 Episcopus
2364 3548 2649 3620 duabus
2684 3549 2852 3619 civi-

214 3676 243 3715 »
279 3655 546 3727 tatibus
600 3661 911 3745 praeest,
969 3657 1040 3726 in
1092 3664 1400 3746 utraque
1435 3658 1748 3749 erigatur
1800 3658 2287 3745 seminarium,
2345 3665 2414 3731 et
2466 3662 2529 3733 si
2578 3659 2853 3732 reditus

213 3788 243 3827 2
275 3784 411 3837 non
466 3766 863 3856 sufficiunt,
922 3768 1412 3843 conducantur
1467 3769 1811 3859 magistri.
1852 3793 1893 3835 ν
1943 3765 2170 3850 Onam
2204 3772 2706 3844 resolutionem
2742 3789 2853 3842 re-

212 3874 433 3950 terunt
488 3876 876 3952 Gallemart
945 3881 1211 3970 aliique
1274 3880 1538 3971 passim
1591 3880 1939 3953 doctoreS.
1996 3876 2174 3953 Nam
2248 3906 2287 3948 ε
2325 3883 2617 3957 verbum
2671 3884 2851 3956 illud

215 4015 244 4054 ›
277 3992 597 4083 sinqulae
646 3986 778 4087 (sic
831 3988 905 4064 S.
946 3989 1018 4063 C.
1059 3989 1136 4063 C.
1191 3994 1263 4064 in
1315 3991 1442 4064 fol.
1482 3992 1814 4065 Priuern.
1863 3994 1977 4065 16.
2021 3989 2228 4066 Mart.
2275 3995 2485 4068 1771.
2526 3991 2603 4089 ξ.
2638 3995 2842 4068 Cotto.

213 4125 243 4168 ›
285 4103 550 4200 πίει),
607 4122 749 4195 quo
803 4105 1026 4176 utitur
1074 4102 1484 4192 Concilium,
1542 4104 1993 4178 distributive
2047 4104 2261 4179 refert
2313 4106 2849 4197 dispositionem

211 4238 241 4279 ›
275 4216 540 4290 decreti
596 4217 689 4289 ad
742 4235 1323 4307 unamquamque
1376 4217 1791 4306 ecclesiam,
1864 4217 1961 4289 ita
2032 4227 2108 4291 ut
2177 4224 2281 4291 tot
2332 4217 2647 4295 debeant
2696 4238 2849 4293 esse

208 4354 239 4391 ι
270 4329 687 4416 seminaria,
744 4335 921 4419 quot
972 4336 1142 4401 sunt
1195 4329 1665 4402 cathedrales.
1705 4356 1741 4397 »

342 4441 514 4512 125.
570 4438 640 4512 Si
697 4447 937 4512 tamen
992 4460 1134 4513 non
1186 4442 1517 4533 suppleat
1567 4442 1717 4515 ulla
1771 4443 1909 4531 via,
1967 4461 2109 4533 qua
2160 4442 2481 4517 eiusdem
2532 4445 2859 4538 erigendi

204 4568 367 4642 opus
437 4552 894 4645 suscipiatur,
951 4554 1437 4628 adolescentes
1488 4555 1874 4643 ecclesiae,
1946 4573 2131 4644 quae
2195 4558 2572 4629 seminario
2626 4565 2846 4649 caret,

199 4666 570 4745 mittantur
620 4667 713 4741 ad
764 4668 1224 4741 seminarium
1275 4668 1615 4743 ecclesiae
1661 4670 1935 4760 unitae,
1980 4668 2051 4741 in
2090 4688 2232 4760 qua
2268 4671 2503 4767 ipsum
2537 4678 2860 4755 erectum.
