<?xml version="1.0" encoding="UTF-8"?>
<!DOCTYPE html PUBLIC "-//W3C//DTD XHTML 1.0 Transitional//EN"
    "http://www.w3.org/TR/xhtml1/DTD/xhtml1-transitional.dtd">
<html xmlns="http://www.w3.org/1999/xhtml" xml:lang="en" lang="en">
 <head>
  <title>
</title>
<meta http-equiv="Content-Type" content="text/html;charset=utf-8" />
  <meta name='ocr-system' content='tesseract 3.04.00' />
  <meta name='ocr-capabilities' content='ocr_page ocr_carea ocr_par ocr_line ocrx_word'/>
</head>
<body>
  <div class='ocr_page' id='page_1' title='image "./devisitationesa00popegoog_0204.png"; bbox 0 0 3497 5235; ppageno 0'>
   <div class='ocr_carea' id='block_1_1' title="bbox 524 193 2440 327">
    <p class='ocr_par' dir='ltr' id='par_1_1' title="bbox 524 193 2440 327">
     <span class='ocr_line' id='line_1_1' title="bbox 524 193 2440 327; baseline 0.001 -17"><span class='ocrx_word' id='word_1_1' title='bbox 524 248 639 311; x_wconf 75' lang='lat'><strong>174</strong></span> <span class='ocrx_word' id='word_1_2' title='bbox 850 193 865 209; x_wconf 47' lang='lat'><strong>·</strong></span> <span class='ocrx_word' id='word_1_3' title='bbox 1274 251 1645 310; x_wconf 66' lang='lat' dir='ltr'><strong>humationis</strong></span> <span class='ocrx_word' id='word_1_4' title='bbox 1683 251 1738 309; x_wconf 79' lang='grc'><strong>8.</strong></span> <span class='ocrx_word' id='word_1_5' title='bbox 1769 250 1953 325; x_wconf 68' lang='lat' dir='ltr'><strong>Gom.</strong></span> <span class='ocrx_word' id='word_1_6' title='bbox 1979 251 2128 309; x_wconf 72' lang='lat' dir='ltr'><strong>Ocno.</strong></span> <span class='ocrx_word' id='word_1_7' title='bbox 2168 252 2440 327; x_wconf 67' lang='lat' dir='ltr'><strong>expetitio.</strong></span> 
     </span>
    </p>
   </div>
   <div class='ocr_carea' id='block_1_2' title="bbox 512 383 3214 4724">
    <p class='ocr_par' dir='ltr' id='par_1_2' title="bbox 517 383 3200 905">
     <span class='ocr_line' id='line_1_2' title="bbox 521 383 3194 477; baseline 0 -20"><span class='ocrx_word' id='word_1_8' title='bbox 521 386 887 457; x_wconf 82' lang='lat' dir='ltr'><strong>misseriae</strong></span> <span class='ocrx_word' id='word_1_9' title='bbox 936 385 1083 458; x_wconf 89' lang='lat' dir='ltr'><strong>sint</strong></span> <span class='ocrx_word' id='word_1_10' title='bbox 1134 383 1657 459; x_wconf 76' lang='lat' dir='ltr'><strong>determinatae</strong></span> <span class='ocrx_word' id='word_1_11' title='bbox 1709 404 1838 477; x_wconf 93' lang='lat' dir='ltr'><strong>pro</strong></span> <span class='ocrx_word' id='word_1_12' title='bbox 1889 388 2224 477; x_wconf 78' lang='lat' dir='ltr'><strong>sequenti</strong></span> <span class='ocrx_word' id='word_1_13' title='bbox 2276 387 2754 475; x_wconf 89' lang='lat' dir='ltr'><strong>ordinatione,</strong></span> <span class='ocrx_word' id='word_1_14' title='bbox 2796 386 3071 477; x_wconf 86' lang='lat' dir='ltr'><strong>possint</strong></span> <span class='ocrx_word' id='word_1_15' title='bbox 3106 404 3194 459; x_wconf 83' lang='lat' dir='ltr'><strong>ex</strong></span> 
     </span>
     <span class='ocr_line' id='line_1_3' title="bbox 517 496 3194 591; baseline 0.001 -24"><span class='ocrx_word' id='word_1_16' title='bbox 517 496 706 567; x_wconf 86' lang='lat' dir='ltr'><strong>iusta</strong></span> <span class='ocrx_word' id='word_1_17' title='bbox 759 514 976 568; x_wconf 86' lang='lat' dir='ltr'><strong>causa</strong></span> <span class='ocrx_word' id='word_1_18' title='bbox 1014 496 1107 568; x_wconf 90' lang='lat' dir='ltr'><strong>ad</strong></span> <span class='ocrx_word' id='word_1_19' title='bbox 1143 496 1283 567; x_wconf 90' lang='lat' dir='ltr'><strong>alia</strong></span> <span class='ocrx_word' id='word_1_20' title='bbox 1321 503 1644 587; x_wconf 85' lang='lat' dir='ltr'><strong>tempora</strong></span> <span class='ocrx_word' id='word_1_21' title='bbox 1682 499 2076 590; x_wconf 80' lang='lat' dir='ltr'><strong>prorogari,</strong></span> <span class='ocrx_word' id='word_1_22' title='bbox 2116 498 2504 572; x_wconf 88' lang='lat' dir='ltr'><strong>dummodo</strong></span> <span class='ocrx_word' id='word_1_23' title='bbox 2540 498 3070 591; x_wconf 83' lang='lat' dir='ltr'><strong>promovendus</strong></span> <span class='ocrx_word' id='word_1_24' title='bbox 3119 498 3194 570; x_wconf 88' lang='lat' dir='ltr'><strong>in</strong></span> 
     </span>
     <span class='ocr_line' id='line_1_4' title="bbox 520 604 3195 693; baseline 0.001 -14"><span class='ocrx_word' id='word_1_25' title='bbox 520 604 711 679; x_wconf 83' lang='lat' dir='ltr'><strong>Urbe</strong></span> <span class='ocrx_word' id='word_1_26' title='bbox 763 613 1081 693; x_wconf 90' lang='lat' dir='ltr'><strong>maneat,</strong></span> <span class='ocrx_word' id='word_1_27' title='bbox 1136 626 1272 680; x_wconf 90' lang='lat' dir='ltr'><strong>nec</strong></span> <span class='ocrx_word' id='word_1_28' title='bbox 1320 610 1729 680; x_wconf 87' lang='lat' dir='ltr'><strong>testimonio</strong></span> <span class='ocrx_word' id='word_1_29' title='bbox 1781 609 1872 680; x_wconf 91' lang='lat' dir='ltr'><strong>de</strong></span> <span class='ocrx_word' id='word_1_30' title='bbox 1927 611 2070 682; x_wconf 89' lang='lat' dir='ltr'><strong>vita</strong></span> <span class='ocrx_word' id='word_1_31' title='bbox 2123 616 2195 683; x_wconf 89' lang='lat' dir='ltr'><strong>et</strong></span> <span class='ocrx_word' id='word_1_32' title='bbox 2248 611 2566 684; x_wconf 88' lang='lat' dir='ltr'><strong>moribus</strong></span> <span class='ocrx_word' id='word_1_33' title='bbox 2616 610 3078 683; x_wconf 85' lang='lat' dir='ltr'><strong>destituatur:</strong></span> <span class='ocrx_word' id='word_1_34' title='bbox 3118 616 3195 683; x_wconf 90' lang='lat' dir='ltr'><strong>et</strong></span> 
     </span>
     <span class='ocr_line' id='line_1_5' title="bbox 520 716 3200 811; baseline 0.001 -20"><span class='ocrx_word' id='word_1_35' title='bbox 520 719 711 792; x_wconf 89' lang='lat' dir='ltr'><strong>banc</strong></span> <span class='ocrx_word' id='word_1_36' title='bbox 763 736 917 792; x_wconf 89' lang='lat' dir='ltr'><strong>esse</strong></span> <span class='ocrx_word' id='word_1_37' title='bbox 970 720 1249 811; x_wconf 86' lang='lat' dir='ltr'><strong>praxim</strong></span> <span class='ocrx_word' id='word_1_38' title='bbox 1301 716 1709 792; x_wconf 90' lang='lat' dir='ltr'><strong>Tribunalis</strong></span> <span class='ocrx_word' id='word_1_39' title='bbox 1742 716 2147 794; x_wconf 77' lang='lat' dir='ltr'><strong>vicariatus</strong></span> <span class='ocrx_word' id='word_1_40' title='bbox 2190 722 2423 795; x_wconf 89' lang='lat' dir='ltr'><strong>almae</strong></span> <span class='ocrx_word' id='word_1_41' title='bbox 2464 719 2675 797; x_wconf 81' lang='lat' dir='ltr'><strong>Urbis</strong></span> <span class='ocrx_word' id='word_1_42' title='bbox 2708 722 2900 795; x_wconf 91' lang='lat' dir='ltr'><strong>idem</strong></span> <span class='ocrx_word' id='word_1_43' title='bbox 2952 728 3200 795; x_wconf 85' lang='lat' dir='ltr'><strong>auctor</strong></span> 
     </span>
     <span class='ocr_line' id='line_1_6' title="bbox 524 832 923 905; baseline -0.01 0"><span class='ocrx_word' id='word_1_44' title='bbox 524 832 734 905; x_wconf 90' lang='lat' dir='ltr'><strong>testis</strong></span> <span class='ocrx_word' id='word_1_45' title='bbox 786 836 923 903; x_wconf 89' lang='lat' dir='ltr'><strong>est.</strong></span> 
     </span>
    </p>

    <p class='ocr_par' dir='ltr' id='par_1_3' title="bbox 518 939 3209 1705">
     <span class='ocr_line' id='line_1_7' title="bbox 670 939 3202 1037; baseline 0.002 -24"><span class='ocrx_word' id='word_1_46' title='bbox 670 939 955 1015; x_wconf 87' lang='lat' dir='ltr'><strong>Literae</strong></span> <span class='ocrx_word' id='word_1_47' title='bbox 1022 941 1465 1014; x_wconf 88' lang='lat' dir='ltr'><strong>dimissoriae</strong></span> <span class='ocrx_word' id='word_1_48' title='bbox 1529 942 1622 1014; x_wconf 89' lang='lat' dir='ltr'><strong>ab</strong></span> <span class='ocrx_word' id='word_1_49' title='bbox 1693 940 2048 1037; x_wconf 78' lang='lat' dir='ltr'><strong>Episcopo</strong></span> <span class='ocrx_word' id='word_1_50' title='bbox 2109 945 2404 1036; x_wconf 83' lang='lat' dir='ltr'><strong>originis</strong></span> <span class='ocrx_word' id='word_1_51' title='bbox 2467 950 2593 1017; x_wconf 91' lang='lat' dir='ltr'><strong>aut</strong></span> <span class='ocrx_word' id='word_1_52' title='bbox 2667 944 3005 1019; x_wconf 83' lang='lat' dir='ltr'><strong>domicilii</strong></span> <span class='ocrx_word' id='word_1_53' title='bbox 3075 961 3202 1035; x_wconf 88' lang='lat' dir='ltr'><strong>pro</strong></span> 
     </span>
     <span class='ocr_line' id='line_1_8' title="bbox 527 1050 3205 1147; baseline 0.001 -21"><span class='ocrx_word' id='word_1_54' title='bbox 527 1054 922 1127; x_wconf 90' lang='lat' dir='ltr'><strong>minoribus</strong></span> <span class='ocrx_word' id='word_1_55' title='bbox 957 1050 1348 1126; x_wconf 87' lang='lat' dir='ltr'><strong>Ordinibus</strong></span> <span class='ocrx_word' id='word_1_56' title='bbox 1397 1054 1878 1146; x_wconf 80' lang='lat' dir='ltr'><strong>suscipiendis</strong></span> <span class='ocrx_word' id='word_1_57' title='bbox 1913 1056 2166 1129; x_wconf 89' lang='lat' dir='ltr'><strong>clerico</strong></span> <span class='ocrx_word' id='word_1_58' title='bbox 2202 1074 2607 1145; x_wconf 80' lang='lat' dir='ltr'><strong>concessae,</strong></span> <span class='ocrx_word' id='word_1_59' title='bbox 2646 1056 3019 1147; x_wconf 78' lang='lat' dir='ltr'><strong>suflragari</strong></span> <span class='ocrx_word' id='word_1_60' title='bbox 3058 1074 3205 1128; x_wconf 89' lang='lat' dir='ltr'><strong>non</strong></span> 
     </span>
     <span class='ocr_line' id='line_1_9' title="bbox 521 1164 3203 1259; baseline 0.001 -22"><span class='ocrx_word' id='word_1_61' title='bbox 521 1173 822 1257; x_wconf 88' lang='lat' dir='ltr'><strong>possunt</strong></span> <span class='ocrx_word' id='word_1_62' title='bbox 875 1167 1024 1238; x_wconf 92' lang='lat' dir='ltr'><strong>loco</strong></span> <span class='ocrx_word' id='word_1_63' title='bbox 1078 1165 1672 1239; x_wconf 85' lang='lat' dir='ltr'><strong>testimonialium</strong></span> <span class='ocrx_word' id='word_1_64' title='bbox 1711 1186 1835 1257; x_wconf 90' lang='lat' dir='ltr'><strong>pro</strong></span> <span class='ocrx_word' id='word_1_65' title='bbox 1870 1167 2346 1259; x_wconf 88' lang='lat' dir='ltr'><strong>suscipiendis</strong></span> <span class='ocrx_word' id='word_1_66' title='bbox 2380 1164 2773 1239; x_wconf 87' lang='lat' dir='ltr'><strong>Ordinibus</strong></span> <span class='ocrx_word' id='word_1_67' title='bbox 2811 1166 3203 1239; x_wconf 88' lang='lat' dir='ltr'><strong>maioribus</strong></span> 
     </span>
     <span class='ocr_line' id='line_1_10' title="bbox 518 1274 3208 1368; baseline 0 -19"><span class='ocrx_word' id='word_1_68' title='bbox 518 1295 647 1349; x_wconf 88' lang='lat' dir='ltr'><strong>seu</strong></span> <span class='ocrx_word' id='word_1_69' title='bbox 699 1279 921 1350; x_wconf 89' lang='lat' dir='ltr'><strong>sacris</strong></span> <span class='ocrx_word' id='word_1_70' title='bbox 971 1276 1066 1349; x_wconf 90' lang='lat' dir='ltr'><strong>ab</strong></span> <span class='ocrx_word' id='word_1_71' title='bbox 1117 1275 1469 1368; x_wconf 89' lang='lat' dir='ltr'><strong>Episcopo</strong></span> <span class='ocrx_word' id='word_1_72' title='bbox 1508 1277 1872 1366; x_wconf 73' lang='lat' dir='ltr'><strong>beneficii,</strong></span> <span class='ocrx_word' id='word_1_73' title='bbox 1915 1278 2523 1368; x_wconf 84' lang='lat' dir='ltr'><strong>quemadmodum</strong></span> <span class='ocrx_word' id='word_1_74' title='bbox 2574 1277 3023 1350; x_wconf 86' lang='lat' dir='ltr'><strong>demonstrat</strong></span> <span class='ocrx_word' id='word_1_75' title='bbox 3059 1274 3208 1349; x_wconf 86' lang='lat' dir='ltr'><strong>Ho-</strong></span> 
     </span>
     <span class='ocr_line' id='line_1_11' title="bbox 521 1387 3207 1482; baseline 0 -22"><span class='ocrx_word' id='word_1_76' title='bbox 521 1395 865 1461; x_wconf 80' lang='lat' dir='ltr'><strong>notantes</strong></span> <span class='ocrx_word' id='word_1_77' title='bbox 916 1390 1048 1461; x_wconf 90' lang='lat' dir='ltr'><strong>loc.</strong></span> <span class='ocrx_word' id='word_1_78' title='bbox 1090 1390 1214 1464; x_wconf 83' lang='lat' dir='ltr'><strong>cit.</strong></span> <span class='ocrx_word' id='word_1_79' title='bbox 1253 1410 1412 1481; x_wconf 87' lang='lat' dir='ltr'><strong>cap.</strong></span> <span class='ocrx_word' id='word_1_80' title='bbox 1460 1390 1578 1463; x_wconf 74' lang='lat'><strong>45.</strong></span> <span class='ocrx_word' id='word_1_81' title='bbox 1621 1397 1794 1463; x_wconf 78' lang='lat' dir='ltr'><strong>nota</strong></span> <span class='ocrx_word' id='word_1_82' title='bbox 1843 1390 2133 1481; x_wconf 83' lang='lat' dir='ltr'><strong>septimo</strong></span> <span class='ocrx_word' id='word_1_83' title='bbox 2176 1409 2346 1482; x_wconf 77' lang='lat' dir='ltr'><strong>paq.</strong></span> <span class='ocrx_word' id='word_1_84' title='bbox 2399 1389 2566 1464; x_wconf 75' lang='lat'><strong>163.</strong></span> <span class='ocrx_word' id='word_1_85' title='bbox 2616 1395 2685 1463; x_wconf 86' lang='lat' dir='ltr'><strong>et</strong></span> <span class='ocrx_word' id='word_1_86' title='bbox 2738 1387 2946 1471; x_wconf 67' lang='lat'><strong>164„</strong></span> <span class='ocrx_word' id='word_1_87' title='bbox 2984 1388 3207 1461; x_wconf 85' lang='lat' dir='ltr'><strong>allata</strong></span> 
     </span>
     <span class='ocr_line' id='line_1_12' title="bbox 521 1498 3209 1574; baseline 0 -3"><span class='ocrx_word' id='word_1_88' title='bbox 521 1500 597 1571; x_wconf 91' lang='lat' dir='ltr'><strong>in</strong></span> <span class='ocrx_word' id='word_1_89' title='bbox 652 1519 802 1572; x_wconf 88' lang='lat' dir='ltr'><strong>rem</strong></span> <span class='ocrx_word' id='word_1_90' title='bbox 854 1498 927 1571; x_wconf 91' lang='lat' dir='ltr'><strong>S.</strong></span> <span class='ocrx_word' id='word_1_91' title='bbox 969 1499 1045 1573; x_wconf 91' lang='lat' dir='ltr'><strong>C.</strong></span> <span class='ocrx_word' id='word_1_92' title='bbox 1086 1498 1299 1574; x_wconf 90' lang='lat' dir='ltr'><strong>Conc.</strong></span> <span class='ocrx_word' id='word_1_93' title='bbox 1344 1502 1831 1574; x_wconf 86' lang='lat' dir='ltr'><strong>declaratione</strong></span> <span class='ocrx_word' id='word_1_94' title='bbox 1883 1503 1958 1572; x_wconf 92' lang='lat' dir='ltr'><strong>in</strong></span> <span class='ocrx_word' id='word_1_95' title='bbox 2013 1500 2362 1573; x_wconf 82' lang='lat' dir='ltr'><strong>Firmana</strong></span> <span class='ocrx_word' id='word_1_96' title='bbox 2413 1521 2531 1574; x_wconf 82' lang='lat' dir='ltr'><strong>seu</strong></span> <span class='ocrx_word' id='word_1_97' title='bbox 2600 1502 3016 1574; x_wconf 81' lang='lat' dir='ltr'><strong>Lauretana</strong></span> <span class='ocrx_word' id='word_1_98' title='bbox 3069 1500 3209 1572; x_wconf 84' lang='lat' dir='ltr'><strong>Or-</strong></span> 
     </span>
     <span class='ocr_line' id='line_1_13' title="bbox 521 1610 2462 1705; baseline -0.001 -21"><span class='ocrx_word' id='word_1_99' title='bbox 521 1611 677 1684; x_wconf 82' lang='lat' dir='ltr'><strong>din.</strong></span> <span class='ocrx_word' id='word_1_100' title='bbox 715 1613 831 1684; x_wconf 74' lang='lat'><strong>14.</strong></span> <span class='ocrx_word' id='word_1_101' title='bbox 878 1611 1046 1686; x_wconf 90' lang='lat' dir='ltr'><strong>Dec.</strong></span> <span class='ocrx_word' id='word_1_102' title='bbox 1095 1614 1309 1686; x_wconf 86' lang='lat'><strong>1706.</strong></span> <span class='ocrx_word' id='word_1_103' title='bbox 1351 1610 1514 1703; x_wconf 88' lang='lat' dir='ltr'><strong>(lib.</strong></span> <span class='ocrx_word' id='word_1_104' title='bbox 1560 1614 1680 1684; x_wconf 84' lang='lat'><strong>55.</strong></span> <span class='ocrx_word' id='word_1_105' title='bbox 1725 1613 1996 1685; x_wconf 89' lang='lat' dir='ltr'><strong>decret.</strong></span> <span class='ocrx_word' id='word_1_106' title='bbox 2039 1630 2205 1705; x_wconf 84' lang='lat' dir='ltr'><strong>pag.</strong></span> <span class='ocrx_word' id='word_1_107' title='bbox 2248 1611 2462 1705; x_wconf 81' lang='lat'><strong>395.)</strong></span> 
     </span>
    </p>

    <p class='ocr_par' dir='ltr' id='par_1_4' title="bbox 517 1718 3211 2597">
     <span class='ocr_line' id='line_1_14' title="bbox 667 1718 3209 1815; baseline 0 -21"><span class='ocrx_word' id='word_1_108' title='bbox 667 1718 774 1795; x_wconf 79' lang='lat' dir='ltr'><strong>Ex</strong></span> <span class='ocrx_word' id='word_1_109' title='bbox 827 1724 1080 1796; x_wconf 86' lang='lat' dir='ltr'><strong>iisdem</strong></span> <span class='ocrx_word' id='word_1_110' title='bbox 1137 1723 1538 1796; x_wconf 91' lang='lat' dir='ltr'><strong>rationibus</strong></span> <span class='ocrx_word' id='word_1_111' title='bbox 1592 1723 1815 1796; x_wconf 92' lang='lat' dir='ltr'><strong>multo</strong></span> <span class='ocrx_word' id='word_1_112' title='bbox 1868 1724 2105 1796; x_wconf 88' lang='lat' dir='ltr'><strong>minus</strong></span> <span class='ocrx_word' id='word_1_113' title='bbox 2169 1742 2298 1815; x_wconf 88' lang='lat' dir='ltr'><strong>pro</strong></span> <span class='ocrx_word' id='word_1_114' title='bbox 2337 1725 2527 1796; x_wconf 89' lang='lat' dir='ltr'><strong>licita</strong></span> <span class='ocrx_word' id='word_1_115' title='bbox 2577 1742 2942 1797; x_wconf 88' lang='lat' dir='ltr'><strong>sacrorum</strong></span> <span class='ocrx_word' id='word_1_116' title='bbox 2995 1720 3209 1795; x_wconf 88' lang='lat' dir='ltr'><strong>Ordi-</strong></span> 
     </span>
     <span class='ocr_line' id='line_1_15' title="bbox 517 1833 3208 1927; baseline -0 -19"><span class='ocrx_word' id='word_1_117' title='bbox 517 1854 692 1908; x_wconf 89' lang='lat' dir='ltr'><strong>num</strong></span> <span class='ocrx_word' id='word_1_118' title='bbox 745 1836 1124 1908; x_wconf 89' lang='lat' dir='ltr'><strong>collatione</strong></span> <span class='ocrx_word' id='word_1_119' title='bbox 1175 1835 1533 1926; x_wconf 83' lang='lat' dir='ltr'><strong>explenda</strong></span> <span class='ocrx_word' id='word_1_120' title='bbox 1586 1836 1678 1907; x_wconf 91' lang='lat' dir='ltr'><strong>ab</strong></span> <span class='ocrx_word' id='word_1_121' title='bbox 1732 1833 2084 1926; x_wconf 89' lang='lat' dir='ltr'><strong>Episcopo</strong></span> <span class='ocrx_word' id='word_1_122' title='bbox 2134 1834 2468 1908; x_wconf 79' lang='lat' dir='ltr'><strong>beneficii</strong></span> <span class='ocrx_word' id='word_1_123' title='bbox 2518 1834 2843 1908; x_wconf 88' lang='lat' dir='ltr'><strong>sufficere</strong></span> <span class='ocrx_word' id='word_1_124' title='bbox 2898 1841 3208 1927; x_wconf 90' lang='lat' dir='ltr'><strong>possunt</strong></span> 
     </span>
     <span class='ocr_line' id='line_1_16' title="bbox 521 1945 3210 2039; baseline 0 -22"><span class='ocrx_word' id='word_1_125' title='bbox 521 1947 771 2020; x_wconf 91' lang='lat' dir='ltr'><strong>literae</strong></span> <span class='ocrx_word' id='word_1_126' title='bbox 823 1954 1181 2038; x_wconf 80' lang='lat' dir='ltr'><strong>patenteS,</strong></span> <span class='ocrx_word' id='word_1_127' title='bbox 1240 1964 1423 2036; x_wconf 88' lang='lat' dir='ltr'><strong>quas</strong></span> <span class='ocrx_word' id='word_1_128' title='bbox 1473 1946 1562 2018; x_wconf 91' lang='lat' dir='ltr'><strong>de</strong></span> <span class='ocrx_word' id='word_1_129' title='bbox 1615 1948 1846 2038; x_wconf 88' lang='lat' dir='ltr'><strong>prima</strong></span> <span class='ocrx_word' id='word_1_130' title='bbox 1904 1954 2193 2020; x_wconf 86' lang='lat' dir='ltr'><strong>tonsura</strong></span> <span class='ocrx_word' id='word_1_131' title='bbox 2247 1945 2383 2019; x_wconf 90' lang='lat' dir='ltr'><strong>sibi</strong></span> <span class='ocrx_word' id='word_1_132' title='bbox 2438 1947 2698 2019; x_wconf 89' lang='lat' dir='ltr'><strong>collata</strong></span> <span class='ocrx_word' id='word_1_133' title='bbox 2751 1948 2913 2037; x_wconf 89' lang='lat' dir='ltr'><strong>quis</strong></span> <span class='ocrx_word' id='word_1_134' title='bbox 2962 1964 3210 2039; x_wconf 89' lang='lat' dir='ltr'><strong>repor-</strong></span> 
     </span>
     <span class='ocr_line' id='line_1_17' title="bbox 525 2055 3211 2151; baseline 0 -21"><span class='ocrx_word' id='word_1_135' title='bbox 525 2061 707 2132; x_wconf 86' lang='lat' dir='ltr'><strong>tavit</strong></span> <span class='ocrx_word' id='word_1_136' title='bbox 759 2058 852 2130; x_wconf 89' lang='lat' dir='ltr'><strong>ab</strong></span> <span class='ocrx_word' id='word_1_137' title='bbox 907 2055 1256 2149; x_wconf 88' lang='lat' dir='ltr'><strong>Episcopo</strong></span> <span class='ocrx_word' id='word_1_138' title='bbox 1306 2058 1628 2150; x_wconf 79' lang='lat' dir='ltr'><strong>originiS,</strong></span> <span class='ocrx_word' id='word_1_139' title='bbox 1697 2060 1862 2132; x_wconf 90' lang='lat' dir='ltr'><strong>licet</strong></span> <span class='ocrx_word' id='word_1_140' title='bbox 1916 2067 2077 2151; x_wconf 93' lang='lat' dir='ltr'><strong>post</strong></span> <span class='ocrx_word' id='word_1_141' title='bbox 2128 2078 2250 2133; x_wconf 89' lang='lat' dir='ltr'><strong>eas</strong></span> <span class='ocrx_word' id='word_1_142' title='bbox 2299 2059 2637 2133; x_wconf 89' lang='lat' dir='ltr'><strong>obtentas</strong></span> <span class='ocrx_word' id='word_1_143' title='bbox 2685 2060 2929 2132; x_wconf 88' lang='lat' dir='ltr'><strong>statim</strong></span> <span class='ocrx_word' id='word_1_144' title='bbox 2981 2079 3022 2129; x_wconf 89' lang='lat' dir='ltr'><strong>a</strong></span> <span class='ocrx_word' id='word_1_145' title='bbox 3080 2078 3211 2151; x_wconf 90' lang='lat' dir='ltr'><strong>pa-</strong></span> 
     </span>
     <span class='ocr_line' id='line_1_18' title="bbox 520 2169 3205 2262; baseline 0 -20"><span class='ocrx_word' id='word_1_146' title='bbox 520 2172 658 2243; x_wconf 88' lang='lat' dir='ltr'><strong>tria</strong></span> <span class='ocrx_word' id='word_1_147' title='bbox 708 2172 1109 2257; x_wconf 89' lang='lat' dir='ltr'><strong>recesserit,</strong></span> <span class='ocrx_word' id='word_1_148' title='bbox 1168 2169 1613 2260; x_wconf 86' lang='lat' dir='ltr'><strong>proindeque</strong></span> <span class='ocrx_word' id='word_1_149' title='bbox 1665 2170 2081 2245; x_wconf 87' lang='lat' dir='ltr'><strong>ordinatum</strong></span> <span class='ocrx_word' id='word_1_150' title='bbox 2135 2172 2368 2262; x_wconf 78' lang='lat' dir='ltr'><strong>vigore</strong></span> <span class='ocrx_word' id='word_1_151' title='bbox 2405 2171 2755 2244; x_wconf 89' lang='lat' dir='ltr'><strong>dictarum</strong></span> <span class='ocrx_word' id='word_1_152' title='bbox 2794 2173 3205 2262; x_wconf 89' lang='lat' dir='ltr'><strong>patentium</strong></span> 
     </span>
     <span class='ocr_line' id='line_1_19' title="bbox 521 2277 3206 2374; baseline 0.002 -23"><span class='ocrx_word' id='word_1_153' title='bbox 521 2282 905 2354; x_wconf 90' lang='lat' dir='ltr'><strong>incurrisse</strong></span> <span class='ocrx_word' id='word_1_154' title='bbox 959 2283 1033 2353; x_wconf 90' lang='lat' dir='ltr'><strong>in</strong></span> <span class='ocrx_word' id='word_1_155' title='bbox 1092 2300 1359 2373; x_wconf 90' lang='lat' dir='ltr'><strong>poenas</strong></span> <span class='ocrx_word' id='word_1_156' title='bbox 1411 2302 1452 2352; x_wconf 89' lang='lat' dir='ltr'><strong>a</strong></span> <span class='ocrx_word' id='word_1_157' title='bbox 1502 2277 1803 2356; x_wconf 88' lang='lat' dir='ltr'><strong>Constit.</strong></span> <span class='ocrx_word' id='word_1_158' title='bbox 1852 2284 2327 2374; x_wconf 81' lang='lat' dir='ltr'><strong>Speculatores</strong></span> <span class='ocrx_word' id='word_1_159' title='bbox 2383 2284 2887 2374; x_wconf 80' lang='lat' dir='ltr'><strong>praescriptaS,</strong></span> <span class='ocrx_word' id='word_1_160' title='bbox 2946 2286 3206 2357; x_wconf 90' lang='lat' dir='ltr'><strong>merito</strong></span> 
     </span>
     <span class='ocr_line' id='line_1_20' title="bbox 521 2390 3202 2483; baseline 0.001 -18"><span class='ocrx_word' id='word_1_161' title='bbox 521 2393 891 2483; x_wconf 86' lang='lat' dir='ltr'><strong>respondit</strong></span> <span class='ocrx_word' id='word_1_162' title='bbox 928 2390 999 2465; x_wconf 90' lang='lat' dir='ltr'><strong>S.</strong></span> <span class='ocrx_word' id='word_1_163' title='bbox 1041 2390 1118 2465; x_wconf 89' lang='lat' dir='ltr'><strong>C.</strong></span> <span class='ocrx_word' id='word_1_164' title='bbox 1159 2390 1425 2465; x_wconf 87' lang='lat' dir='ltr'><strong>Concil.</strong></span> <span class='ocrx_word' id='word_1_165' title='bbox 1466 2394 1538 2465; x_wconf 89' lang='lat' dir='ltr'><strong>in</strong></span> <span class='ocrx_word' id='word_1_166' title='bbox 1585 2395 1902 2467; x_wconf 82' lang='lat' dir='ltr'><strong>Toletan.</strong></span> <span class='ocrx_word' id='word_1_167' title='bbox 1948 2394 2204 2468; x_wconf 82' lang='lat' dir='ltr'><strong>ordi-n.</strong></span> <span class='ocrx_word' id='word_1_168' title='bbox 2244 2391 2501 2468; x_wconf 78' lang='lat' dir='ltr'><strong>2.0ct.</strong></span> <span class='ocrx_word' id='word_1_169' title='bbox 2533 2395 2747 2467; x_wconf 88' lang='grc'><strong>1717.</strong></span> <span class='ocrx_word' id='word_1_170' title='bbox 2781 2395 2876 2468; x_wconf 89' lang='lat' dir='ltr'><strong>ad</strong></span> <span class='ocrx_word' id='word_1_171' title='bbox 2914 2396 2984 2466; x_wconf 89' lang='lat'><strong>1.</strong></span> <span class='ocrx_word' id='word_1_172' title='bbox 3017 2402 3091 2468; x_wconf 91' lang='lat' dir='ltr'><strong>et</strong></span> <span class='ocrx_word' id='word_1_173' title='bbox 3124 2396 3202 2467; x_wconf 81' lang='lat'><strong>2.</strong></span> 
     </span>
     <span class='ocr_line' id='line_1_21' title="bbox 522 2503 1849 2597; baseline 0.002 -21"><span class='ocrx_word' id='word_1_174' title='bbox 522 2506 716 2597; x_wconf 89' lang='lat' dir='ltr'><strong>apud</strong></span> <span class='ocrx_word' id='word_1_175' title='bbox 767 2507 1095 2578; x_wconf 87' lang='lat' dir='ltr'><strong>eumdem</strong></span> <span class='ocrx_word' id='word_1_176' title='bbox 1147 2503 1635 2578; x_wconf 87' lang='lat' dir='ltr'><strong>Honorantem</strong></span> <span class='ocrx_word' id='word_1_177' title='bbox 1690 2508 1742 2578; x_wconf 85' lang='lat' dir='ltr'><strong>l.</strong></span> <span class='ocrx_word' id='word_1_178' title='bbox 1785 2527 1849 2580; x_wconf 90' lang='lat' dir='ltr'><strong>c.</strong></span> 
     </span>
    </p>

    <p class='ocr_par' dir='ltr' id='par_1_5' title="bbox 512 2614 3211 3048">
     <span class='ocr_line' id='line_1_22' title="bbox 669 2614 3207 2708; baseline 0 -19"><span class='ocrx_word' id='word_1_179' title='bbox 669 2614 756 2690; x_wconf 91' lang='lat' dir='ltr'><strong>ln</strong></span> <span class='ocrx_word' id='word_1_180' title='bbox 810 2617 1035 2691; x_wconf 89' lang='lat' dir='ltr'><strong>literis</strong></span> <span class='ocrx_word' id='word_1_181' title='bbox 1091 2619 1690 2692; x_wconf 86' lang='lat' dir='ltr'><strong>testimonialibus</strong></span> <span class='ocrx_word' id='word_1_182' title='bbox 1742 2626 1815 2692; x_wconf 91' lang='lat' dir='ltr'><strong>et</strong></span> <span class='ocrx_word' id='word_1_183' title='bbox 1866 2617 2465 2692; x_wconf 88' lang='lat' dir='ltr'><strong>dimissorialibus</strong></span> <span class='ocrx_word' id='word_1_184' title='bbox 2498 2616 2717 2691; x_wconf 89' lang='lat' dir='ltr'><strong>debet</strong></span> <span class='ocrx_word' id='word_1_185' title='bbox 2766 2619 3071 2708; x_wconf 84' lang='lat' dir='ltr'><strong>exprimi</strong></span> <span class='ocrx_word' id='word_1_186' title='bbox 3126 2619 3207 2691; x_wconf 91' lang='lat' dir='ltr'><strong>in</strong></span> 
     </span>
     <span class='ocr_line' id='line_1_23' title="bbox 520 2727 3211 2824; baseline 0 -22"><span class='ocrx_word' id='word_1_187' title='bbox 520 2729 730 2802; x_wconf 91' lang='lat' dir='ltr'><strong>titulo</strong></span> <span class='ocrx_word' id='word_1_188' title='bbox 765 2730 1216 2802; x_wconf 80' lang='lat' dir='ltr'><strong>miseratione</strong></span> <span class='ocrx_word' id='word_1_189' title='bbox 1251 2730 1535 2812; x_wconf 82' lang='lat' dir='ltr'><strong>divina,</strong></span> <span class='ocrx_word' id='word_1_190' title='bbox 1570 2736 1635 2804; x_wconf 85' lang='lat' dir='ltr'><strong>et</strong></span> <span class='ocrx_word' id='word_1_191' title='bbox 1674 2734 1981 2806; x_wconf 84' lang='lat' dir='ltr'><strong>Sanctae</strong></span> <span class='ocrx_word' id='word_1_192' title='bbox 2014 2732 2206 2804; x_wconf 83' lang='lat' dir='ltr'><strong>Sedis</strong></span> <span class='ocrx_word' id='word_1_193' title='bbox 2242 2731 2484 2824; x_wconf 77' lang='lat' dir='ltr'><strong>qratia</strong></span> <span class='ocrx_word' id='word_1_194' title='bbox 2513 2731 2891 2822; x_wconf 81' lang='lat' dir='ltr'><strong>Episcopus</strong></span> <span class='ocrx_word' id='word_1_195' title='bbox 2928 2727 3050 2819; x_wconf 67' lang='lat' dir='ltr'><strong>N„</strong></span> <span class='ocrx_word' id='word_1_196' title='bbox 3085 2750 3211 2804; x_wconf 82' lang='lat' dir='ltr'><strong>ve-</strong></span> 
     </span>
     <span class='ocr_line' id='line_1_24' title="bbox 522 2840 3204 2933; baseline 0 -20"><span class='ocrx_word' id='word_1_197' title='bbox 522 2842 654 2914; x_wconf 92' lang='lat' dir='ltr'><strong>luti</strong></span> <span class='ocrx_word' id='word_1_198' title='bbox 693 2841 912 2914; x_wconf 88' lang='lat' dir='ltr'><strong>allata</strong></span> <span class='ocrx_word' id='word_1_199' title='bbox 942 2843 1368 2915; x_wconf 89' lang='lat' dir='ltr'><strong>auctoritate</strong></span> <span class='ocrx_word' id='word_1_200' title='bbox 1403 2840 1694 2916; x_wconf 87' lang='lat' dir='ltr'><strong>Rebuffi</strong></span> <span class='ocrx_word' id='word_1_201' title='bbox 1731 2843 2241 2916; x_wconf 81' lang='lat' dir='ltr'><strong>animadvertit</strong></span> <span class='ocrx_word' id='word_1_202' title='bbox 2273 2841 2727 2916; x_wconf 78' lang='lat' dir='ltr'><strong>Honor-antes</strong></span> <span class='ocrx_word' id='word_1_203' title='bbox 2763 2844 2816 2914; x_wconf 79' lang='lat' dir='ltr'><strong>t.</strong></span> <span class='ocrx_word' id='word_1_204' title='bbox 2842 2862 2906 2915; x_wconf 90' lang='lat' dir='ltr'><strong>c.</strong></span> <span class='ocrx_word' id='word_1_205' title='bbox 2937 2861 3099 2933; x_wconf 91' lang='lat' dir='ltr'><strong>cap.</strong></span> <span class='ocrx_word' id='word_1_206' title='bbox 3125 2841 3204 2916; x_wconf 85' lang='lat'><strong>6.</strong></span> 
     </span>
     <span class='ocr_line' id='line_1_25' title="bbox 512 2954 854 3048; baseline 0 -21"><span class='ocrx_word' id='word_1_207' title='bbox 512 2976 685 3048; x_wconf 78' lang='lat' dir='ltr'><strong>paq.</strong></span> <span class='ocrx_word' id='word_1_208' title='bbox 731 2954 854 3028; x_wconf 88' lang='grc'><strong>77.</strong></span> 
     </span>
    </p>

    <p class='ocr_par' dir='ltr' id='par_1_6' title="bbox 520 3064 3214 3363">
     <span class='ocr_line' id='line_1_26' title="bbox 667 3064 3214 3151; baseline -0.002 -11"><span class='ocrx_word' id='word_1_209' title='bbox 667 3064 864 3150; x_wconf 87' lang='lat' dir='ltr'><strong>Quae</strong></span> <span class='ocrx_word' id='word_1_210' title='bbox 914 3068 1285 3140; x_wconf 88' lang='lat' dir='ltr'><strong>cautiones</strong></span> <span class='ocrx_word' id='word_1_211' title='bbox 1354 3066 1813 3150; x_wconf 85' lang='lat' dir='ltr'><strong>adhibendae</strong></span> <span class='ocrx_word' id='word_1_212' title='bbox 1875 3067 2047 3151; x_wconf 88' lang='lat' dir='ltr'><strong>sint,</strong></span> <span class='ocrx_word' id='word_1_213' title='bbox 2104 3073 2186 3139; x_wconf 92' lang='lat' dir='ltr'><strong>ut</strong></span> <span class='ocrx_word' id='word_1_214' title='bbox 2246 3068 2611 3140; x_wconf 86' lang='lat' dir='ltr'><strong>evitentur</strong></span> <span class='ocrx_word' id='word_1_215' title='bbox 2663 3064 2952 3137; x_wconf 75' lang='lat' dir='ltr'><strong>fraudes</strong></span> <span class='ocrx_word' id='word_1_216' title='bbox 3021 3081 3214 3135; x_wconf 89' lang='lat' dir='ltr'><strong>non-</strong></span> 
     </span>
     <span class='ocr_line' id='line_1_27' title="bbox 520 3176 3213 3269; baseline -0.001 -19"><span class='ocrx_word' id='word_1_217' title='bbox 520 3179 885 3251; x_wconf 89' lang='lat' dir='ltr'><strong>nullorum</strong></span> <span class='ocrx_word' id='word_1_218' title='bbox 921 3198 1084 3252; x_wconf 90' lang='lat' dir='ltr'><strong>cum</strong></span> <span class='ocrx_word' id='word_1_219' title='bbox 1122 3180 1320 3252; x_wconf 78' lang='lat' dir='ltr'><strong>falsis</strong></span> <span class='ocrx_word' id='word_1_220' title='bbox 1357 3179 1802 3267; x_wconf 88' lang='lat' dir='ltr'><strong>dimissoriis,</strong></span> <span class='ocrx_word' id='word_1_221' title='bbox 1835 3180 2026 3251; x_wconf 88' lang='lat' dir='ltr'><strong>idem</strong></span> <span class='ocrx_word' id='word_1_222' title='bbox 2062 3176 2515 3252; x_wconf 90' lang='lat' dir='ltr'><strong>Honorantes</strong></span> <span class='ocrx_word' id='word_1_223' title='bbox 2549 3177 2883 3269; x_wconf 82' lang='lat' dir='ltr'><strong>indigitat</strong></span> <span class='ocrx_word' id='word_1_224' title='bbox 2917 3182 2992 3249; x_wconf 89' lang='lat' dir='ltr'><strong>et</strong></span> <span class='ocrx_word' id='word_1_225' title='bbox 3023 3194 3213 3249; x_wconf 91' lang='lat' dir='ltr'><strong>enu-</strong></span> 
     </span>
     <span class='ocr_line' id='line_1_28' title="bbox 520 3291 1675 3363; baseline -0.002 0"><span class='ocrx_word' id='word_1_226' title='bbox 520 3291 806 3363; x_wconf 88' lang='lat' dir='ltr'><strong>cleatim</strong></span> <span class='ocrx_word' id='word_1_227' title='bbox 861 3298 1191 3363; x_wconf 87' lang='lat' dir='ltr'><strong>recenset</strong></span> <span class='ocrx_word' id='word_1_228' title='bbox 1242 3292 1393 3363; x_wconf 92' lang='lat' dir='ltr'><strong>loco</strong></span> <span class='ocrx_word' id='word_1_229' title='bbox 1431 3293 1675 3363; x_wconf 79' lang='lat' dir='ltr'><strong>citato,</strong></span> 
     </span>
    </p>

    <p class='ocr_par' dir='ltr' id='par_1_7' title="bbox 515 3397 3210 4258">
     <span class='ocr_line' id='line_1_29' title="bbox 667 3397 3210 3493; baseline -0.001 -19"><span class='ocrx_word' id='word_1_230' title='bbox 667 3404 791 3474; x_wconf 82' lang='lat'><strong>68.</strong></span> <span class='ocrx_word' id='word_1_231' title='bbox 850 3400 955 3473; x_wconf 76' lang='lat' dir='ltr'><strong>Ad</strong></span> <span class='ocrx_word' id='word_1_232' title='bbox 1007 3403 1446 3475; x_wconf 87' lang='lat' dir='ltr'><strong>dimissorias</strong></span> <span class='ocrx_word' id='word_1_233' title='bbox 1497 3421 1660 3476; x_wconf 80' lang='lat' dir='ltr'><strong>vero</strong></span> <span class='ocrx_word' id='word_1_234' title='bbox 1713 3402 1961 3475; x_wconf 85' lang='lat' dir='ltr'><strong>literas</strong></span> <span class='ocrx_word' id='word_1_235' title='bbox 2012 3403 2203 3493; x_wconf 89' lang='lat' dir='ltr'><strong>quod</strong></span> <span class='ocrx_word' id='word_1_236' title='bbox 2240 3404 2500 3475; x_wconf 86' lang='lat' dir='ltr'><strong>attinet</strong></span> <span class='ocrx_word' id='word_1_237' title='bbox 2542 3424 2580 3469; x_wconf 67' lang='grc' dir='ltr'><strong><em>ι</em></strong></span> <span class='ocrx_word' id='word_1_238' title='bbox 2611 3400 2933 3475; x_wconf 78' lang='lat' dir='ltr'><strong>vicarius</strong></span> <span class='ocrx_word' id='word_1_239' title='bbox 2970 3397 3210 3472; x_wconf 90' lang='lat' dir='ltr'><strong>Gene-</strong></span> 
     </span>
     <span class='ocr_line' id='line_1_30' title="bbox 523 3510 3197 3608; baseline 0 -25"><span class='ocrx_word' id='word_1_240' title='bbox 523 3538 561 3583; x_wconf 80' lang='lat'>›</span> <span class='ocrx_word' id='word_1_241' title='bbox 600 3514 777 3585; x_wconf 90' lang='lat' dir='ltr'><strong>ralis</strong></span> <span class='ocrx_word' id='word_1_242' title='bbox 823 3510 1153 3606; x_wconf 89' lang='lat' dir='ltr'><strong>Episcopi</strong></span> <span class='ocrx_word' id='word_1_243' title='bbox 1209 3510 1482 3607; x_wconf 85' lang='lat' dir='ltr'><strong>(inquit</strong></span> <span class='ocrx_word' id='word_1_244' title='bbox 1533 3513 1850 3587; x_wconf 87' lang='lat' dir='ltr'><strong>Barbosa</strong></span> <span class='ocrx_word' id='word_1_245' title='bbox 1905 3516 1993 3588; x_wconf 93' lang='lat' dir='ltr'><strong>de</strong></span> <span class='ocrx_word' id='word_1_246' title='bbox 2053 3515 2185 3608; x_wconf 78' lang='lat' dir='ltr'><strong>Off.</strong></span> <span class='ocrx_word' id='word_1_247' title='bbox 2225 3521 2292 3587; x_wconf 84' lang='lat' dir='ltr'><strong>et</strong></span> <span class='ocrx_word' id='word_1_248' title='bbox 2347 3516 2502 3589; x_wconf 86' lang='lat' dir='ltr'><strong>Pot.</strong></span> <span class='ocrx_word' id='word_1_249' title='bbox 2560 3514 2799 3605; x_wconf 81' lang='lat' dir='ltr'><strong>Episc.</strong></span> <span class='ocrx_word' id='word_1_250' title='bbox 2850 3519 3052 3604; x_wconf 85' lang='lat' dir='ltr'><strong>part.</strong></span> <span class='ocrx_word' id='word_1_251' title='bbox 3094 3514 3197 3586; x_wconf 90' lang='grc' dir='ltr'><strong>ΙΙ.</strong></span> 
     </span>
     <span class='ocr_line' id='line_1_31' title="bbox 522 3620 3209 3722; baseline 0.001 -28"><span class='ocrx_word' id='word_1_252' title='bbox 522 3650 560 3694; x_wconf 82' lang='lat'>›</span> <span class='ocrx_word' id='word_1_253' title='bbox 602 3626 823 3718; x_wconf 78' lang='lat' dir='ltr'><strong>Alleq.</strong></span> <span class='ocrx_word' id='word_1_254' title='bbox 861 3624 930 3697; x_wconf 88' lang='grc'><strong>7.</strong></span> <span class='ocrx_word' id='word_1_255' title='bbox 974 3644 1049 3697; x_wconf 81' lang='lat' dir='ltr'><strong>n.</strong></span> <span class='ocrx_word' id='word_1_256' title='bbox 1086 3620 1203 3722; x_wconf 88' lang='lat'><strong>9.)</strong></span> <span class='ocrx_word' id='word_1_257' title='bbox 1256 3626 1661 3698; x_wconf 83' lang='lat' dir='ltr'><strong>huiusmodi</strong></span> <span class='ocrx_word' id='word_1_258' title='bbox 1704 3627 2146 3698; x_wconf 87' lang='lat' dir='ltr'><strong>dimissorias</strong></span> <span class='ocrx_word' id='word_1_259' title='bbox 2185 3627 2428 3697; x_wconf 77' lang='lat' dir='ltr'><strong>literas</strong></span> <span class='ocrx_word' id='word_1_260' title='bbox 2463 3625 2854 3698; x_wconf 87' lang='lat' dir='ltr'><strong>concedere</strong></span> <span class='ocrx_word' id='word_1_261' title='bbox 2892 3643 3035 3695; x_wconf 90' lang='lat' dir='ltr'><strong>non</strong></span> <span class='ocrx_word' id='word_1_262' title='bbox 3072 3643 3209 3717; x_wconf 88' lang='lat' dir='ltr'><strong>po-</strong></span> 
     </span>
     <span class='ocr_line' id='line_1_32' title="bbox 519 3735 3209 3827; baseline -0 -18"><span class='ocrx_word' id='word_1_263' title='bbox 519 3762 560 3809; x_wconf 75' lang='lat'><strong>»</strong></span> <span class='ocrx_word' id='word_1_264' title='bbox 600 3744 767 3824; x_wconf 83' lang='lat' dir='ltr'><strong>test,</strong></span> <span class='ocrx_word' id='word_1_265' title='bbox 809 3757 967 3809; x_wconf 90' lang='lat' dir='ltr'><strong>cum</strong></span> <span class='ocrx_word' id='word_1_266' title='bbox 1006 3738 1100 3808; x_wconf 91' lang='lat' dir='ltr'><strong>ad</strong></span> <span class='ocrx_word' id='word_1_267' title='bbox 1138 3738 1209 3809; x_wconf 90' lang='lat' dir='ltr'><strong>id</strong></span> <span class='ocrx_word' id='word_1_268' title='bbox 1245 3735 1648 3810; x_wconf 88' lang='lat' dir='ltr'><strong>Vicariatus</strong></span> <span class='ocrx_word' id='word_1_269' title='bbox 1699 3737 2011 3810; x_wconf 85' lang='lat' dir='ltr'><strong>officium</strong></span> <span class='ocrx_word' id='word_1_270' title='bbox 2054 3756 2195 3808; x_wconf 90' lang='lat' dir='ltr'><strong>non</strong></span> <span class='ocrx_word' id='word_1_271' title='bbox 2234 3739 2694 3823; x_wconf 86' lang='lat' dir='ltr'><strong>extendatur,</strong></span> <span class='ocrx_word' id='word_1_272' title='bbox 2737 3737 2875 3807; x_wconf 89' lang='lat' dir='ltr'><strong>nisi</strong></span> <span class='ocrx_word' id='word_1_273' title='bbox 2909 3737 3000 3808; x_wconf 93' lang='lat' dir='ltr'><strong>de</strong></span> <span class='ocrx_word' id='word_1_274' title='bbox 3035 3755 3209 3827; x_wconf 88' lang='lat' dir='ltr'><strong>spe-</strong></span> 
     </span>
     <span class='ocr_line' id='line_1_33' title="bbox 522 3845 3203 3942; baseline -0 -22"><span class='ocrx_word' id='word_1_275' title='bbox 522 3874 562 3920; x_wconf 77' lang='lat'><strong>»</strong></span> <span class='ocrx_word' id='word_1_276' title='bbox 601 3850 764 3922; x_wconf 89' lang='lat' dir='ltr'><strong>ciali</strong></span> <span class='ocrx_word' id='word_1_277' title='bbox 819 3850 1159 3921; x_wconf 90' lang='lat' dir='ltr'><strong>mandato</strong></span> <span class='ocrx_word' id='word_1_278' title='bbox 1211 3846 1576 3942; x_wconf 89' lang='lat' dir='ltr'><strong>Episcopi,</strong></span> <span class='ocrx_word' id='word_1_279' title='bbox 1636 3849 1745 3921; x_wconf 86' lang='lat' dir='ltr'><strong>vel</strong></span> <span class='ocrx_word' id='word_1_280' title='bbox 1798 3867 1882 3922; x_wconf 88' lang='lat' dir='ltr'><strong>eo</strong></span> <span class='ocrx_word' id='word_1_281' title='bbox 1936 3847 2278 3936; x_wconf 87' lang='lat' dir='ltr'><strong>absente,</strong></span> <span class='ocrx_word' id='word_1_282' title='bbox 2335 3848 2449 3921; x_wconf 79' lang='lat' dir='ltr'><strong>vel</strong></span> <span class='ocrx_word' id='word_1_283' title='bbox 2501 3849 2655 3939; x_wconf 87' lang='lat' dir='ltr'><strong>ipso</strong></span> <span class='ocrx_word' id='word_1_284' title='bbox 2708 3845 3061 3939; x_wconf 89' lang='lat' dir='ltr'><strong>Episcopo</strong></span> <span class='ocrx_word' id='word_1_285' title='bbox 3123 3849 3203 3920; x_wconf 89' lang='lat' dir='ltr'><strong>in</strong></span> 
     </span>
     <span class='ocr_line' id='line_1_34' title="bbox 522 3958 3201 4052; baseline 0 -22"><span class='ocrx_word' id='word_1_286' title='bbox 522 3984 562 4030; x_wconf 63' lang='grc' dir='ltr'><strong>ι</strong></span> <span class='ocrx_word' id='word_1_287' title='bbox 602 3962 890 4033; x_wconf 89' lang='lat' dir='ltr'><strong>remotis</strong></span> <span class='ocrx_word' id='word_1_288' title='bbox 942 3967 1227 4052; x_wconf 85' lang='lat' dir='ltr'><strong>agente.</strong></span> <span class='ocrx_word' id='word_1_289' title='bbox 1262 3986 1300 4030; x_wconf 88' lang='lat'>›</span> <span class='ocrx_word' id='word_1_290' title='bbox 1369 3963 1587 4033; x_wconf 89' lang='lat' dir='ltr'><strong>Suam</strong></span> <span class='ocrx_word' id='word_1_291' title='bbox 1642 3979 1808 4032; x_wconf 86' lang='lat' dir='ltr'><strong>vero</strong></span> <span class='ocrx_word' id='word_1_292' title='bbox 1858 3960 2291 4033; x_wconf 88' lang='lat' dir='ltr'><strong>sententiam</strong></span> <span class='ocrx_word' id='word_1_293' title='bbox 2345 3968 2596 4033; x_wconf 89' lang='lat' dir='ltr'><strong>auctor</strong></span> <span class='ocrx_word' id='word_1_294' title='bbox 2646 3960 2766 4031; x_wconf 93' lang='lat' dir='ltr'><strong>ille</strong></span> <span class='ocrx_word' id='word_1_295' title='bbox 2819 3958 3201 4031; x_wconf 84' lang='lat' dir='ltr'><strong>confirmat</strong></span> 
     </span>
     <span class='ocr_line' id='line_1_35' title="bbox 519 4068 3193 4163; baseline -0 -20"><span class='ocrx_word' id='word_1_296' title='bbox 519 4074 944 4145; x_wconf 88' lang='lat' dir='ltr'><strong>auctoritate</strong></span> <span class='ocrx_word' id='word_1_297' title='bbox 996 4072 1466 4163; x_wconf 91' lang='lat' dir='ltr'><strong>complurium</strong></span> <span class='ocrx_word' id='word_1_298' title='bbox 1520 4073 1918 4161; x_wconf 88' lang='lat' dir='ltr'><strong>doctorum,</strong></span> <span class='ocrx_word' id='word_1_299' title='bbox 1976 4088 2281 4161; x_wconf 88' lang='lat' dir='ltr'><strong>quorum</strong></span> <span class='ocrx_word' id='word_1_300' title='bbox 2332 4071 2584 4143; x_wconf 87' lang='lat' dir='ltr'><strong>seriem</strong></span> <span class='ocrx_word' id='word_1_301' title='bbox 2638 4071 2931 4162; x_wconf 85' lang='lat' dir='ltr'><strong>allegat.</strong></span> <span class='ocrx_word' id='word_1_302' title='bbox 2994 4068 3193 4142; x_wconf 82' lang='lat' dir='ltr'><strong>Adde</strong></span> 
     </span>
     <span class='ocr_line' id='line_1_36' title="bbox 515 4181 1361 4258; baseline -0.002 -2"><span class='ocrx_word' id='word_1_303' title='bbox 515 4181 1005 4258; x_wconf 88' lang='lat' dir='ltr'><strong>Honorantem</strong></span> <span class='ocrx_word' id='word_1_304' title='bbox 1062 4185 1194 4257; x_wconf 89' lang='lat' dir='ltr'><strong>loc.</strong></span> <span class='ocrx_word' id='word_1_305' title='bbox 1236 4185 1361 4257; x_wconf 82' lang='lat' dir='ltr'><strong>cit.</strong></span> 
     </span>
    </p>

    <p class='ocr_par' dir='ltr' id='par_1_8' title="bbox 518 4288 3207 4724">
     <span class='ocr_line' id='line_1_37' title="bbox 666 4288 3206 4387; baseline -0.002 -20"><span class='ocrx_word' id='word_1_306' title='bbox 666 4297 788 4369; x_wconf 83' lang='lat'><strong>69.</strong></span> <span class='ocrx_word' id='word_1_307' title='bbox 851 4296 954 4368; x_wconf 76' lang='lat' dir='ltr'><strong>Au</strong></span> <span class='ocrx_word' id='word_1_308' title='bbox 1005 4297 1302 4369; x_wconf 90' lang='lat' dir='ltr'><strong>dubium</strong></span> <span class='ocrx_word' id='word_1_309' title='bbox 1347 4298 1443 4370; x_wconf 88' lang='lat' dir='ltr'><strong>ita</strong></span> <span class='ocrx_word' id='word_1_310' title='bbox 1482 4302 1943 4387; x_wconf 89' lang='lat' dir='ltr'><strong>conceptum:</strong></span> <span class='ocrx_word' id='word_1_311' title='bbox 2005 4316 2043 4360; x_wconf 63' lang='grc' dir='ltr'>ι</span> <span class='ocrx_word' id='word_1_312' title='bbox 2088 4292 2191 4365; x_wconf 77' lang='lat' dir='ltr'><strong>An</strong></span> <span class='ocrx_word' id='word_1_313' title='bbox 2227 4294 2436 4380; x_wconf 88' lang='lat' dir='ltr'><strong>laico,</strong></span> <span class='ocrx_word' id='word_1_314' title='bbox 2478 4294 2591 4365; x_wconf 91' lang='lat' dir='ltr'><strong>cui</strong></span> <span class='ocrx_word' id='word_1_315' title='bbox 2630 4313 2670 4365; x_wconf 89' lang='lat' dir='ltr'><strong>a</strong></span> <span class='ocrx_word' id='word_1_316' title='bbox 2708 4293 2991 4385; x_wconf 88' lang='lat' dir='ltr'><strong>proprio</strong></span> <span class='ocrx_word' id='word_1_317' title='bbox 3026 4288 3206 4384; x_wconf 91' lang='lat' dir='ltr'><strong>Epi-</strong></span> 
     </span>
     <span class='ocr_line' id='line_1_38' title="bbox 518 4407 3198 4501; baseline -0.002 -20"><span class='ocrx_word' id='word_1_318' title='bbox 518 4432 558 4481; x_wconf 81' lang='lat'><strong>&gt;</strong></span> <span class='ocrx_word' id='word_1_319' title='bbox 598 4425 809 4500; x_wconf 88' lang='lat' dir='ltr'><strong>scopo</strong></span> <span class='ocrx_word' id='word_1_320' title='bbox 862 4412 1218 4501; x_wconf 82' lang='lat' dir='ltr'><strong>denegata</strong></span> <span class='ocrx_word' id='word_1_321' title='bbox 1275 4408 1410 4482; x_wconf 81' lang='lat' dir='ltr'><strong>luit</strong></span> <span class='ocrx_word' id='word_1_322' title='bbox 1461 4410 1690 4500; x_wconf 88' lang='lat' dir='ltr'><strong>prima</strong></span> <span class='ocrx_word' id='word_1_323' title='bbox 1748 4414 2070 4494; x_wconf 90' lang='lat' dir='ltr'><strong>tonsura,</strong></span> <span class='ocrx_word' id='word_1_324' title='bbox 2127 4408 2352 4497; x_wconf 87' lang='lat' dir='ltr'><strong>possit</strong></span> <span class='ocrx_word' id='word_1_325' title='bbox 2407 4407 2558 4497; x_wconf 89' lang='lat' dir='ltr'><strong>ipsa</strong></span> <span class='ocrx_word' id='word_1_326' title='bbox 2613 4407 2840 4496; x_wconf 89' lang='lat' dir='ltr'><strong>prima</strong></span> <span class='ocrx_word' id='word_1_327' title='bbox 2894 4412 3198 4477; x_wconf 88' lang='lat' dir='ltr'><strong>tonsura</strong></span> 
     </span>
     <span class='ocr_line' id='line_1_39' title="bbox 518 4515 3205 4594; baseline -0.001 -3"><span class='ocrx_word' id='word_1_328' title='bbox 518 4542 558 4591; x_wconf 81' lang='lat'><strong>&gt;</strong></span> <span class='ocrx_word' id='word_1_329' title='bbox 598 4517 899 4591; x_wconf 75' lang='lat' dir='ltr'><strong>conferri</strong></span> <span class='ocrx_word' id='word_1_330' title='bbox 971 4527 1042 4593; x_wconf 90' lang='lat' dir='ltr'><strong>et</strong></span> <span class='ocrx_word' id='word_1_331' title='bbox 1093 4521 1384 4594; x_wconf 89' lang='lat' dir='ltr'><strong>concedi</strong></span> <span class='ocrx_word' id='word_1_332' title='bbox 1442 4522 1689 4593; x_wconf 88' lang='lat' dir='ltr'><strong>literae</strong></span> <span class='ocrx_word' id='word_1_333' title='bbox 1742 4518 2253 4593; x_wconf 85' lang='lat' dir='ltr'><strong>dimissoriales</strong></span> <span class='ocrx_word' id='word_1_334' title='bbox 2306 4517 2397 4589; x_wconf 92' lang='lat' dir='ltr'><strong>ab</strong></span> <span class='ocrx_word' id='word_1_335' title='bbox 2452 4515 2833 4590; x_wconf 81' lang='lat' dir='ltr'><strong>Ordinario</strong></span> <span class='ocrx_word' id='word_1_336' title='bbox 2900 4517 3205 4589; x_wconf 86' lang='lat' dir='ltr'><strong>alterius</strong></span> 
     </span>
     <span class='ocr_line' id='line_1_40' title="bbox 520 4628 3207 4724; baseline 0 -21"><span class='ocrx_word' id='word_1_337' title='bbox 520 4654 560 4703; x_wconf 81' lang='lat'><strong>&gt;</strong></span> <span class='ocrx_word' id='word_1_338' title='bbox 598 4630 972 4720; x_wconf 87' lang='lat' dir='ltr'><strong>dioecesis,</strong></span> <span class='ocrx_word' id='word_1_339' title='bbox 1013 4651 1248 4705; x_wconf 90' lang='lat' dir='ltr'><strong>coram</strong></span> <span class='ocrx_word' id='word_1_340' title='bbox 1302 4650 1446 4723; x_wconf 88' lang='lat' dir='ltr'><strong>quo</strong></span> <span class='ocrx_word' id='word_1_341' title='bbox 1492 4632 1646 4724; x_wconf 90' lang='lat' dir='ltr'><strong>ipse</strong></span> <span class='ocrx_word' id='word_1_342' title='bbox 1694 4635 2197 4723; x_wconf 86' lang='lat' dir='ltr'><strong>praesentatus</strong></span> <span class='ocrx_word' id='word_1_343' title='bbox 2248 4628 2385 4702; x_wconf 81' lang='lat' dir='ltr'><strong>tuit</strong></span> <span class='ocrx_word' id='word_1_344' title='bbox 2434 4630 2529 4703; x_wconf 88' lang='lat' dir='ltr'><strong>ad</strong></span> <span class='ocrx_word' id='word_1_345' title='bbox 2596 4629 3028 4703; x_wconf 80' lang='lat' dir='ltr'><strong>beneficium</strong></span> <span class='ocrx_word' id='word_1_346' title='bbox 3080 4647 3207 4703; x_wconf 82' lang='lat' dir='ltr'><strong>ec·-</strong></span> 
     </span>
    </p>
   </div>
  </div>
 </body>
</html>
