3497 5235
551 315 666 389 cap.
691 317 763 374 11.
800 316 873 375 D·
911 316 1177 391 Episcopo,
1214 315 1622 390 Armopinoopo,
1659 318 1888 377 Primulo
1926 319 1985 377 et
2024 317 2350 377 Putria-ohe.
2390 320 2446 394 ἓ.
2471 318 2524 376 7.
2746 317 2871 383 253

274 448 432 514 omn'a
473 447 857 533 percipiendi
907 468 939 512 a
992 447 1286 534 Capitulo
1332 449 1740 535 allegabatur.
1778 488 1822 499 -
1854 455 2006 517 246.
2050 453 2348 517 Doctores
2389 450 2741 536 disputant,
2793 474 2873 521 an

270 549 354 614 bac
393 551 442 615 in
486 572 542 614 re
587 549 984 615 consuetudo
1033 552 1256 616 valeat.
1288 588 1331 599 -
1362 552 1727 639 Negativam
1775 556 2152 619 sententiam
2194 556 2402 619 tenuit
2451 558 2516 621 S.
2557 557 2627 620 C.
2670 559 2870 622 Cone.

267 657 447 718 -217,
489 654 810 719 Rationum
869 665 1279 719 monumenta
1328 675 1359 717 a
1411 656 1702 740 Capitulo
1752 654 2052 720 deducta.
2109 658 2298 720 Causa
2353 659 2623 722 Ianuen.
2682 655 2873 725 dilata

268 753 376 830 suit,
418 774 516 820 nec
558 757 828 840 amplius
878 756 1225 841 proposita.
1260 792 1304 805 -
1334 759 1489 822 248.
1527 760 1589 823 S.
1624 761 1700 824 C.
1738 761 1935 823 Conc.
1975 756 2037 821 iu
2077 759 2417 822 Memicana
2469 760 2719 825 vicario
2755 762 2874 825 Ca-

263 856 456 941 pitulari
504 857 761 922 indulsit
793 872 1076 943 quartam
1119 868 1361 943 partem
1414 858 1733 924 redituum
1789 878 1866 923 ex
1919 879 2329 944 quocumque
2380 860 2565 924 titulo
2615 880 2870 927 mensae

265 959 702 1026 obvenientium.
732 997 775 1009 -
808 963 957 1025 249.
1003 961 1308 1046 Deinceps
1344 960 1406 1025 in
1444 960 1963 1057 4n9elopolituna
1998 962 2365 1040 declaravit,
2410 974 2693 1046 quartam
2732 983 2871 1030 eam

259 1075 450 1145 partem
481 1062 963 1148 computandam
1003 1083 1138 1129 esse
1176 1063 1344 1130 iuxta
1393 1077 1641 1151 tempus
1677 1067 1956 1130 muneris
2001 1067 2078 1129 ab
2127 1065 2355 1131 eodem
2394 1068 2643 1130 vicario
2676 1066 2860 1153 gesti.

261 1168 438 1229 -250,
470 1167 530 1229 111
564 1166 906 1230 Meoeicana
940 1166 1258 1251 praedicta
1292 1166 1368 1232 ad
1399 1168 1753 1233 secundum
1804 1167 2070 1232 dubium
2123 1168 2586 1252 postulabatur,
2643 1181 2709 1233 ut
2757 1189 2866 1255 ge-

254 1268 434 1330 neralis
474 1288 589 1353 pro
638 1280 771 1334 toto
808 1271 1048 1334 Mexico
1085 1270 1296 1355 regula
1330 1270 1708 1334 sanciretur.
1759 1271 1884 1337 Sed
1938 1269 2237 1337 resolutio
2284 1270 2470 1335 dilata
2519 1281 2615 1336 est
2665 1290 2867 1356 usquo

258 1365 368 1432 dum
405 1371 766 1435 audirentur
795 1372 1027 1457 sing-ili
1070 1373 1361 1458 Episcopi
1401 1373 1703 1437 Mexicaui
1755 1393 1900 1439 cum
1945 1374 2074 1439 suis
2121 1376 2483 1461 respective
2532 1374 2862 1459 Capitulis.

254 1472 425 1556 Neque
466 1475 731 1560 amplius
776 1475 853 1540 ab
902 1475 1021 1539 boc
1070 1486 1361 1561 tempore
1408 1478 1756 1561 proposita.

356 1679 505 1749 225.
544 1677 680 1767 Ea,
723 1699 908 1771 quae
962 1681 1348 1752 acervatim
1395 1681 1466 1752 in
1518 1679 1656 1753 hac
1709 1680 2107 1771 appendice
2142 1683 2617 1774 congerimuS,
2660 1691 2865 1757 extra

246 1786 457 1862 limites
507 1792 942 1882 argumenti,
985 1792 1177 1882 quod
1215 1793 1414 1864 iuxta
1453 1793 1750 1883 vestigia
1808 1791 2314 1866 Benedictinae
2360 1791 2866 1867 Instructiouis

247 1903 648 1974 tractandum
705 1904 836 1976 hoc
891 1905 1041 1976 loco
1093 1910 1245 1992 est,
1304 1905 1545 1995 vagari
1613 1911 1685 1975 ct
1740 1924 1883 1976 non
1950 1907 2047 1977 ita
2102 1907 2421 1977 cominus
2476 1925 2865 1997 congruere

242 2011 661 2087 videbuntur.
727 2011 812 2086 Id
867 2015 1072 2087 nobis
1125 2034 1267 2088 non
1323 2016 1674 2090 immerito
1743 2017 2043 2091 tortasse
2094 2018 2350 2108 culpae
2422 2021 2594 2091 verti
2653 2038 2862 2112 posse

242 2140 352 2195 non
399 2128 818 2200 diffitemur:
876 2136 1152 2200 atvero
1207 2146 1348 2199 non
1403 2129 1802 2201 inconsulto
1840 2129 1907 2199 id
1959 2137 2329 2218 peccatum
2378 2130 2859 2218 admittimu53

238 2231 520 2309 facillime
557 2241 755 2315 euim
798 2238 1002 2312 nobis
1038 2239 1480 2330 pollicemur,
1522 2261 1559 2309 a
1603 2240 1879 2312 lectoris
1917 2239 2360 2332 benignitate
2412 2243 2693 2312 veniam
2732 2260 2865 2314 nos

235 2355 670 2437 assecuturOS,
711 2369 869 2422 cum
926 2352 1075 2439 ipso
1129 2350 1586 2451 perpenderit
1638 2352 2021 2422 utilitatem
2079 2371 2535 2442 nequaquam
2594 2353 2859 2440 levem,

236 2472 385 2544 quae
418 2480 497 2532 ex
540 2480 791 2534 earum
832 2482 1066 2533 rerum
1119 2464 1561 2553 expositione
1599 2463 1671 2533 in
1728 2482 1931 2534 usum
1973 2464 2468 2553 quotidianum
2508 2464 2859 2537 dimanat.

228 2562 637 2665 Quapropter
676 2582 752 2647 ut
808 2574 897 2645 ad
936 2594 1082 2646 rem
1137 2575 1534 2659 veniamuS,
1576 2575 1914 2664 quoniam
1968 2575 2057 2647 de
2095 2575 2540 2648 cancellariis
2592 2577 2867 2666 episco-

229 2682 475 2769 palibus
530 2688 606 2757 in
667 2688 1049 2777 praeterito
1101 2687 1401 2758 articulo
1469 2687 1711 2776 aliqua
1767 2688 2118 2778 attingere
2189 2689 2417 2778 coegit
2473 2690 2679 2759 modo
2745 2707 2866 2758 su-

223 2805 473 2884 sceptus
522 2800 619 2870 dc
678 2805 839 2869 taxa
892 2817 1150 2886 sermo,
1200 2817 1456 2889 operae
1510 2799 1814 2888 pretium
1872 2818 2000 2870 nos
2071 2797 2383 2870 facturos
2452 2818 2607 2871 esse
2660 2800 2865 2870 duci-

225 2921 378 2996 111115,
414 2913 469 2981 51
512 2913 660 2982 alia
704 2912 1046 2982 nonnulla
1085 2910 1681 3000 superaddamus.
1726 2906 1924 2982 luter
1976 2909 2380 2984 huiusmodi
2437 2929 2546 2981 res
2601 2927 2864 2979 memo-

220 3025 348 3090 ratu
398 3024 622 3114 digna
678 3030 787 3094 est
838 3041 1052 3094 causa
1108 3023 1430 3093 Rotnana
1479 3029 1545 3095 et
1608 3022 1924 3093 aliarum
1977 3023 2162 3094 inter
2227 3022 2581 3094 curiarum
2639 3021 2867 3093 eccle-

217 3128 644 3207 siasticarum
681 3135 1142 3206 cancellarios
1178 3153 1262 3205 ac
1315 3132 1736 3206 tabelliones
1771 3136 2066 3224 agitata.
2111 3131 2210 3203 De
2257 3152 2400 3221 qua
2442 3133 2863 3222 priusquam

217 3240 642 3334 eloquamur,
694 3248 1171 3319 necessarium
1228 3252 1380 3332 est,
1440 3244 1654 3316 verba
1708 3245 1951 3334 aliqua
2008 3245 2235 3316 lacere
2290 3245 2375 3316 dc
2431 3244 2864 3315 resolutione

211 3351 271 3421 S.
305 3353 373 3426 C.
414 3356 638 3430 Cone.
684 3357 799 3429 dic
857 3358 973 3429 19.
1022 3356 1183 3428 vec.
1235 3357 1448 3428 1625.
1498 3354 1707 3427 Porro
1761 3357 1920 3427 Suc.
1971 3353 2436 3448 Congregatio
2488 3355 2864 3426 resolutio-

209 3481 348 3535 nem
403 3470 625 3542 istam
680 3471 853 3541 anni
912 3471 1124 3540 1625.
1186 3470 1256 3540 in
1314 3468 1610 3539 [ormam
1664 3469 1924 3540 decreti
1985 3469 2398 3557 redegerat,
2458 3466 2650 3556 qnod
2719 3486 2862 3537 una

204 3593 339 3648 cum
391 3584 553 3652 suis
609 3581 861 3667 literiS,
921 3579 1286 3651 decretum
1342 3579 1520 3651 illud
1570 3578 2104 3666 comitantibuS,
2159 3576 2434 3652 vicario
2488 3577 2858 3664 PerusinO,

202 3691 305 3776 qui
357 3693 892 3765 controversiae
941 3698 1296 3782 promotor
1352 3691 1606 3778 luerat,
1649 3691 2155 3762 remittendum
2209 3694 2507 3763 curavit.
2554 3687 2693 3760 Nos
2746 3688 2864 3759 hic

197 3803 405 3887 primo
459 3805 626 3877 loco
667 3805 908 3875 literas
943 3823 1030 3874 ex
1083 3804 1274 3873 omui
1317 3810 1515 3892 parte
1568 3801 1992 3873 exhibemus
2026 3821 2066 3874 e
2111 3804 2481 3894 scripturis
2535 3803 2870 3892 deprom-

194 3919 340 4000 ptas
396 3923 847 3989 memoratae
901 3934 1159 3987 causae
1213 3917 1596 3987 Romanae.
1653 3911 1892 3986 Potest
1946 3916 2235 4007 insuper
2284 3915 2558 3989 consuli
2617 3913 2863 3985 Ferra-

191 4025 322 4097 rius
351 4029 583 4099 verbo
613 4028 1098 4100 macellarius
1127 4047 1201 4098 η.
1225 4026 1388 4108 20..
1419 4024 1765 4117 Pignatel.
1801 4034 1965 4099 tum.
1986 4026 2057 4098 4.
2082 4047 2272 4099 cons.
2297 4027 2467 4099 210.
2496 4046 2569 4097 η.
2594 4024 2666 4097 3.
2691 4031 2754 4096 et
2782 4024 2855 4094 A.

315 4141 502 4211 226.
553 4137 662 4210 En
707 4141 978 4210 literae:
1024 4161 1060 4203 ‹
1094 4135 1264 4210 Cum
1310 4147 1546 4212 actum
1584 4147 1770 4211 esset
1801 4141 1870 4209 in
1908 4140 1980 4210 S.
2014 4138 2088 4210 C.
2123 4137 2605 4210 Cardiualium
2644 4136 2859 4208 Conc.

189 4270 221 4312 ›
257 4245 596 4322 Trident.
645 4247 1120 4341 Interpretum
1176 4250 1265 4322 de
1318 4251 1801 4322 asservatione
1854 4251 2367 4340 scripturarum
2408 4249 2537 4321 [ori
2593 4251 2867 4341 episco-

180 4385 215 4424 »
253 4364 438 4452 pilis
497 4361 831 4434 Civitatis
882 4359 1207 4445 Castelli,
1266 4358 1776 4453 Congregatio,
1834 4362 2099 4432 auditis
2152 4361 2504 4451 ραι-1111115,
2548 4360 2857 4449 censuit,

175 4492 210 4539 ›
246 4476 667 4568 scripturas
719 4492 965 4545 omnes
1018 4480 1303 4565 rogatas
1355 4493 1389 4543 a
1433 4472 1861 4545 cancellario
1912 4473 2327 4566 episcopali,
2369 4483 2739 4564 tamquam
2782 4472 2867 4542 il-

177 4606 211 4650 >
248 4587 392 4657 lius
433 4589 690 4658 curiae
728 4586 1183 4673 cancellarie,
1225 4603 1380 4657 esse
1416 4584 1887 4657 asservandus
1929 4591 2000 4655 et
2038 4585 2545 4656 custodiendas
2585 4586 2655 4655 in
2694 4603 2867 4655 can-

170 4723 206 4764 »
244 4701 567 4772 cellaria
617 4700 844 4792 ipsius
898 4696 1256 4790 Episcopi,
1297 4705 1369 4771 et
1422 4716 1512 4769 ne
1563 4697 1640 4768 in
1689 4696 2038 4769 eiusmodi
2090 4698 2601 4788 scripturarum
2655 4715 2871 4789 sepa-
