3497 5235
559 265 632 330 ¹4
1358 266 1431 324 D·
1470 265 1773 325 vinitation·
1812 266 2078 325 suetorum
2116 267 2375 325 himinum.

556 396 723 472 cant
772 416 846 469 se
896 398 1042 470 suis
1091 398 1428 484 ecclesiis,
1484 395 1805 493 Episcopi
1846 398 2106 490 singuli
2157 400 2538 489 quotannis
2588 397 2988 490 delegatum
3032 395 3178 471 Ro-
3301 480 3307 485 ‚

561 530 743 583 mam
797 511 1179 593 mitterent,
1221 510 1340 599 qui
1395 511 1729 583 ecclcsiae
1766 529 1936 582 suae
1972 511 2281 602 regimen
2338 528 2561 584 mores
2613 518 2684 582 et
2730 511 3176 600 disciplinam

558 623 876 715 apprime
924 622 1236 708 calleret,
1293 626 1364 692 et
1430 622 1517 693 de
1586 622 1696 693 bis
1748 619 2158 695 Pontificem
2209 623 2571 695 certiorem
2624 620 2853 693 facere
2906 627 3171 713 posset.

703 735 823 804 33.
878 729 985 805 Re
1035 732 1126 802 ad
1177 731 1367 803 bunc
1414 732 1641 804 locum
1696 732 2032 821 adducta,
2088 732 2460 805 manifesto
2508 732 2761 823 liquet,
2812 749 3026 822 quam
3077 737 3183 805 te-

561 863 750 919 mere
800 853 869 919 et
922 845 1159 935 inepte
1212 842 1622 933 Febronius,
1678 846 1824 918 sive
1876 847 1998 937 qui
2033 847 2185 918 eius
2219 865 2473 918 nomen
2528 846 2863 918 mentitus
2898 851 3003 918 est
3037 840 3174 940 (1),

561 959 823 1048 aliique
872 975 1029 1028 cum
1081 973 1164 1027 eo
1215 955 1397 1027 idem
1449 958 1836 1031 sentientes
1887 975 2196 1029 asserere
2234 976 2374 1028 non
2410 956 2918 1043 dubitaverint,
2973 974 3180 1028 usum

561 1067 868 1141 adeundi
921 1065 1387 1158 Apostolicam
1446 1064 1696 1139 Sedem
1750 1069 2074 1158 primitus
2126 1087 2210 1141 ex
2263 1068 2483 1140 libera
2535 1066 2899 1140 voluntate
2949 1072 3178 1139 ortum

561 1179 934 1267 babuisse,
998 1177 1122 1251 sed
1184 1185 1426 1268 postea
1479 1198 1518 1248 a
1572 1176 1911 1250 Romanis
1981 1176 2436 1252 Pontificibus
2505 1178 2576 1250 in
2640 1177 2930 1269 perlecti
2980 1193 3184 1268 prae-

562 1293 745 1383 cepti
798 1291 1018 1381 legem
1071 1305 1480 1361 conversum
1517 1307 1697 1360 esse.
1737 1285 2056 1379 Namque
2107 1285 2266 1384 (ceu
2319 1291 2737 1381 principi—um
2772 1285 3182 1385 statuimus)

563 1401 964 1475 huiusmodi
1014 1399 1350 1489 obligatio
1401 1398 1830 1471 adamussim
1883 1401 2262 1490 respondet
2311 1401 2409 1472 illi
2464 1402 2599 1474 iuri
2653 1420 2736 1474 ac
2786 1400 3179 1493 privilegio,

564 1512 749 1605 quod
788 1509 1105 1582 Romano
1141 1508 1459 1581 Pontifici
1512 1528 1597 1581 ex
1633 1510 1873 1582 divina
1909 1511 2353 1584 institutione
2381 1512 2728 1600 inhaeret,
2784 1518 2855 1585 et
2905 1528 2991 1583 ex
3029 1512 3184 1601 ipso

564 1622 874 1717 supremi
939 1621 1044 1691 sui
1110 1621 1184 1690 in
1249 1616 1563 1690 Ecclesia
1628 1621 1957 1693 universa
2023 1623 2461 1713 principatus
2528 1623 2719 1695 fonte
2788 1623 3179 1695 derivatur.

564 1733 852 1806 Plenam
907 1733 1193 1822 insuper
1243 1731 1843 1805 confirmationem
1896 1728 2142 1827 (idque
2197 1736 2460 1826 pariter
2495 1734 2804 1807 numeris
2853 1732 3186 1805 omnibus

565 1864 693 1916 nos
745 1844 1127 1916 absolvisse
1180 1839 1627 1937 confidimus)
1698 1844 1952 1933 accipit
2020 1863 2106 1916 ex
2158 1847 2648 1935 antiquissima
2689 1845 3181 1933 observantia,

565 1974 747 2046 quae
802 1953 892 2025 ab
947 1955 1095 2044 ipso
1147 1953 1448 2025 doctoris
1502 1955 1811 2045 gentium
1866 1955 2184 2047 exemplo
2236 1958 2429 2028 iuxta
2480 1953 2891 2029 Theodoreti
2944 1962 3189 2028 aucto-

570 2069 844 2139 ritatem
898 2065 1115 2137 habet
1165 2065 1482 2154 initium,
1539 2070 1609 2137 et
1658 2068 2225 2139 constantissime
2292 2069 2366 2138 in
2416 2064 2728 2141 Ecclesia
2779 2065 2930 2155 Dei,
2987 2065 3187 2138 nulla

563 2177 1000 2251 saeculorum
1054 2178 1588 2270 interruptione,
1629 2178 1719 2250 ad
1769 2178 1946 2249 haec
1981 2197 2205 2268 usque
2259 2187 2572 2270 tempora
2612 2178 2962 2252 custodita
3012 2175 3180 2249 fuit.

709 2299 827 2370 34.
887 2295 1015 2369 Per
1064 2315 1139 2369 se
1191 2288 1493 2387 quisque
1556 2296 1789 2385 videt,
1861 2315 1989 2368 nos
2055 2316 2180 2387 per
2229 2296 2742 2371 ecclesiasticae
2811 2298 3191 2369 vetustatis

566 2428 850 2501 campos
901 2409 1156 2480 cursim
1210 2408 1711 2497 pervolitantes
1764 2409 2054 2479 summis
2107 2408 2318 2480 veluti
2371 2408 2580 2480 labiis
2636 2409 2904 2500 potiora
2944 2426 3195 2479 monu-

565 2528 803 2596 menta
854 2520 1313 2612 praelibasse.
1362 2519 1441 2590 At
1493 2522 1615 2611 qui
1652 2521 1856 2611 plura
1894 2519 2275 2606 desiderat,
2316 2519 2525 2591 adeat
2560 2519 3022 2591 clarissimum
3057 2517 3194 2591 Fa-

567 2653 880 2728 gnanum
918 2634 989 2705 in
1021 2633 1114 2703 ΙΙ.
1155 2632 1315 2703 libr.
1343 2633 1843 2716 Decretalium,
1879 2652 2033 2724 cap.
2060 2632 2131 2703 4.
2172 2632 2253 2703 de
2289 2633 2775 2716 iureiurandO,
2803 2630 3194 2707 Hallierurn

565 2747 649 2821 de
697 2763 879 2818 sacr.
928 2743 1254 2816 ordinat.
1307 2744 1481 2816 Sect.
1536 2744 1647 2817 VI.
1702 2742 1778 2838 g.
1833 2743 1894 2817 1.
1949 2763 2113 2837 paq.
2151 2743 2322 2816 286.
2377 2752 2443 2817 et
2493 2766 2668 2837 seq„
2720 2742 3063 2817 Gonzalez
3113 2747 3193 2817 in

568 2858 719 2931 Lib.
742 2855 815 2928 2.
841 2856 1108 2927 Decret.
1141 2853 1387 2944 capd.
1419 2854 1499 2926 de
1527 2856 1986 2926 iureiurando
2005 2877 2036 2938 ,·
2072 2851 2604 2928 Tbomassinum
2644 2856 2726 2928 de
2751 2861 2884 2929 vet.
2925 2862 2989 2928 et
3025 2877 3188 2930 nov.

571 2969 759 3040 Eccl.
815 2966 1193 3055 disciplina
1236 2983 1311 3056 p.
1349 2963 1423 3036 2.
1466 2966 1585 3037 lib.
1625 2964 1695 3037 3.
1739 2984 1894 3055 cap.
1925 2965 2069 3048 A&
2122 2984 2255 3034 van
2310 2962 2544 3055 Espen
2599 2967 2742 3040 Ins.
2783 2967 2948 3038 eccl.
2993 2969 3079 3040 P.
3116 2964 3186 3039 1.

569 3081 683 3154 tit.
713 3079 863 3152 XV.
896 3096 1051 3168 cap.
1079 3077 1173 3147 ΙΙ.
1205 3094 1279 3146 n.
1308 3076 1463 3157 17„
1498 3073 1764 3147 Bened.
1796 3072 1983 3146 XIV.
2024 3076 2104 3147 de
2144 3077 2311 3166 Syn.
2354 3076 2567 3148 dioec.
2610 3077 2728 3148 lib.
2766 3076 2880 3150 13.
2923 3097 3077 3168 cap.
3114 3078 3188 3150 6.

570 3211 644 3264 η.
688 3189 842 3271 12„
876 3185 1314 3260 Catalanium
1359 3190 1542 3261 Com.
1585 3188 1678 3259 acl
1713 3188 2124 3279 Pontificale
2162 3191 2550 3260 Romanum
2599 3195 2653 3260 t.
2699 3189 2764 3260 1.
2815 3209 2984 3282 paq.
3021 3189 3188 3262 181.

569 3303 655 3376 ab
690 3306 829 3373 art.
865 3300 990 3372 IX.
1031 3300 1126 3370 acl
1164 3299 1228 3370 X
1241 3300 1388 3380 VI„
1423 3295 1891 3370 Muniacbium
1928 3298 2034 3370 del
2070 3298 2268 3370 diret.
2302 3298 2419 3368 lib.
2453 3299 2639 3370 della
2679 3300 2918 3372 Chiesa
2962 3301 3080 3372 lib.
3114 3301 3188 3371 3.

561 3431 730 3505 paq.
768 3410 842 3481 2.
898 3429 960 3481 c.
1003 3411 1072 3480 3.
1130 3413 1274 3479 not.
1319 3408 1385 3479 1.
1441 3427 1603 3501 paq.
1648 3408 1766 3480 18.
1807 3415 1868 3479 et
1912 3427 2047 3498 seq.
2108 3426 2380 3479 necnon
2438 3409 2719 3496 librum,
2780 3411 2889 3482 cui
2939 3408 3194 3481 titulus

577 3524 742 3608 Quis
793 3527 895 3593 est
947 3521 1243 3601 Petrus,
1285 3537 1363 3610 p.
1401 3518 1472 3591 3.
1529 3520 1769 3591 coroll.
1808 3520 1921 3600 2„
1973 3525 2042 3590 et
2094 3515 2490 3590 Zaccariam
2544 3520 2846 3609 Antifeb.
2904 3526 3068 3593 tom.
3112 3518 3186 3592 3.

575 3635 695 3707 lib.
739 3633 807 3705 1.
848 3652 909 3704 c.
948 3631 1012 3702 1.

717 3745 836 3816 35.
878 3731 1238 3815 Hactenus
1274 3741 1663 3832 promiscue
1714 3741 1923 3815 verba
1979 3741 2271 3813 fecimus
2307 3739 2394 3813 de
2431 3748 2731 3832 utroque
2765 3742 2995 3833 capite
3039 3748 3192 3813 tum

574 3853 1027 3928 renuntiandi
1080 3850 1363 3924 Summo
1413 3849 1732 3924 Pontifici
1787 3872 1899 3924 res
1950 3852 2038 3923 ad
2090 3852 2456 3924 ecclesiam
2509 3854 2986 3944 pertinentes,
3041 3858 3191 3924 tum

573 3984 769 4038 sacra
821 3962 1307 4055 Apostolorum
1359 3961 1731 4054 sepulchra
1787 3980 2017 4035 coram
2067 3961 2486 4036 venerandi.
2521 3960 2752 4035 Pauca
2809 3981 3000 4035 nunc
3047 3963 3195 4035 sin-

577 4076 867 4167 gulatim
917 4075 1005 4148 de
1054 4073 1365 4146 secundo
1418 4075 1690 4166 capite3
1747 4091 2054 4163 namque
2106 4074 2194 4146 de
2231 4075 2452 4166 primo
2489 4074 2666 4145 nihil
2703 4081 2807 4146 est
2844 4074 3011 4146 hinc
3046 4093 3196 4144 am-

576 4187 760 4278 plius
794 4186 1243 4277 investigare,
1300 4203 1441 4275 quo
1491 4202 1577 4257 ex
1628 4184 1821 4257 fonte
1859 4184 2278 4256 relationum
2315 4184 2400 4257 de
2436 4185 2772 4258 ecclesiae
2807 4191 2999 4257 statu
3035 4184 3196 4255 mit-

573 4296 947 4369 tendarum
997 4298 1174 4368 ratio
1226 4295 1678 4387 profluxerit3
1734 4314 2017 4388 sperare
2071 4314 2196 4367 nos
2233 4298 2497 4388 quippe
2534 4296 2755 4384 iuvat,
2795 4294 2983 4386 quod
3021 4296 3193 4367 satis

574 4424 927 4500 superque
977 4407 1534 4482 demonstratum
1585 4413 1966 4502 appareat,
2026 4424 2179 4480 eam
2240 4425 2326 4479 ex
2377 4408 2592 4479 insita
2660 4406 3001 4498 pontificii
3052 4406 3196 4500 pri-

712 4652 791 4731 (1)
825 4657 881 4713 J.
909 4658 977 4710 N.
1018 4655 1082 4709 de
1117 4655 1435 4722 Hontheim,
1477 4654 1786 4722 discipulus
1822 4670 1933 4709 van
1969 4655 2221 4723 Espenii,
2263 4655 2657 4739 suffraganeus
2696 4627 2986 4712 Treviren.
