3497 5235
1049 308 1169 384 cap.
1194 310 1289 370 m
1328 308 1402 368 n·
1441 308 1576 369 01oe0
1615 307 1885 368 mont-rt
1927 310 1982 386 5.
2008 307 2090 366 10.
2576 280 2586 291 '
2778 304 2895 369 437

237 446 359 538 qui
411 463 632 518 novos
702 444 1070 518 doctrinae
1141 445 1572 518 christianae
1641 444 1921 517 libellos
1972 444 2066 517 ad
2118 461 2408 516 suarum
2480 443 2900 516 dioeceseon

235 576 443 630 usum
496 558 572 628 in
608 557 865 650 vulgus
899 556 1111 630 edere
1146 559 1614 630 constituunt.
1656 553 1917 649 Itaque
1956 555 2028 629 S.
2063 555 2137 629 C.
2179 554 2390 630 Conc.
2432 556 2599 629 huic
2634 557 2903 629 monito

233 674 576 746 insistens
627 691 838 744 usum
889 673 1209 747 eiusdem
1261 672 1480 746 libelli
1539 691 1713 765 prae
1768 672 2016 765 primis
2067 689 2464 764 proponere
2520 690 2661 743 non
2698 688 2906 762 prae·-

237 786 595 858 termittit.
636 781 832 867 Quae
867 786 1107 857 omnia
1144 786 1400 877 inspici
1437 791 1717 875 queunt
1770 786 1840 855 in
1895 784 2085 858 dicta
2120 782 2587 856 Benedictina
2634 782 2909 855 Consti-

236 898 544 986 tutione,
587 915 805 986 quam
856 898 1209 989 integram
1244 895 1747 969 exhibebimus
1799 897 1871 969 in
1928 897 2286 969 volumine
2321 892 2461 967 III.
2502 896 2636 969 sub
2676 916 2751 968 n.
2780 897 2901 969 36.

235 1007 544 1100 Insuper
578 1009 832 1082 eadem
884 1009 957 1081 S.
991 1008 1064 1080 C.
1109 1006 1477 1101 Episcopis
1511 1009 1646 1082 hoc
1681 1008 2019 1100 inmugit,
2059 1013 2137 1080 ut
2174 1027 2301 1101 pro
2339 1009 2682 1098 ampliore
2715 1005 2912 1080 Chri-

236 1121 651 1195 stifidelium
705 1123 1173 1194 instructione
1227 1120 1514 1213 parochi
1554 1139 1725 1213 prae
1763 1121 1987 1194 oculis
2032 1120 2353 1193 habeant
2387 1117 2907 1194 Catechismum

242 1231 680 1323 Romanum,
739 1233 985 1325 quiex
1020 1233 1304 1306 decreto
1360 1230 1820 1307 Tridentinae
1874 1230 2137 1324 Synodi
2191 1239 2263 1306 et
2311 1234 2508 1305 iussu
2563 1230 2636 1303 S.
2678 1230 2782 1304 Pii
2820 1229 2905 1302 V.

241 1346 330 1418 ad
383 1346 858 1437 parochorum
910 1347 1333 1437 praesertim
1385 1365 1594 1419 usum
1646 1347 1883 1418 editus
1934 1345 2094 1434 fuit,
2152 1352 2223 1419 et
2256 1364 2503 1419 rursus
2539 1345 2799 1419 deinde
2838 1347 2910 1417 in

242 1460 516 1551 encycl.
557 1459 698 1531 diei
759 1458 874 1529 14.
931 1454 1095 1530 Iun.
1145 1459 1357 1530 1761.
1415 1454 1653 1553 (quae
1706 1464 1980 1549 prostat
2028 1459 2104 1529 in
2154 1460 2358 1531 novis
2411 1458 2729 1531 eiusdem
2782 1456 2913 1529 Ca-

242 1570 567 1645 techismi
623 1567 1110 1667 editionibus)
1161 1588 1609 1662 summopere
1662 1571 2205 1643 commendatur
2256 1576 2623 1661 tamquam
2677 1570 2912 1643 subsi-

242 1683 439 1755 dium
493 1683 1180 1776 opportunissimum
1218 1682 1310 1755 ad
1346 1702 1585 1756 veram
1640 1701 2039 1775 sanamque
2075 1684 2475 1756 doctrinam
2506 1701 2911 1776 propagan-

243 1796 408 1868 dam
464 1814 549 1867 ac
596 1794 1131 1868 stabiliendam.

388 1909 561 1980 332.
602 1904 709 1979 Ex
743 1905 958 1980 Clem.
995 1903 1200 1978 XIII.
1234 1905 1757 1981 Constitutione
1795 1907 2012 2000 incip.
2046 1909 2130 1979 In
2162 1907 2531 1980 Dominico
2566 1927 2741 2001 aqro
2775 1907 2916 1979 duo

243 2021 695 2113 excerpimus
731 2022 910 2110 loca,
956 2039 1262 2111 quorum
1296 2038 1384 2092 ex
1422 2038 1564 2092 uno
1600 2019 1983 2111 colligitur,
2041 2038 2184 2110 qua
2222 2018 2555 2091 methodo
2592 2018 2917 2091 doctrina

247 2133 641 2207 christiana
696 2133 1046 2206 tradenda
1100 2133 1235 2221 sit,
1275 2150 1364 2204 ex
1401 2132 1623 2204 altero
1675 2150 1842 2204 vero
1895 2133 2366 2224 cognoscitur,
2429 2148 2613 2222 quae
2648 2132 2922 2204 incom-

248 2245 457 2318 moda
513 2263 601 2317 ex
655 2245 1182 2337 multiplicitate
1235 2244 1828 2317 catechismorum
1863 2245 2433 2336 proficiscantur.
2474 2241 2732 2335 Itaque
2771 2244 2921 2336 pri-

248 2377 362 2431 mo
412 2355 490 2453 ξ.
532 2358 632 2431 Ab
681 2358 789 2429 his
843 2358 1121 2447 inquit:
1176 2381 1214 2423 α
1251 2352 1400 2429 Nec
1470 2375 1595 2448 per
1662 2358 1855 2429 invia
1909 2357 2281 2430 ducendae
2350 2362 2519 2429 sunt
2589 2374 2756 2429 oves
2828 2357 2922 2429 ad

251 2497 289 2538 »
328 2488 643 2562 pascua,
699 2487 832 2541 nec
882 2469 1274 2561 singularia
1327 2469 1682 2559 quaedam
1736 2472 1951 2544 etiam
2004 2471 2510 2544 catholicorum
2550 2471 2918 2543 doctorum

251 2608 290 2656 >
331 2583 600 2676 placita
629 2572 743 2655 ‘iis
794 2586 963 2654 sunt
1016 2582 1523 2674 proponenda,
1580 2583 1708 2656 sed
1758 2583 1881 2656 illa
1937 2585 2333 2659 certissima
2371 2584 2762 2658 catholicae
2798 2601 2917 2657 ve·-

252 2723 290 2764 »
330 2696 567 2768 ritatis
620 2701 787 2768 nota
840 2693 1194 2767 tradenda
1248 2701 1397 2785 est,
1455 2697 1823 2769 doctrinae
1877 2698 2331 2786 universitaS‚
2398 2687 2794 2788 antiquitas
2845 2703 2916 2770 et

252 2834 291 2878 ›
329 2808 735 2883 consensio.
794 2804 1166 2881 Praeterea
1222 2827 1384 2881 cum
1434 2828 1581 2882 non
1633 2810 1855 2902 possit
1905 2809 2163 2901 vulgus
2207 2811 2282 2881 in
2320 2817 2634 2882 montem
2672 2827 2923 2881 ascen-

251 2946 288 2991 »
331 2920 501 2993 dere
541 2915 579 3013 (
598 2919 826 2992 Emod.
863 2918 978 2993 19.
1015 2917 1180 3017 Μ.)
1214 2921 1289 2993 in
1335 2938 1547 3011 quem
1587 2920 1805 3013 gloria
1863 2918 2143 2994 Domini
2179 2922 2574 3012 descendit,
2616 2930 2684 2995 et
2722 2928 2921 2994 tran-

254 3058 291 3103 »
330 3032 689 3106 scendens
741 3035 1083 3106 terminos
1136 3034 1227 3105 ad
1278 3032 1667 3107 videndum
1717 3033 2028 3127 peribit,
2095 3035 2379 3107 termini
2432 3033 2699 3125 figendi
2750 3040 2921 3105 sunt

254 3171 290 3215 »
331 3144 600 3237 populo
653 3143 746 3215 ab
799 3146 954 3217 eius
1007 3144 1418 3218 doctoribus
1487 3163 1614 3237 per
1683 3146 2060 3219 circuitum
2091 3199 2111 3235 ,
2168 3152 2248 3218 ut
2301 3146 2488 3219 ultra
2540 3164 2624 3218 ea
2657 3199 2677 3235 ,
2736 3164 2923 3236 quae

256 3284 293 3324 ι
333 3262 508 3330 sunt
559 3256 651 3328 ad
702 3251 1007 3330 sal'utem
1062 3258 1492 3348 necessaria,
1550 3264 1677 3329 aut
1727 3276 2176 3350 summopere
2230 3259 2463 3349 utilia,
2512 3277 2743 3332 sermo
2779 3277 2924 3330 non

257 3395 294 3437 ›
334 3369 741 3460 divagetur,
806 3372 877 3444 et
944 3368 1193 3442 fideles
1260 3370 1655 3462 Apostolico
1715 3371 1905 3442 dicto
1966 3378 2268 3463 pareant
2336 3367 2577 3469 (Rom.
2639 3369 2754 3445 42.
2805 3369 2925 3465 3.)

258 3507 296 3550 »
338 3500 486 3554 non
537 3481 699 3572 plus
749 3498 1029 3572 sapere,
1087 3500 1306 3573 quam
1357 3489 1637 3574 oportet
1690 3500 1969 3576 sapere,
2027 3484 2155 3557 sed
2206 3502 2461 3577 sapere
2515 3484 2606 3557 ad
2658 3484 2928 3557 sobrie—

258 3618 296 3664 »
336 3600 588 3666 tatem.
627 3616 664 3661 ›

406 3702 854 3777 333.·Paulo
904 3713 1109 3798 post,
1167 3707 1290 3779 ubi
1343 3708 1825 3797 lamentatur,
1883 3726 1971 3780 ex
2025 3727 2265 3780 amore
2319 3709 2656 3784 novitatis
2725 3707 2927 3780 Cate-

257 3819 611 3891 chismum
661 3814 1067 3890 Romanum
1123 3837 1161 3891 e
1211 3826 1578 3912 pastorum
1631 3820 1966 3894 manibus
2012 3839 2418 3911 excussum,
2462 3823 2783 3912 aliosque
2820 3821 2931 3893 di-

255 3948 502 4004 versos
551 3930 977 4023 subrogatos
1011 3933 1109 4004 ita
1145 3933 1419 4024 pergit:
1481 3953 1518 4001 ‹
1562 3933 1752 4006 unde
1806 3933 1948 4006 duo
1982 3934 2170 4006 mala
2222 3935 2693 4008 exstiterunt:
2753 3935 2932 4006 alte-

260 4071 297 4113 »
337 4061 530 4131 rum,
587 4043 778 4134 quod
832 4043 952 4114 illa
1007 4043 1220 4117 fuerit
1271 4045 1346 4116 in
1398 4045 1648 4118 eadem
1702 4045 2005 4119 docendi
2057 4048 2334 4120 ratione
2384 4065 2606 4139 prope
2641 4045 2927 4119 sublata

259 4185 298 4226 ν
339 4156 743 4244 consensio,
790 4154 1258 4248 oblatumque
1293 4158 1576 4249 pusillis
1613 4158 1975 4247 quoddam
2011 4159 2333 4231 scandali
2373 4178 2624 4251 genuS,
2667 4157 2931 4249 quibus

259 4294 300 4338 ›
339 4267 483 4341 sibi
534 4268 670 4359 ipsi
721 4267 864 4338 iam
917 4286 1056 4340 non
1114 4269 1423 4360 amplius
1474 4286 1633 4342 esse
1685 4270 2069 4343 videantur
2103 4271 2180 4341 in
2217 4277 2405 4344 terra
2458 4271 2630 4344 labii
2686 4271 2926 4359 uniuS‚

253 4409 300 4451 .»
338 4389 414 4456 et
469 4398 877 4454 sermonum
929 4381 1388 4471 eorumdem;
1462 4380 1769 4454 alterum
1822 4380 2015 4472 quod
2064 4401 2153 4455 ex
2205 4382 2504 4455 diversis
2573 4383 2932 4473 variisque

262 4521 301 4567 :v
342 4492 743 4568 tradendae
795 4494 1116 4567 veritatis
1171 4494 1562 4567 catholicae
1613 4493 2018 4566 rationibus
2068 4500 2268 4568 ortae
2317 4501 2487 4569 sunt
2538 4496 2935 4569 contentio-

257 4633 301 4679 ›
342 4626 522 4706 nee,
579 4614 650 4681 et
705 4625 791 4679 ex
844 4607 1367 4695 aemulatione,
1424 4604 1596 4678 dum
1648 4605 1836 4679 alius
1885 4625 1960 4679 se
2014 4604 2304 4702 Apollo,
2363 4609 2546 4681 alius
2599 4607 2924 4701 Cephae,

259 4746 305 4790 ›
345 4721 536 4793 alius
585 4716 788 4792 Pauli
838 4736 914 4793 se
965 4719 1247 4792 dictitat
1298 4723 1748 4807 sectatorem,
1806 4716 2318 4794 disiunctiones
2366 4722 2798 4813 animorum,
2857 4728 2927 4793 et
