3497 5235
1054 326 1174 401 Gap.
1199 328 1295 387 m.
1335 328 1409 387 Do
1445 327 1582 386 olore
1621 330 1893 389 medati.
1935 331 1989 405 ἓ.
2014 332 2094 389 12.
2787 335 2903 398 473

243 474 369 525 non
394 466 735 543 exaequet,
754 457 1095 547 supplendi
1127 459 1382 527 facultas
1402 460 1586 528 datur
1605 483 1681 529 ex
1704 463 1884 529 bonis
1904 450 2528 551 patrimonialibus.-
2545 470 2699 535 394.
2724 469 2904 537 Circa

248 560 706 646 quaestionem,
741 581 819 627 an
851 563 1223 631 deducenda
1257 564 1383 636 sint
1418 585 1609 632 onera
1641 570 1962 633 Missarum
1997 588 2077 634 ex
2111 568 2459 647 beneficiis,
2497 574 2565 638 S.
2597 576 2668 639 C.
2703 576 2904 641 Conc-

247 663 538 731 definivit
584 666 651 729 in
700 667 1088 741 Ariminen„
1142 667 1636 754 relinquendum
1684 668 1945 735 arbitrio
1994 680 2058 736 et
2111 671 2491 756 prudentiae
2543 675 2907 741 ordinario·

248 786 416 831 rum.
448 803 493 815 -
524 768 673 832 395.
728 767 1086 834 Recolenda
1133 781 1316 847 sunt,
1368 789 1530 855 quae
1577 771 1740 837 circa
1790 773 1948 838 hanc
1995 772 2490 839 declarationem
2537 775 2754 842 subdit
2788 781 2908 843 Be-

249 868 395 936 ned.
434 872 603 935 xtv.
637 905 680 918 -
725 872 874 935 396.
932 872 1333 956 capellaniae
1380 874 1833 940 ecclesiasticae
1879 875 1981 941 vel
2030 876 2384 944 saeculares
2441 879 2699 963 quando
2758 891 2910 947 sunt

250 971 615 1038 amovibiles
673 970 751 1038 ad
801 982 1068 1051 nutum,
1135 974 1390 1040 titulum
1454 975 1870 1043 ordinationis
1930 978 2012 1044 ob
2072 977 2401 1045 delectum
2457 983 2907 1067 perpetuitatis

251 1075 636 1139 constituere
682 1087 1039 1161 nequeunt.
1074 1113 1119 1126 -
1151 1078 1303 1143 397.
1341 1079 1493 1143 398.
1548 1078 1751 1146 Aliter
1797 1091 1914 1158 est,
1965 1082 2014 1146 si
2065 1100 2185 1168 per
2221 1100 2352 1159 eos,
2392 1086 2497 1166 qui
2535 1084 2906 1152 nominandi

247 1174 340 1241 ius
385 1176 656 1255 babent,
709 1176 848 1242 data
899 1177 1026 1244 lide
1075 1179 1140 1244 in
1186 1179 1384 1245 forma
1435 1180 1586 1246 iuris
1631 1182 1876 1260 valida,
1915 1182 1994 1248 de
2028 1202 2353 1269 nunquam
2402 1184 2761 1251 amovendo
2807 1205 2909 1251 ca·

243 1280 494 1366 pellano
528 1281 862 1365 promissio
898 1279 1024 1346 liat.
1059 1319 1104 1332 -
1135 1283 1285 1348 399.
1327 1283 1725 1368 capellaniae
1765 1284 1912 1350 licet
1952 1284 2223 1364 laicales,
2260 1285 2310 1352 si
2347 1297 2699 1371 perpetuae
2731 1286 2898 1367 sint,

243 1383 628 1447 constituere
675 1395 940 1469 possunt
988 1384 1245 1450 titulum
1302 1405 1512 1451 sacrae
1564 1386 2006 1467 ordinationis,
2072 1391 2367 1454 Attamen
2415 1388 2770 1466 habentur,
2835 1399 2908 1456 ut

246 1486 463 1551 titulus
509 1485 989 1571 patrimonialis,
1041 1506 1170 1552 non
1216 1506 1375 1554 vero
1424 1488 1833 1554 beneficialis.
1867 1525 1910 1538 -
1941 1492 2094 1555 400.
2145 1489 2303 1554 Huic
2354 1490 2444 1554 rei
2484 1488 2908 1557 confirmatio-

243 1606 390 1653 nem
438 1586 683 1653 addunt
726 1608 893 1654 sacra
941 1589 1319 1676 patrimonia
1366 1610 1397 1655 a
1448 1591 1889 1657 fundatoribus
1920 1591 1996 1657 ad
2034 1594 2152 1657 hoc
2185 1591 2435 1669 relicta,
2472 1610 2748 1677 quorum
2784 1590 2909 1658 fre-

246 1709 449 1776 quens
497 1710 645 1756 usus
692 1690 994 1756 occurrit.
1030 1727 1075 1739 -
1108 1696 1258 1759 401.
1313 1697 1380 1761 S.
1417 1697 1487 1760 C.
1528 1697 1721 1760 Cone.
1778 1693 2216 1760 fundationem
2251 1692 2677 1779 quorumdam
2713 1693 2909 1781 patri-

244 1794 610 1860 moniorum
659 1793 1039 1880 approbavit
1083 1814 1229 1861 cum
1276 1796 1583 1875 clausula,
1638 1809 1706 1863 ut
1736 1795 2115 1862 eorumdem
2148 1814 2540 1884 possessores
2576 1797 2713 1883 ipso
2748 1795 2909 1863 facto

244 1899 467 1967 eadem
518 1899 977 1985 deperderent,
1027 1900 1079 1967 si
1132 1900 1473 1969 dioecesim
1519 1903 1658 1969 sine
1707 1905 2003 1990 Episcopi
2055 1904 2314 1970 licentia
2364 1905 2829 1990 relinquerent.
2867 1942 2911 1954 -

249 2005 399 2068 402.
455 2005 611 2069 403.
662 2004 1029 2081 Portiones,
1077 2024 1192 2071 seu
1240 2007 1752 2092 participationes
1803 2007 1865 2072 in
1916 2006 2200 2073 ecclesiis
2250 2006 2604 2089 receptitiis
2652 2005 2906 2073 ordina·

247 2104 434 2171 tionis
481 2106 738 2172 titulum
788 2107 1134 2192 praebent,
1183 2108 1232 2172 si
1283 2106 1684 2174 conditiones
1730 2107 2029 2175 accedant
2059 2129 2090 2173 a
2125 2107 2474 2195 Pignatello
2522 2107 2905 2197 descriptae,

248 2218 312 2275 et
342 2230 374 2273 a
410 2212 476 2276 S.
515 2214 723 2296 Cong.
758 2210 967 2297 Episc.
1008 2220 1073 2276 et
1121 2211 1344 2295 Regul.
1398 2212 1805 2298 approbatae.
1858 2210 2184 2276 Monacelli
2237 2210 2544 2275 contraria
2592 2212 2908 2307 sententia

248 2311 642 2378 conciliatur.
681 2348 724 2361 -
757 2315 907 2378 404.
948 2315 1121 2377 quta
1154 2313 1309 2379 baec
1342 2313 1666 2399 quomodo
1714 2312 2189 2403 providendum
2236 2313 2557 2379 mandavit
2592 2318 2658 2381 S.
2696 2318 2899 2401 Cong.

246 2415 446 2480 Cone.
498 2412 562 2479 in
621 2434 765 2479 casu
827 2414 1234 2499 nuperrimae
1292 2415 1756 2490 Mediolano-n„
1825 2416 2113 2504 punctim
2174 2416 2475 2482 refertur.
2531 2452 2576 2464 -
2622 2419 2774 2482 405.
2829 2420 2913 2484 Ut

242 2515 636 2582 renuntiatio
684 2516 1005 2596 beneficii,
1058 2518 1436 2607 capellaniae
1484 2519 1586 2585 vel
1634 2520 1949 2607 portionis
1997 2518 2200 2584 valida
2246 2519 2353 2596 sit,
2409 2517 2787 2604 requiritur,
2839 2527 2913 2585 ut

240 2621 616 2687 renuntians
677 2622 1139 2688 concludenter
1193 2622 1630 2700 demonstret,
1680 2643 1747 2689 se
1793 2624 1940 2687 satis
2001 2622 2279 2700 babere,
2333 2641 2411 2687 ex
2475 2640 2605 2707 quo
2652 2620 2909 2687 aliunde

238 2723 581 2789 commode
627 2725 821 2789 vivat.
874 2727 992 2789 Pro
1038 2725 1152 2791 bac
1198 2723 1738 2791 demonstratione
1786 2744 1915 2791 non
1969 2723 2198 2790 sufficit
2256 2723 2566 2789 confessio
2614 2723 2764 2788 licet
2813 2723 2910 2787 iu·

239 2836 397 2892 rata.
435 2862 480 2875 -·
511 2828 663 2891 406.
718 2827 800 2891 Ut
846 2827 987 2912 quis
1029 2827 1324 2915 privetur
1371 2825 1680 2893 beneficio
1730 2836 1864 2892 tum
1914 2844 2061 2891 cum
2109 2826 2240 2891 iura
2288 2824 2755 2911 praescribunt,
2793 2822 2913 2887 im-

239 2929 621 3016 pedimento
667 2949 793 2996 non
841 2942 974 3008 est,
1025 2930 1197 3017 quod
1247 2930 1627 2997 beneficium
1677 2949 1795 3017 pro
1831 2930 2014 2996 titulo
2047 2927 2460 2995 ordinationis
2493 2925 2909 2994 constitutum

239 3032 463 3100 fuerit.
500 3068 545 3080 -
577 3035 727 3098 407.
780 3035 1004 3100 Pensio
1037 3034 1666 3120 praeterquamquod
1708 3031 2112 3098 subventioni
2151 3030 2321 3096 iuxta
2359 3042 2560 3095 taxam
2593 3027 2910 3094 sufficiens

239 3154 382 3203 esse
431 3134 685 3212 debeat,
734 3147 1049 3222 perpetua
1099 3137 1350 3203 insimul
1396 3136 1476 3201 sit
1522 3154 1783 3201 necesse
1831 3146 1926 3202 est
1971 3133 2048 3199 ad
2097 3130 2622 3199 constituendum
2658 3128 2908 3195 ordina-

242 3238 437 3304 tionis
489 3239 763 3304 titulum.
799 3276 843 3287 -
876 3242 1025 3305 408.
1078 3242 1129 3304 Α
1179 3250 1314 3304 taxa
1359 3239 1643 3324 synodali
1697 3237 1867 3303 iuxta
1915 3235 2293 3303 sententiam
2342 3231 2726 3299 Honorantis
2758 3232 2911 3319 Epi-

236 3360 479 3427 scopus
525 3339 888 3427 dis‘pensare
934 3360 1064 3407 non
1118 3351 1370 3428 potest,
1435 3339 1789 3408 dummodo
1852 3340 1932 3405 de
1980 3358 2050 3404 re
2099 3339 2360 3404 minime
2421 3335 2595 3425 gravi
2663 3346 2903 3422 agatur.

235 3445 409 3507 Taxa
457 3442 777 3527 synodalis
821 3442 1040 3529 augeri
1090 3462 1217 3522 non
1266 3454 1497 3530 potest.
1534 3448 1600 3509 ln
1634 3441 2139 3509 ordinationibus
2177 3453 2311 3507 taxa
2343 3437 2664 3524 synodalis
2708 3449 2910 3504 atten-

235 3544 455 3612 denda
503 3558 621 3623 est,
674 3565 833 3632 quae
881 3547 1058 3632 viget
1105 3548 1169 3613 in
1216 3548 1377 3625 loc0,
1432 3547 1537 3612 ubi
1588 3547 1729 3633 quis
1780 3544 2134 3620 ordinatur,
2172 3563 2301 3609 non
2338 3543 2442 3608 ubi
2495 3539 2906 3619 beneficium,

234 3659 353 3713 aut
401 3648 561 3713 bona
609 3648 1065 3735 patrimonialia
1112 3649 1228 3717 sita
1275 3660 1443 3715 sunt.
1497 3651 1953 3716 Patrimonium
2001 3665 2156 3712 vero
2207 3648 2269 3712 in
2320 3645 2499 3711 bonis
2540 3642 2752 3722 certis,
2788 3653 2909 3709 sta-

234 3750 508 3828 bilibus,
544 3769 613 3814 ac
645 3751 968 3837 frugiferis
1000 3753 1294 3819 constitui
1330 3752 1547 3820 debet.
1589 3757 1828 3820 Census
1863 3752 2047 3818 titulo
2081 3748 2503 3838 patrimoniali
2540 3747 2909 3835 praebendo

236 3854 518 3922 idoneus
551 3867 682 3933 est,
716 3857 765 3920 si
801 3855 1199 3923 conditiones
1231 3856 1532 3923 accedant
1564 3876 1594 3920 a
1630 3863 1695 3926 S.
1734 3859 1806 3923 C.
1851 3859 2045 3922 Conc.
2083 3854 2511 3941 praescriptae
2550 3852 2613 3917 in
2649 3852 2912 3917 Nullius

234 3961 357 4024 21.
398 3960 534 4022 lun.
579 3960 769 4024 1629.
824 3962 978 4025 ltem
1029 3959 1307 4026 officium
1355 3959 1655 4025 vacabile.
1686 3996 1729 4008 -
1764 3961 1911 4025 409.
1964 3957 2056 4023 Ad
2093 3957 2356 4023 sormam
2406 3955 2768 4021 huiusmodi
2811 3955 2910 4021 di-

228 4059 672 4145 spositionum
721 4064 786 4127 S.
826 4065 898 4127 C.
941 4065 1136 4127 Conc.
1191 4063 1566 4150 nuperrime
1610 4060 1989 4147 approbavit
2032 4058 2550 4148 subrogationem
2587 4076 2813 4123 census
2846 4058 2913 4123 in

226 4164 458 4230 locum
506 4164 1006 4249 participationis
1051 4183 1171 4251 pro
1222 4165 1403 4230 titulo
1451 4163 1859 4229 constitutae.
1894 4200 1938 4212 -
1978 4165 2127 4228 410.
2183 4160 2632 4227 Patrimonium
2678 4162 2915 4227 consti-

230 4276 435 4331 tuere
481 4278 748 4350 possunt
794 4266 954 4332 bona
1006 4267 1070 4332 in
1119 4266 1313 4332 forma
1365 4266 1517 4331 iuris
1563 4264 1765 4329 valida
1814 4264 2038 4330 donata
2087 4277 2153 4329 et
2186 4263 2608 4330 inalienabilia
2644 4262 2707 4328 in
2741 4263 2911 4329 hunc

222 4366 443 4434 finem
495 4367 743 4434 effecta.
779 4406 823 4418 -
854 4373 1003 4436 411.
1039 4370 1193 4435 Item
1231 4367 1529 4453 obligatio
1575 4364 1957 4450 (dummodo
1990 4386 2116 4432 non
2151 4364 2527 4451 personalis,
2565 4364 2716 4430 vide
2752 4364 2911 4430 infra

229 4491 315 4538 n.
348 4470 533 4557 419.)
586 4471 990 4558 persolvendi
1045 4471 1380 4558 quotannis
1425 4487 1735 4533 summam
1787 4467 1960 4533 iuxta
2011 4479 2206 4533 taxum
2257 4468 2663 4552 synodalem,
2717 4465 2911 4533 modo

224 4572 329 4640 sit
378 4573 665 4659 legitime
713 4576 958 4652 emissa,
997 4585 1061 4639 et
1093 4591 1214 4659 per
1247 4573 1404 4639 bona
1437 4569 1675 4636 stabilia
1713 4572 1775 4635 in
1811 4580 1950 4635 tuto
1982 4571 2203 4658 posita.
2242 4609 2289 4622 -
2321 4575 2471 4637 412.
2522 4570 2913 4638 Referuntur

222 4674 556 4761 speciales
602 4676 860 4762 quidam
907 4695 1106 4753 casus,
1159 4674 1223 4740 in
1270 4672 1500 4760 quibus
1549 4672 1766 4738 titulus
1812 4670 2224 4740 ordinationis
2273 4672 2338 4740 in
2385 4675 2565 4740 bonis
2605 4676 2913 4759 patrimo·
