3497 5235
628 315 705 378 60
1364 315 1729 375 lum-notioni·
1772 314 1824 373 Β.
1853 315 2035 391 Oongr.
2063 315 2209 374 Ocno.
2252 313 2524 389 expositio.

630 472 929 545 quorum
979 453 1324 526 nonnulla
1376 451 1493 527 hic
1541 453 1848 525 breviter
1899 453 2355 544 attingemus.
2414 447 2501 521 In
2552 448 2797 539 primis
2847 447 3036 520 idem
3086 442 3273 518 Pon-

628 565 804 639 tifex
854 567 1192 658 optimum
1229 563 1419 640 tactu
1457 564 1602 638 fore
1637 565 1914 653 statuit,
1952 564 2009 636 si
2046 561 2437 637 cardinalis
2468 557 2859 651 Episcopus
2891 554 3269 646 Ostiensis,

632 695 847 768 quem
915 681 1126 768 prout
1193 677 1369 749 alios
1432 672 1820 768 Episcopos
1886 673 2412 748 suburbicarios
2480 669 2751 745 Sixtina
2818 671 2974 763 lege
3041 670 3276 742 teneri

631 806 848 878 supra
900 787 1231 876 diximus,
1289 806 1447 860 cum
1498 787 1803 878 primum
1856 786 1943 859 de
1997 782 2342 858 Ostiensis
2391 783 2731 857 ecclesiae
2764 787 2958 856 statu
2991 781 3279 856 relatio·

632 917 797 972 nem
833 899 1184 987 conficiet,
1223 917 1562 991 magnum
1605 899 1783 970 illud
1817 897 2264 991 privilegium
2296 900 2819 985 commemorat,
2860 894 3053 986 quod
3087 895 3275 967 inter

632 1030 877 1083 omnes
927 1017 1035 1083 est
1085 1008 1431 1102 Episcopo
1509 1006 1817 1084 Ostiensi
1892 1010 2251 1101 peculiare
2281 1062 2301 1098 ‚
2358 1007 2820 1082 consecrandi
2868 1003 3279 1080 Romanum

630 1118 1069 1211 Pontificem,
1109 1122 1459 1211 siquando
1496 1128 1709 1195 antea
1745 1122 2152 1194 charactere
2188 1121 2571 1213 episcopali
2607 1139 2750 1192 non
2785 1117 2997 1192 fuerit
3031 1119 3276 1192 forsan

632 1237 1057 1327 insignitus3
1110 1234 1302 1306 unde
1354 1235 1580 1325 carpit
1629 1234 2067 1307 occasionem
2103 1234 2504 1308 doctissime
2555 1232 2646 1305 ab
2698 1232 2966 1326 origine
3017 1231 3106 1305 de
3157 1251 3284 1306 eo·

640 1347 801 1419 dem
853 1345 1219 1438 privilegio
1271 1344 1691 1419 disserendi.

778 1460 898 1530 23.
943 1458 1159 1530 Affert
1210 1457 1469 1530 deinde
1521 1456 1925 1549 exemplum
1960 1455 2291 1551 Episcopi
2327 1457 2910 1554 SalishurgensiS,
2951 1456 3075 1546 qui
3108 1456 3277 1529 olim

635 1570 1000 1662 privilegio
1037 1570 1405 1661 singulari,
1461 1569 1820 1661 dignoque
1870 1569 2111 1661 plane,
2165 1569 2354 1662 quod
2390 1571 2461 1642 in
2496 1570 2723 1664 prima
2758 1568 3098 1641 relatione
3134 1576 3282 1642 sta-

638 1688 756 1754 tus
805 1681 1147 1755 ecclesiae
1197 1679 1289 1752 ab
1340 1699 1773 1773 unoquoque
1825 1679 2364 1776 Archiepiscopo
2431 1680 2755 1753 facienda
2818 1688 3275 1770 memoretur,

638 1791 1134 1881 decorabatur,
1175 1791 1653 1864 constituendi
1703 1792 1969 1867 scilicet
2023 1800 2326 1883 quatuor
2381 1789 2767 1883 Episcopos
2818 1788 3275 1879 Gurcensem‚

638 1903 1148 1993 Chiemensem‚
1214 1905 1704 1977 Secoviensem
1757 1910 1827 1977 et
1876 1902 2376 1994 Levantinum,
2434 1904 3016 1994 quotiescumque
3085 1902 3285 1975 vide·
3359 1898 3368 1907 '

636 2015 801 2089 licet
856 2035 1098 2088 eorum
1131 2012 1687 2106 Episcopatuum
1724 2016 1999 2088 vacatio
2036 2016 2430 2089 accidisset.
2471 2012 2697 2087 Hodie
2733 2031 2895 2087 vero
2930 2013 3021 2086 ob
3057 2031 3283 2086 novas

639 2146 798 2201 cum
855 2125 1251 2218 Apostolica
1303 2125 1483 2200 Sede
1533 2129 1750 2200 initas
1802 2129 2303 2201 conventiones
2349 2128 2795 2221 privilegium
2853 2126 2987 2198 hoc
3044 2126 3282 2217 ipsum

640 2240 1018 2313 evanidum
1069 2239 1333 2311 factum
1385 2247 1519 2327 est,
1577 2257 1659 2311 ac
1710 2240 2000 2331 insuper
2029 2240 2334 2329 aliquae
2385 2259 2472 2312 ex
2515 2241 2688 2331 ipsis
2739 2238 3285 2311 exstinctionem

592 2394 601 2405 ·
639 2373 1020 2448 perpessae
1071 2361 1283 2443 sunt3
1337 2360 1411 2427 at
1458 2372 1624 2427 vero
1673 2355 1928 2428 saltem
1977 2355 2392 2428 eruditionis
2442 2355 2816 2428 historicae
2852 2371 3095 2442 causa,
3135 2371 3286 2424 non

648 2474 832 2539 esset
885 2465 1014 2537 abs
1063 2484 1166 2555 re,
1224 2465 1283 2538 si
1338 2464 1510 2556 quid
1562 2466 2006 2540 innueretur.

784 2577 903 2650 24.
947 2575 1321 2650 Praeterea
1370 2577 1563 2651 idem
1614 2575 1938 2653 Pontifex
1990 2577 2206 2653 verba
2260 2577 2426 2654 facit
2496 2578 2584 2653 de
2661 2577 3023 2672 privilegio
3055 2629 3076 2667 ‚
3134 2593 3284 2668 quo

640 2689 966 2763 nonnulli
1017 2685 1351 2781 Episcopi
1401 2687 1761 2780 fruuntur,
1823 2690 2217 2784 inungendi
2274 2710 2682 2782 supremum
2742 2691 3050 2763 nationis
3107 2707 3286 2762 suae

641 2803 1060 2893 principem3
1118 2802 1308 2892 quod
1358 2800 1671 2893 profecto
1720 2803 2071 2900 ‘eiusmodi
2122 2808 2256 2893 est,
2312 2810 2393 2875 ut
2444 2802 2535 2875 ab
2586 2799 2981 2893 EpiscopiS‚
3038 2800 3162 2891 qui
3197 2818 3285 2873 eo

650 2915 947 3007 pollent,
1003 2915 1077 2986 in
1130 2920 1323 2986 statu
1372 2913 1742 2987 referendo
1794 2916 2084 2989 minime
2135 2917 2414 2988 silentio
2466 2921 2978 3008 praetereatur.

790 3027 909 3098 25.
957 3024 1104 3097 Alia
1163 3025 1525 3116 complura
1586 3027 1796 3099 adiici
1862 3035 2152 3117 possent
2210 3028 2563 3119 exempla3
2628 3027 2757 3099 sed
2815 3043 2999 3116 quae
3058 3025 3279 3098 allata

643 3144 838 3227 sunt,
896 3138 989 3209 ad
1039 3156 1189 3210 rem
1240 3145 1552 3210 nostram
1605 3141 1780 3210 satis
1830 3157 1982 3212 esse
2035 3140 2392 3212 videntur.
2450 3136 2694 3211 Potius
2755 3137 3049 3230 gradum
3108 3135 3286 3209 faci-

644 3269 802 3324 mus
852 3252 947 3324 ad
997 3253 1418 3343 exponenda
1467 3253 1834 3345 privilegia
1890 3251 2287 3327 Abbatihus
2338 3272 2421 3326 ac
2451 3248 2795 3326 Praelatis
2834 3250 3290 3325 inferioribus

644 3381 784 3435 non
841 3382 995 3435 raro
1049 3383 1089 3435 a
1142 3362 1427 3436 Summo
1478 3361 1816 3438 Pontifice
1867 3366 2087 3438 tribui
2139 3365 2374 3454 solita,
2431 3383 2733 3456 quorum
2785 3381 3293 3437 commemora-

642 3475 742 3546 tio
795 3476 867 3546 in
920 3481 1150 3547 status
1200 3476 1543 3548 relatione
1596 3476 1863 3549 nedum
1914 3476 2325 3569 expedienti,
2382 3476 2508 3548 sed
2561 3482 2630 3548 et
2681 3476 3077 3549 necessaria
3123 3493 3295 3547 cen-

643 3586 779 3658 seri
833 3593 1098 3678 potest,
1152 3588 1394 3677 qualia
1445 3593 1612 3660 sunt
1663 3588 2011 3679 synodum
2064 3588 2558 3661 dioecesanam
2606 3586 3042 3674 celebrandi,
3080 3604 3295 3678 paro-

645 3698 935 3770 chorum
1012 3717 1429 3772 concursum
1501 3698 1863 3790 habendi,
1927 3706 2293 3772 tonsuram
2357 3698 2767 3772 conferendi
2833 3717 2918 3771 ac
2981 3698 3291 3769 minores

645 3807 989 3901 Ordines,
1046 3812 1376 3884 tradendi
1428 3810 1862 3884 dimissorias
1928 3828 2056 3902 pro
2107 3816 2403 3883 tonsura
2463 3830 2546 3884 ac
2595 3810 2814 3883 sacris
2866 3807 3285 3897 OrdinihuS,

649 3930 718 3995 et
788 3921 1334 3995 administrandi
1405 3918 1940 3995 Sacramentum
2000 3920 2591 4012 ConfirmationiS,
2655 3929 2727 3995 et
2784 3922 2844 3994 si
2903 3939 3088 4013 quae
3151 3919 3292 3992 alia

646 4036 991 4107 eiusmodi
1044 4035 1211 4107 sint.
1266 4031 1459 4116 Quae
1511 4052 1684 4106 sane
1739 4035 2064 4123 materia,
2118 4040 2200 4106 ut
2251 4035 2465 4126 paulo
2514 4034 2796 4128 plenius
2856 4051 2939 4106 ac
2995 4032 3290 4122 clariuS‚

644 4158 851 4238 prout
902 4168 1015 4222 res
1066 4149 1403 4241 postulat,
1462 4149 1878 4240 explicetur,
1936 4149 2179 4240 aliqua
2231 4150 2752 4242 praemittenda
2797 4154 2993 4223 sunt.

775 4261 895 4333 26.
921 4258 1199 4353 Triplex
1226 4268 1334 4334 est
1359 4258 1840 4334 Praelatorum
1870 4261 2277 4335 inferiorum
2304 4263 2599 4354 species.
2618 4260 2854 4337 Prima
2881 4267 2988 4336 est
3015 4280 3294 4354 eorum,

647 4370 769 4461 qui
821 4379 1161 4463 praesunt
1212 4379 1402 4446 certo
1457 4375 1694 4465 generi
1747 4392 2207 4467 personarum
2245 4375 2830 4448 commorantium
2862 4376 3050 4448 intra
3086 4381 3300 4469 septa

646 4482 945 4555 alicuius
995 4485 1359 4573 ecclesiae,
1415 4485 1523 4557 vel
1579 4487 1988 4559 monasterii
2040 4505 2198 4560 cum
2250 4487 2532 4579 passiva
2585 4487 3031 4580 exemptione
3083 4507 3128 4560 a
3185 4489 3305 4562 iu-

642 4593 1048 4669 risdictione
1100 4594 1457 4691 Episcopi.
1513 4593 1840 4672 Secunda
1891 4600 2161 4691 species
2211 4607 2319 4672 est
2355 4598 2834 4672 Praelatorum
2869 4599 3306 4673 habentium

643 4704 1201 4780 iurisdictionem
1254 4709 1554 4781 activam
1606 4710 1679 4782 in
1732 4712 1995 4783 clerum
2049 4718 2118 4785 et
2154 4711 2494 4804 populum
2545 4713 2720 4788 certi
2768 4712 2949 4803 loci,
3007 4713 3132 4802 qui
3186 4719 3310 4786 ta-
