3497 5235
1082 306 1202 381 οη).
1228 306 1325 364 111.
1369 304 1441 365 Dc
1482 306 1616 366 clero
1657 306 1929 365 sumlui.
1969 309 2024 382 §-
2050 308 2129 366 18.
2823 306 2939 370 495

415 440 584 510 433.
646 465 682 506 x»
728 438 832 512 Ad
883 436 945 510 I.
1005 437 1090 511 In
1144 441 1617 514 Mediolanen.
1661 442 1777 513 die
1837 443 1951 512 11.
2005 441 2185 534 Aug.
2250 444 2463 516 1595.
2530 441 2648 537 (ut
2700 445 2820 516 lib.
2860 443 2934 517 8.

286 579 319 620 ›
352 553 607 624 decret.
642 572 811 644 paq.
854 548 1056 648 41.).·
1093 550 1375 625 Nullam
1428 554 1692 643 requiri
1746 555 2235 644 monitionem,
2278 563 2358 628 ut
2415 557 2592 629 illud
2631 560 2937 629 amittat.

417 688 453 733 »
499 664 604 736 Ad
656 664 729 735 2.
789 664 905 736 die
960 666 1030 736 7.
1072 661 1231 737 Oct.
1273 673 1346 737 et
1402 667 1468 736 1.
1510 663 1678 738 Dec.
1727 666 1973 738 1612.;
2024 663 2264 738 Potiri.
2321 665 2413 740 Et
2464 670 2522 740 si
2560 669 2948 741 beneficia-

285 802 320 847 »
353 784 467 849 tus
517 776 638 863 sit,
680 793 1139 866 nequaquam
1198 778 1531 850 incidisse
1586 778 1659 847 in
1712 796 2017 869 poenam
2069 779 2488 870 privationis
2540 800 2580 851 a
2617 778 2814 852 Sixto
2852 776 2935 852 V.

283 912 318 957 ›
355 888 785 978 impositam,
845 888 1449 975 quemadmodum
1503 889 1894 961 declaravit
1945 892 2160 963 etiam
2214 886 2681 963 Innocentius
2731 888 2939 963 XIII.

287 1025 320 1066 ›
356 996 651 1070 Constit.
694 999 1077 1091 Apostolici
1125 1000 1507 1072 ministerii
1566 1000 1679 1071 13.
1724 997 1887 1071 Maii
1945 1002 2159 1073 1723.
2217 1020 2431 1092 super
2468 1003 2947 1076 ecclesiastica

285 1137 318 1178 ›
355 1110 732 1202 disciplina
787 1110 860 1182 in
900 1111 1136 1202 regnis
1170 1108 1707 1202 Hispaniarum,
1751 1130 1966 1201 quam
2007 1110 2278 1184 Bened.
2324 1108 2527 1183 XIII.
2570 1114 2949 1186 confirma-

284 1247 316 1291 »
353 1223 453 1294 vit
503 1219 800 1294 Constit.
874 1224 956 1294 In
1011 1242 1331 1315 supremo
1382 1223 1504 1294 24.
1575 1217 2013 1313 Septembris
2081 1225 2293 1296 1724.
2351 1221 2439 1295 In
2507 1226 2695 1299 dicta
2751 1228 2945 1300 enim

280 1357 316 1402 »
354 1329 607 1405 Innoc.
648 1331 946 1405 Constit.
986 1331 1060 1429 ξ.
1107 1336 1177 1406 7.
1223 1336 1320 1406 ita
1359 1335 1643 1426 legitur:
1703 1332 2193 1423 DecernimuS,
2235 1336 2453 1425 quod,
2504 1338 2562 1408 si
2613 1339 2735 1428 qui
2772 1344 2944 1412 sunt

284 1470 321 1514 ν
357 1447 587 1518 clerici
643 1454 768 1519 aut
805 1448 1030 1537 prima
1071 1454 1390 1534 tonsura,
1431 1452 1556 1519 aut
1593 1443 1984 1517 Ordinibus
2022 1446 2417 1519 minoribus
2453 1449 2742 1535 initiati,
2785 1449 2945 1521 nul-

282 1560 649 1649 »lamque
701 1560 1257 1632 ecclesiasticum
1336 1558 1763 1630 beneficium
1846 1558 2322 1650 possidenteS,
2388 1560 2539 1648 qui,
2599 1561 2942 1651 neglectis

282 1696 318 1740 >
354 1669 642 1743 Concilii
695 1668 1095 1744 Tridentini
1149 1670 1480 1758 decretiS,
1535 1669 1866 1742 habitum
1920 1670 2362 1758 clericalem,
2422 1689 2507 1742 ac
2578 1677 2942 1743 tonsuram

283 1808 320 1850 ›
359 1800 502 1853 non
556 1782 911 1871 delerant,
952 1783 1065 1853 vel
1118 1783 1175 1854 si
1223 1783 1435 1854 etiam
1473 1781 1830 1867 deserant,
1873 1799 2015 1852 non
2052 1786 2295 1854 tamen
2331 1789 2564 1854 certae
2602 1783 2942 1857 ecclesiae

282 1920 319 1962 ›
359 1901 484 1965 aut
539 1894 689 1965 loco
743 1894 886 1985 pio,
930 1895 1042 1965 cui
1097 1911 1181 1964 ex
1237 1894 1578 1964 mandato
1630 1890 1959 1983 Episcopi
2008 1894 2346 1984 adscripti
2386 1894 2675 1982 fuerint,
2718 1896 2943 1968 inser-

286 2031 323 2073 ›
362 2005 585 2092 viant,
629 2006 777 2077 sive
830 2006 903 2076 iu
955 2004 1335 2076 seminario
1388 2005 1896 2092 ecclesiasticO,
1939 2004 2049 2077 vel
2104 2006 2177 2075 in
2230 2006 2472 2095 aliqua
2524 2006 2766 2078 schola
2819 2013 2946 2080 aut

285 2140 321 2185 ›
359 2117 824 2188 universitate
879 2116 968 2188 de
1021 2116 1307 2188 licentia
1359 2116 1469 2187 sui
1523 2112 1882 2189 Ordinarii
1935 2133 2079 2186 non
2132 2123 2529 2205 versentur,
2579 2115 2938 2209 Episcopi,

283 2255 320 2297 ›
362 2230 557 2301 nulla
612 2230 827 2302 etiam
893 2229 1285 2320 praemissa
1357 2228 1772 2315 monitione,
1830 2245 1951 2300 eos
2002 2227 2368 2319 privilegio
2437 2228 2566 2300 fori
2631 2230 2943 2320 privatos

287 2363 324 2407 ιι
364 2340 769 2428 declarent,
834 2358 1224 2429 eorumque
1302 2340 1855 2430 adscriptionem
1929 2340 2214 2411 servitio
2292 2346 2527 2412 certae
2601 2341 2941 2413 ecclesiae

286 2478 322 2521 ›
365 2459 577 2524 antea
631 2451 892 2524 factam
945 2453 1167 2525 deleri
1220 2450 1543 2525 iubeant.

425 2590 463 2633 ι»
508 2566 605 2638 Ad
664 2567 734 2638 3.
777 2561 863 2635 Iu
899 2567 1166 2657 Aquen.
1227 2582 1468 2637 mense
1521 2561 1864 2636 Februar.
1929 2563 2140 2637 1589.
2203 2557 2320 2657 (ut
2371 2564 2492 2636 lib.
2551 2566 2623 2639 5.
2682 2565 2937 2638 decret.

277 2702 317 2747 >
346 2671 761 2776 paq.257).·
797 2675 953 2750 Non
995 2678 1294 2768 intelligi
1332 2678 1642 2768 privatos
1671 2676 2038 2767 privilegio
2066 2677 2389 2764 canonis;
2431 2683 2501 2748 et
2531 2678 2645 2748 die
2680 2678 2794 2749 15.
2821 2675 2947 2749 Se-

274 2814 317 2859 »
357 2789 627 2880 ptemb.
679 2791 891 2862 1595.
935 2791 1009 2862 in
1046 2790 1383 2862 Nullius:
1435 2784 1760 2859 Gaudere
1800 2787 2166 2878 privilegio
2218 2805 2376 2877 cap.
2426 2788 2837 2872 Odoardu3‚·
2873 2794 2945 2859 et

275 2924 318 2969 ιν
357 2900 617 2972 clarius
670 2919 827 2973 cum
883 2901 998 2973 die
1053 2903 1125 2972 3.
1174 2898 1540 2971 Decembr.
1589 2899 1802 2970 1622.
1866 2899 2268 2987 quaesitum
2327 2899 2618 2970 fuisset:
2677 2898 2811 2986 An,
2867 2903 2943 2971 ut

273 3034 316 3079 ιν
358 3011 655 3082 clericus
707 3013 810 3082 uti
865 3020 1103 3102 posset
1152 3010 1500 3083 beneficio
1552 3006 1724 3098 Cap.
1772 3009 2172 3088 odoardus,
2212 3010 2744 3097 requirerentur
2780 3027 2937 3081 con·

275 3145 317 3189 ›
356 3121 664 3194 ditiones
702 3125 1182 3217 praescriptae
1219 3143 1259 3193 a
1298 3118 1458 3193 Sac.
1500 3117 1764 3192 Concil.
1811 3121 1991 3193 Sess.
2022 3118 2146 3192 23.
2183 3138 2340 3210 cap.
2378 3120 2485 3201 6..
2523 3137 2945 3209 responsum

271 3256 316 3302 ›
359 3231 536 3303 fuit:
595 3230 972 3307 Decretum
1025 3232 1236 3306 Conc.
1279 3232 1627 3304 ademisse
1683 3232 1956 3303 clericis
2011 3249 2154 3302 non
2207 3230 2644 3302 habentibus
2715 3231 2947 3319 quali-

271 3367 316 3410 »
358 3349 569 3431 tateS,
612 3362 800 3433 quae
852 3347 1363 3438 exprimuntur·
1400 3365 1558 3436 cap.
1597 3344 1667 3417 6.
1715 3345 1895 3417 Sess.
1927 3340 2089 3424 23„
2131 3342 2260 3413 nisi
2301 3343 2742 3434 privilegium
2783 3340 2940 3431 tori,

270 3478 316 3522 ι»
357 3461 430 3526 et
483 3461 717 3526 cetera
770 3457 972 3529 firma
1023 3475 1389 3529 remanere
1425 3456 1560 3528 sub
1596 3455 2062 3547 dispositione
2099 3455 2273 3526 iuris
2315 3451 2479 3549 (lib.
2525 3455 2641 3529 12.
2684 3456 2938 3529 decret.

272 3589 315 3632 »
347 3584 522 3657 paq.
568 3564 774 3663 115).

427 3702 464 3744 ›
510 3678 612 3749 Ad
652 3678 723 3748 4.
766 3675 849 3749 In
887 3680 1365 3771 Neapolitana
1399 3698 1641 3752 mense
1677 3674 1886 3751 Iunio
1944 3677 2156 3750 1587.
2201 3686 2271 3753 et
2308 3682 2378 3752 in
2428 3682 2737 3754 Meliten.
2783 3680 2947 3752 Fori

271 3811 316 3857 ›
360 3788 431 3858 7.
477 3786 637 3859 Maii
683 3790 896 3861 1672.
938 3786 1100 3886 (lib.
1142 3790 1265 3862 27.
1307 3792 1562 3863 decret.
1598 3809 1767 3882 paq.
1810 3786 2055 3886 379.).·
2103 3788 2454 3865 Gaudere.

428 3901 597 3971 434.
644 3925 681 3968 ι»
721 3898 920 3983 Quod
973 3904 1031 3973 si
1089 3920 1419 3991 quaeraS,
1456 3920 1552 3972 *an
1587 3902 1883 3975 clericus
1941 3911 2081 3974 tam
2137 3903 2417 3976 coelebs
2453 3923 2668 3995 quam
2706 3903 2949 3974 coniu-

274 4035 321 4080 >
363 4019 573 4102 gatus
628 4032 770 4084 non
823 4014 1128 4103 implens
1182 4014 1623 4085 conditiones
1676 4034 1716 4084 a
1770 4012 2081 4086 Concilio
2133 4014 2251 4087 hic
2301 4017 2775 4106 praescriptas
2829 4014 2951 4085 de-

276 4150 321 4191 »
362 4125 628 4195 clinare
683 4127 906 4216 possit
958 4124 1185 4196 iorum
1238 4124 1629 4213 saeculare,
1669 4133 1740 4198 et
1794 4146 1887 4197 an
1928 4146 1966 4196 a
2007 4126 2239 4198 iudice
2275 4127 2453 4198 laico
2490 4125 2951 4216 comprehen-

274 4259 323 4302 »
364 4253 486 4305 sus
562 4244 848 4328 propter
925 4237 1215 4327 aliquod
1292 4237 1627 4308 delictum
1706 4255 1788 4308 eo
1867 4243 2185 4329 tempore
2264 4240 2741 4326 commissum,
2809 4255 2950 4326 quo

276 4372 323 4416 ι»
366 4348 703 4419 laicorum
760 4368 950 4422 more
1021 4350 1317 4422 indutus
1389 4347 1793 4437 incedebat,
1845 4354 2067 4439 repeti
2135 4351 2359 4440 possit
2410 4348 2500 4420 ab
2572 4347 2947 4440 EpiscopO,

273 4484 320 4529 >
368 4460 769 4549 debitisque
826 4461 893 4530 in
948 4480 1106 4533 eum
1148 4461 1397 4552 poenis
1442 4462 1955 4533 animadverti:
2016 4480 2142 4552 pro
2179 4479 2517 4550 responso
2553 4461 2643 4531 ad
2684 4467 2955 4531 utrum-

273 4594 322 4637 »
363 4590 500 4660 que
539 4571 837 4643 dubium
874 4569 1145 4643 Bened.
1192 4569 1378 4643 XIV.
1422 4572 1504 4643 de
1544 4573 1806 4664 Synod.
1841 4573 2057 4644 diaeo.
2100 4574 2220 4645 lib.
2260 4573 2422 4645 XII.
2468 4591 2625 4664 cap.
2657 4572 2729 4643 2.
2766 4592 2840 4644 η.
2874 4571 2946 4642 A.

272 4706 322 4752 ι»
363 4701 674 4773 sequens
727 4682 943 4757 refert
991 4685 1382 4776 decretum,
1424 4686 1601 4756 alias
1637 4686 1938 4773 editum,
1980 4692 2052 4758 et
2089 4683 2629 4778 Arcbiepiscopo
2679 4681 2957 4777 Neapo-
