3497 5235
589 303 708 368 282
1338 309 1707 369 humationi·
1748 310 1802 369 Β.
1832 312 2015 386 Οοιιςτ.
2041 312 2188 371 Ocno.
2229 305 2499 388 expositio.

595 441 668 513 S.
708 441 1071 532 Hyppoliti
1126 444 1379 515 Servit.
1438 444 1629 516 chor.
1685 451 1752 517 et
1802 445 2001 521 MisS.
2051 448 2264 521 Conv.
2307 448 2429 518 23.
2470 440 2630 517 Ian.
2684 446 2897 517 1864.
2957 448 3261 517 testatur

519 605 524 610 .
589 552 844 639 solium
894 554 967 625 in
1009 553 1366 627 Mutilana
1398 556 1629 627 Absol.
1670 562 1737 629 et
1776 557 1943 629 Red.
1985 559 2106 629 26.
2149 554 2328 629 Nov.
2368 558 2688 630 eiusdem
2743 559 2917 629 anni
2953 555 3028 651 §-
3073 557 3255 629 Erit.

588 660 768 736 Vide
826 668 898 739 S.
932 667 1289 758 Hyppoliti
1325 668 1565 740 servit.
1608 668 1797 740 chor.
1839 669 1960 740 24.
2009 669 2184 761 Aug.
2224 671 2472 758 1867.,
2512 668 2639 741 ubi
2678 687 2863 759 quae
2898 668 3047 740 sint
3085 667 3261 740 festa

591 778 1045 866 solemniora,
1087 796 1274 867 quae
1311 796 1474 851 vero
1510 779 1884 869 solemnia,
1941 782 2147 854 docet
2199 779 2273 852 S.
2305 779 2380 853 C.
2421 779 2575 852 Rit.
2616 782 2691 852 iu
2727 780 2966 852 foliolo
3011 798 3264 851 manu-

592 889 878 979 scripto.
2458 957 2463 960 .

744 1001 857 1071 18.
917 996 1149 1072 Tertio
1201 1000 1353 1073 loco
1406 1020 1637 1092 aequa
1692 1022 1909 1075 causa
1963 1003 2247 1075 videtur
2296 1004 2572 1095 longior
2623 1022 2665 1072 a
2717 1002 3119 1075 cathedrali
3156 1002 3260 1074 vel

593 1113 966 1205 collegiata
1019 1114 1364 1186 distantia
1417 1123 1488 1188 et
1540 1117 1814 1190 viarum
1885 1119 2237 1208 asperitas
2293 1141 2331 1183 ιι
2362 1136 2548 1207 qnae
2601 1116 2745 1188 duo
2810 1115 3265 1188 incommoda

594 1247 633 1293 ι»
673 1219 823 1319 (ita
887 1225 1175 1297 Valven.
1222 1229 1418 1300 Serv.
1461 1228 1652 1300 chor.
1693 1228 1815 1299 24.
1856 1225 2036 1300 Nov.
2084 1230 2296 1300 1838.
2337 1226 2412 1322 ἓ.
2457 1231 2539 1300 In
2592 1224 2854 1322 causa)
2912 1246 3043 1318 pro
3094 1227 3266 1318 legi-

592 1358 632 1403 »
671 1336 864 1407 timis
918 1338 1154 1409 causis
1187 1338 1456 1429 pluries
1491 1337 1748 1411 babuit
1784 1339 1963 1411 haec
2000 1338 2072 1411 S.
2107 1337 2216 1426 C.,
2257 1345 2337 1410 ut
2374 1340 2737 1412 canonicis
2774 1339 3046 1411 servitii
3084 1355 3267 1410 onus

593 1470 633 1515 ν
674 1453 1218 1539 temperaretur,
1261 1450 1407 1520 sive
1462 1468 1591 1540 per
1625 1449 1940 1523 alternas
1977 1449 2495 1540 hebdomadaS,
2537 1451 2687 1522 sive
2721 1451 3109 1524 continuas
3148 1467 3268 1541 per

593 1560 945 1650 »aliquid
980 1561 1322 1651 temporis
1355 1562 1765 1634 vacationes
1801 1561 2204 1634 concedens
2239 1558 2615 1657 (Recanat.
2663 1563 2859 1634 Serv.
2902 1561 3103 1633 chor.
3149 1561 3263 1631 21.

594 1696 633 1739 »
670 1668 847 1742 Nov.
898 1670 1168 1767 1829.)
1225 1672 1677 1745 Conversana
1725 1675 1847 1746 20.
1906 1672 2243 1746 Decemb.
2303 1674 2550 1763 1834„
2607 1673 3075 1765 Hydra-mina
3156 1673 3262 1744 16.

594 1806 632 1848 »
673 1781 1038 1873 Septemb.
1087 1784 1301 1855 1837.
1337 1810 1374 1851 ν
1431 1780 1632 1857 Idem
1686 1787 1760 1856 in
1813 1785 2181 1878 praedicta
2244 1787 2531 1860 Valven.
2573 1784 2651 1879 ἓ.
2691 1787 2776 1858 In
2828 1805 3080 1857 causa.

742 1896 857 1965 19.
915 1891 1182 1976 Quarto
1233 1895 1385 1967 loco
1439 1901 1694 1969 auctus
1744 1896 2212 1987 psallentium
2248 1914 2616 1985 numeruS,
2659 1903 2737 1968 ut
2773 1897 2846 1967 in
2885 1896 3269 1987 anubina

595 2005 789 2079 Serv.
825 2006 1013 2078 chor.
1047 2006 1162 2077 13.
1195 2003 1354 2078 Ian.
1396 2008 1611 2079 1795.
1648 2010 1745 2081 ad
1773 2008 1882 2089 4„
1906 2010 2189 2101 Reqien.
2218 2010 2412 2082 Serv.
2449 2009 2639 2081 chor.
2667 2010 2787 2079 27.
2816 2006 2979 2098 Apr.
3012 2007 3268 2093 1776„

592 2124 665 2190 et
714 2117 1036 2190 confirm.
1084 2118 1200 2187 14.
1244 2116 1450 2191 Mart.
1498 2122 1712 2192 1778.
1773 2122 1967 2212 apud
2020 2123 2250 2212 ipsam
2321 2127 2786 2193 memoratam
2837 2120 3276 2193 Lucerinum

587 2226 663 2324 ἓ.
702 2229 874 2304 Cum
900 2230 1315 2321 insuper,in
1345 2250 1488 2322 qua
1519 2233 1820 2305 aderant
1850 2234 2097 2325 viginti
2129 2234 2482 2322 canonici,
2518 2231 2783 2322 quibus
2819 2250 3013 2303 anno
3046 2232 3268 2303 1837.

591 2346 1043 2415 accesserant
1094 2342 1339 2416 decem
1393 2345 1858 2418 mansionarii
1909 2364 2078 2417 cura
2129 2352 2202 2419 et
2252 2351 2543 2436 sumptu
2595 2341 2902 2435 Capituli
2953 2344 3222 2434 ipsius.

599 2491 606 2504 ··
740 2455 862 2526 20.
919 2449 1006 2552 In
1057 2454 1464 2527 huiusmodi
1525 2456 1995 2549 implorandis
2045 2456 2346 2529 indultis
2397 2456 2725 2528 canonici
2778 2460 3103 2526 oratores
3161 2472 3277 2525 ve-

590 2564 784 2638 niam
862 2567 1077 2639 etiam
1153 2585 1675 2658 nonnunquam
1739 2567 2140 2661 efflagitant
2217 2566 2765 2641 distributiones
2817 2563 3277 2658 percipiendi

589 2683 912 2770 tempore
959 2674 1350 2753 'absentiae
1381 2734 1401 2770 ,
1477 2700 1697 2771 quam
1747 2678 1821 2752 S.
1862 2678 1936 2753 C.
1995 2681 2385 2771 aliquando
2440 2704 2479 2747 ει
2518 2698 2605 2752 ex
2669 2677 2962 2770 speciali
3036 2678 3275 2769 gratia

592 2812 633 2860 ν
674 2790 1023 2863 concessit
1073 2787 1206 2884 (ita
1244 2792 1486 2865 Alben.
1529 2794 1653 2868 cit.
1692 2793 1769 2889 g.
1811 2787 2233 2887 Postremo),
2290 2801 2368 2866 ut
2408 2794 2707 2865 attentis
2744 2792 2985 2863 forsan
3024 2790 3279 2862 distri-

590 2925 634 2970 ,
672 2901 1095 2975 butionibus
1148 2905 1630 2995 tenuissimi5‚
1706 2925 1895 2997 quae
1947 2924 2184 2997 neque
2235 2923 2397 2978 cum
2458 2904 2891 2998 praebendis
2951 2902 3045 2974 ad
3104 2919 3279 2974 con-

592 3018 632 3083 »
674 3034 922 3108 gruam
968 3015 1424 3087 sufficiebant
1458 3017 1960 3090 canonicorum
1998 3018 2625 3106 sustentationem,
2659 3016 2805 3107 egit
2840 3017 2913 3087 in
2947 3013 3275 3087 Oriolen.

593 3152 632 3195 »
673 3130 743 3199 6.
789 3128 955 3201 Dec.
1003 3129 1247 3218 1794„
1305 3128 1730 3219 plerumque
1782 3130 2187 3222 denegavit,
2243 3136 2324 3201 ut
2377 3131 2450 3200 in
2508 3127 2751 3200 Illerd.
2794 3125 3178 3199 Absentiae
3212 3128 3283 3194 et

592 3263 632 3308 ν
673 3240 954 3313 distrib.
998 3241 1069 3312 3.
1111 3238 1321 3312 Mart.
1370 3241 1579 3312 1792.
1624 3240 1717 3311 ad
1765 3242 1833 3312 1.
1878 3241 2089 3331 dub.,
2128 3242 2617 3331 Hipporeqien.
2663 3242 2863 3312 Serv.
2905 3235 3101 3308 chor.
3148 3236 3278 3308 30.

593 3374 633 3419 ›
672 3347 882 3423 Mart.
930 3352 1143 3424 1830.
1188 3351 1279 3421 ad
1334 3353 1405 3422 2.
1435 3378 1473 3420 »

599 3504 602 3507 -
735 3463 857 3533 21.
897 3459 1287 3552 Nonnulla,
1322 3482 1508 3554 quae
1544 3465 1631 3537 de
1663 3466 2006 3538 facultate
2033 3464 2519 3538 substituendi
2550 3469 2804 3554 agunt,
2837 3460 3284 3552 exponenda

591 3580 1004 3665 supersunt.
1064 3575 1427 3648 Statutum
1478 3584 1587 3649 est
1640 3577 1713 3647 in
1767 3574 1977 3649 Conc.
2020 3573 2211 3648 Trid.
2259 3576 2437 3648 8658.
2479 3575 2602 3647 24.
2636 3593 2794 3666 cap.
2838 3572 2957 3645 42.
3000 3572 3087 3643 de
3149 3571 3288 3643 Re-
3440 3566 3442 3593 '

588 3684 844 3776 form„
901 3709 938 3751 «ι
970 3686 1162 3776 quod
1217 3705 1464 3759 omnes
1518 3689 1760 3760 divina
1812 3706 1939 3778 per
1989 3706 2091 3774 se,
2151 3693 2220 3759 et
2263 3706 2407 3758 non
2445 3705 2573 3777 per
2606 3685 3039 3758 substitutos
3076 3702 3288 3754 com·
3440 3674 3442 3741 l

592 3818 632 3863 ›
670 3797 1033 3888 pellantur
1101 3797 1333 3870 officia
1385 3799 1607 3871 obire.
1647 3826 1683 3868 ³>
1739 3798 1847 3870 Ex
1900 3819 2042 3891 quo
2095 3798 2433 3888 insertur,
2503 3798 2885 3870 canonicos
2938 3796 3289 3886 aliosque
3440 3790 3442 3893 J

589 3907 803 3981 choro
859 3912 1303 4001 mancipatos
1357 3912 1574 3985 alium
1623 3912 2068 3986 sacerdotem
2120 3914 2233 3984 vel
2286 3912 2617 3984 clericum
2656 3911 2810 3982 loco
2844 3928 2977 3980 suo
3013 3909 3292 3981 subro-
3440 3966 3442 3973 .

590 4040 757 4113 gare
807 4023 1101 4095 minime
1141 4041 1393 4114 posse3
1451 4025 1666 4114 idque
1705 4025 2023 4115 profecto
2060 4043 2270 4096 nemo
2306 4023 2679 4096 diffitetur.
2739 4017 2932 4092 Illud
2972 4021 3297 4113 insuper

588 4134 818 4224 prima
875 4136 1112 4226 specie
1165 4134 1615 4207 inferendum
1674 4154 1830 4208 esse
1880 4136 2272 4223 videretur,
2331 4135 2616 4206 eosdem
2669 4132 3063 4222 subrogare
3125 4151 3297 4204 non
3440 4152 3442 4191 ¹

583 4263 790 4338 posse
842 4264 1077 4337 neque
1133 4248 1582 4336 canonicum,
1627 4255 1754 4320 aut
1790 4248 2008 4319 alium
2056 4249 2167 4319 sui
2207 4247 2476 4319 ordinis
2512 4246 2791 4317 etiamsi
2829 4245 2919 4315 de
2957 4241 3301 4333 Capituli
3440 4284 3442 4293 ·

587 4358 900 4449 gremi03
957 4364 1028 4430 et
1079 4376 1155 4430 re
1209 4360 1362 4449 ipsa
1401 4360 1623 4449 aliqui
1663 4377 1898 4431 rerum
1939 4359 2450 4431 canonicarum
2485 4359 2911 4446 interpretes
2946 4355 3304 4445 idipsum
3440 4350 3442 4399 ³

585 4469 748 4539 olim
802 4470 1384 4561 propugnabant,
1441 4471 1662 4543 veluti
1715 4468 2147 4561 van-Espen
2182 4465 2520 4566 (Dissert.
2564 4468 2647 4540 de
2681 4468 2951 4541 Canon.
3001 4487 3076 4559 p.
3136 4469 3302 4540 III.

587 4580 700 4652 tit.
736 4579 805 4651 6.
843 4577 918 4673 §-
960 4577 1079 4676 5.)
1132 4587 1202 4653 et
1253 4579 1525 4653 Beneu.
1568 4578 1762 4652 xlv,
1805 4582 1889 4653 de
1929 4585 2100 4673 syn.
2140 4581 2360 4653 dioec.
2404 4580 2525 4652 ιη).
2563 4576 2679 4651 43.
2722 4596 2880 4669 cap.
2914 4576 2986 4650 9.
3024 4574 3107 4670 g.
3158 4578 3300 4651 12.
3440 4554 3442 4565 '

586 4690 788 4764 citati
826 4710 867 4760 a
905 4689 977 4762 S.
1011 4690 1086 4763 C.
1118 4689 1193 4762 C.
1230 4693 1301 4763 in
1328 4693 1653 4764 Romana
1685 4695 1881 4765 Serv.
1915 4693 2105 4765 chor.
2137 4694 2208 4762 2.
2236 4688 2402 4763 Iun.
2433 4691 2645 4762 1838.
2678 4687 2753 4785 ἓ.
2789 4690 2903 4760 Ex
2928 4688 3161 4760 iuris.
3204 4691 3311 4763 At
3440 4742 3442 4745 -
