3497 5235
675 320 798 397 ⁰⁸1¹·
825 323 894 381 11.
933 323 1005 379 D·
1044 321 1308 397 Bphoopo,
1348 320 1758 396 Archioplmpm
1796 322 2025 381 Primto
2065 323 2122 380 ot
2162 322 2490 381 htx-tuoto.
2532 324 2587 398 g.
2614 323 2665 382 2.
2891 323 3004 385 157

470 453 704 546 Super
756 455 987 527 tribus
1039 457 1233 528 bisce
1288 455 1645 546 capitibus
1697 475 1857 527 cum
1912 463 2062 528 orta
2117 458 2447 546 quaestio
2499 455 2795 546 fuisset,
2854 476 3005 530 rem

336 565 924 658 Archiepiscopus
974 567 1067 639 ad
1118 564 1192 638 S.
1233 564 1307 638 C.
1349 565 1562 638 Conc.
1606 567 1891 655 detulit,
1934 586 2171 659 ,penes
2208 587 2425 659 quam
2465 569 2630 655 tria,
2674 587 2859 659 quae
2896 587 3008 642 se-

337 685 676 770 quuntur,
735 679 960 751 dubia
1011 680 1333 752 discussa
1387 686 1596 750 sunt:
1668 702 1705 747 ‹
1753 680 1817 749 1.
1862 677 1962 751 An
2017 688 2294 753 constet
2348 681 2436 752 de
2493 682 2643 753 iure
2695 679 3003 772 Capituli

337 815 373 860 ι
411 791 1005 883 metropolitanae
1058 791 1403 863 ecclesiae
1456 788 1758 862 Pisanae
1813 791 2149 862 visitandi
2205 790 2587 864 dioecesim
2645 811 2787 863 una
2841 811 3007 864 cum

343 926 376 969 ›
420 902 962 993 Arcbiepiscopo
1030 902 1143 975 vel
1212 904 1366 975 eius
1417 901 1744 994 delegato
1809 903 1883 973 in
1946 898 2169 974 casu?
2234 899 2324 974 Et
2385 911 2747 992 quatenus
2817 903 3008 975 affir-

345 1042 380 1084 ›
416 1018 706 1104 mative,
770 1017 842 1087 2.
883 1012 1072 1087 Num
1119 1017 1445 1090 canonici
1498 1014 1737 1087 Pisani
1792 1016 1883 1087 ad
1947 1017 2424 1088 visitationem
2481 1015 2908 1108 explendam
2965 1034 3007 1086 a

345 1152 378 1193 ›
415 1126 741 1218 Capitulo
794 1127 1164 1217 deputati,
1221 1127 1312 1198 ab
1374 1125 1913 1219 Arcbiepisoopo
1967 1127 2274 1218 primum
2340 1128 2484 1198 sint
2557 1126 3005 1219 approbandi

345 1264 379 1305 ›
417 1240 490 1310 in
543 1234 765 1311 casu?
816 1234 1185 1320 Quatenus
1233 1241 1586 1332 negative,
1645 1242 1715 1311 3.
1760 1234 1946 1309 Num
2000 1240 2072 1310 in
2125 1257 2255 1310 suo
2306 1238 2555 1311 robore
2625 1241 3010 1311 consistere

346 1350 679 1423 »debeat
749 1351 973 1442 gratia
1043 1350 1438 1424 choralium
1507 1349 2095 1425 distributionum
2164 1351 2526 1421 canonicis
2596 1352 3008 1426 visitantem

344 1487 379 1529 ›
416 1460 1049 1554 Archiepisoopum
1100 1463 1543 1535 sociantibus
1580 1480 1914 1535 concessa
1969 1463 2085 1534 die
2142 1463 2209 1533 1.
2252 1458 2620 1554 Septemb.
2671 1464 2887 1536 1832.
2932 1468 3006 1538 in

345 1598 380 1640 ›
414 1568 644 1646 casu?
684 1599 721 1642 ›
780 1574 853 1645 S.
893 1570 967 1644 C.
1026 1575 1440 1664 respondit:
1502 1598 1539 1640 ι
1574 1573 1677 1646 Ad
1720 1575 1787 1644 1.
1822 1574 2271 1663 affirmative,
2313 1577 2487 1647 citra
2523 1582 2765 1646 tamen
2804 1583 3007 1650 actus

343 1709 377 1752 ›
417 1685 1018 1757 iurisdictionales
1069 1686 1158 1756 ad
1220 1684 1842 1777 Archiepiscopum
1892 1704 2018 1757 seu
2076 1683 2492 1759 visitatores
2547 1686 2638 1757 ab
2694 1689 2847 1778 ipso
2885 1688 3010 1761 de-

345 1820 380 1862 »
415 1795 691 1887 legatos
735 1797 1079 1886 privative
1113 1804 1548 1888 spectantes.
1595 1796 1694 1868 Ad
1748 1799 1822 1868 2.
1866 1797 2288 1870 affirmative
2326 1797 2416 1869 ad
2456 1799 2753 1871 formam
2787 1796 3001 1873 Conc.

345 1931 382 1972 ι
420 1903 613 1978 Trid.
672 1905 865 1979 Sess.
906 1909 1027 1979 24.
1087 1926 1149 1980 c.
1194 1911 1265 1980 3.
1326 1909 1430 1981 Ad
1485 1912 1555 1980 3.
1617 1909 2068 1981 affirmative.
2110 1933 2146 1975 ν

479 2019 604 2088 27.
666 2019 955 2090 Sacram
1007 2019 1487 2094 visitationem
1556 2020 1878 2109 quolibet
1948 2038 2166 2107 anno,
2226 2027 2349 2093 aut
2409 2022 2661 2094 saltem
2713 2022 3009 2097 biennio

347 2130 829 2201 renovandam
880 2148 1077 2219 esse,
1135 2131 1510 2204 manifesta
1567 2139 1677 2204 est
1734 2128 2191 2204 Tridentinae
2252 2131 2516 2223 Synodi
2580 2134 2722 2205 lex.
2796 2132 3009 2207 Nulla

344 2248 581 2314 tamen
638 2242 711 2312 in
764 2251 1059 2315 externo
1109 2242 1451 2314 ecclesiae
1513 2242 1661 2314 foro
1731 2251 1923 2316 certa
1989 2263 2218 2335 poena
2290 2246 2546 2336 legitur
2610 2253 2881 2320 statuta
2936 2249 3011 2319 in

344 2373 484 2442 eos,
525 2354 654 2444 qui
693 2372 852 2426 eam
886 2359 1074 2426 stato
1110 2359 1427 2444 tempore
1484 2356 2083 2446 praetermittant.
2142 2353 2559 2428 Dioeceseos
2611 2358 3010 2449 amplitudo

344 2464 732 2556 legitimam
785 2483 928 2536 non
980 2464 1278 2556 praebet
1329 2465 1757 2537 visitationis
1809 2468 2248 2538 omittendae
2299 2487 2633 2572 causam:
2692 2470 3014 2542 disertis-

344 2578 513 2649 sime
568 2578 764 2649 enim
815 2573 1207 2650 Tridentini
1259 2575 1542 2667 PatreS,
1599 2577 1737 2650 bac
1791 2579 2309 2653 interveniente
2363 2599 2623 2671 causa,
2681 2583 3016 2673 provide-

347 2695 533 2778 runt,
577 2688 766 2761 sacta
802 2686 1257 2761 Praesulibus
1294 2697 1649 2781 potestate
1684 2691 1822 2762 sibi
1861 2692 2304 2765 adsciscendi
2336 2690 2777 2783 visitatores,
2814 2694 3010 2767 nullo

349 2801 721 2892 praefinito
775 2819 1095 2873 numero.
1152 2799 1252 2873 De
1305 2801 1440 2873 bac
1491 2820 1566 2874 re
1620 2803 1774 2874 fuse
1826 2804 2183 2893 eloquitur
2232 2802 2535 2897 Crispin.
2597 2806 2647 2876 l.
2690 2825 2753 2878 c.
2796 2825 2844 2877 n
2884 2806 3004 2877 47.

348 2918 413 2985 et
462 2932 537 2984 n.
575 2914 697 2985 53.
741 2918 811 2984 et
846 2913 936 2985 ad
974 2931 1120 2984 rem
1159 2914 1565 3003 exemplum
1619 2915 1824 2987 affert
1875 2914 1947 2988 S.
1990 2913 2214 2987 Caroli
2270 2914 2700 3004 Borromaei‚
2742 2917 2831 2989 de
2868 2935 3011 3007 quo

351 3026 537 3116 apud
593 3022 926 3098 Giussan.
998 3026 1155 3099 Vita
1211 3026 1282 3100 S.
1330 3030 1494 3103 Car.
1535 3028 1744 3098 Borr.
1804 3027 1933 3099 lib.
1976 3029 2047 3099 2.
2108 3047 2267 3120 cap.
2311 3029 2381 3099 4.
2444 3029 2775 3116 traditur,
2818 3028 3013 3118 quod

347 3145 624 3227 praeter
676 3134 1034 3210 vicarium
1085 3136 1507 3213 Generalem
1559 3141 1737 3210 duos
1792 3136 2209 3211 visitatores
2264 3140 2630 3231 generales
2666 3140 3006 3232 elegerat,

356 3266 651 3338 quorum
703 3252 828 3323 uni
881 3252 1133 3323 civitas
1169 3248 1750 3337 Mediolanensis,
1792 3250 1993 3321 alteri
2034 3252 2376 3323 dioecesis
2432 3251 2786 3323 visitanda
2825 3270 3016 3324 com-

358 3361 561 3432 missa
613 3367 795 3434 erat.
856 3357 1161 3454 Insuper
1210 3382 1333 3436 sex
1385 3362 1792 3435 sacerdotes
1844 3362 2362 3453 praefectorum
2398 3364 2608 3437 titulo
2646 3364 3013 3436 decoratos

358 3474 870 3561 nominaverat,
903 3492 1203 3562 quorum
1238 3476 1541 3566 singulis
1577 3482 1768 3548 certa
1806 3475 2116 3547 civitatis
2154 3476 2384 3568 portio
2420 3476 2795 3567 adsignata
2826 3480 3005 3546 erat.

357 3576 547 3654 Idem
597 3585 960 3675 praestitit
1010 3585 1084 3656 in
1138 3586 1486 3674 dioecesi,
1546 3604 1765 3675 quam
1818 3587 1890 3657 in
1945 3605 2068 3657 sex
2124 3588 2527 3677 provincias
2578 3586 3008 3676 dispertivit,

355 3710 655 3782 quarum
707 3696 1005 3787 singulis
1074 3716 1298 3768 unum
1363 3716 1450 3769 ex
1521 3698 1770 3770 iisdem
1825 3698 2193 3787 praefecit.
2269 3695 2356 3769 Hi
2420 3715 2668 3769 omnes
2730 3697 3013 3769 diversa

353 3822 591 3879 sacrae
641 3806 1072 3878 visitationis
1124 3827 1421 3881 munera
1475 3808 1994 3899 absolvebant,
2051 3818 2123 3882 et
2175 3809 2497 3899 qualibet
2561 3806 3013 3880 hebdomada

356 3932 581 3988 coram
634 3914 1612 4007 Cardinaliconveniebant,
1688 3928 1766 3993 ut
1836 3921 1925 3993 de
1985 3939 2230 3992 eorum
2287 3919 2549 3991 morbis
2607 3926 2677 3991 et
2738 3917 3015 3990 idoneis

351 4030 680 4103 remediis
733 4027 1168 4102 adhibendis
1202 4032 1492 4103 consilia
1531 4033 1741 4103 simul
1781 4032 2211 4120 conferrent,
2254 4033 2377 4121 qui
2414 4035 2807 4102 conventus
2850 4049 3020 4101 con-

348 4143 660 4233 qreqatio
710 4141 1133 4234 disciplinae
1184 4143 1768 4234 nuncupabatur.

499 4253 617 4324 28.
676 4250 891 4325 Aliud
941 4252 1130 4325 idem
1182 4252 1544 4346 Crispinus
1613 4273 1907 4327 numero
1957 4254 2286 4344 sequenti
2351 4253 2757 4344 exemplum
2812 4253 3019 4327 affert

350 4379 444 4434 ex
495 4362 677 4435 alma
727 4361 949 4452 Urbe,
987 4365 1064 4436 in
1101 4383 1245 4455 qua
1297 4365 1625 4439 instituta
1678 4372 1875 4438 extat
1914 4365 2370 4458 Conqreqatio
2407 4385 2453 4437 a
2494 4366 2563 4437 S.
2610 4366 3023 4439 Visitatione

349 4482 797 4567 nuncupata,
839 4493 1025 4565 quae
1061 4495 1148 4548 ex
1185 4474 1707 4566 cardinalibus,
1764 4476 2138 4565 PraelatiS,
2180 4482 2252 4547 et
2287 4476 2734 4567 simplicibus
2784 4496 3027 4550 sacer-

350 4583 644 4659 dotibus
679 4587 1037 4660 coalescit.
1094 4584 1208 4659 Ibi
1243 4588 1318 4660 in
1355 4606 1546 4661 more
1583 4590 1895 4681 positum
1934 4594 2069 4676 est,
2128 4587 2561 4679 ubicumque
2614 4595 2686 4661 et
2735 4588 3020 4679 quoties

348 4700 855 4789 opportunitas
906 4699 1337 4793 expostulet,
1393 4718 1620 4774 unum
1669 4697 2121 4774 Cardinalem
2171 4719 2333 4776 cum
2389 4720 2531 4774 uno
2583 4698 2911 4773 Praelato
2946 4700 3018 4769 et
