3497 5235
585 255 624 356 'l
640 253 714 316 12
1343 257 1710 318 humationi·
1750 257 1803 317 8.
1831 257 2013 334 Gom.
2041 256 2188 319 Gonu.
2226 259 2497 336 expetitio.

593 393 969 485 parochiae
1019 393 1273 467 adsciti
1323 402 1518 485 sunt,
1575 396 1664 469 de
1714 397 1849 469 hac
1900 415 1973 469 re
2027 396 2540 484 admonebunt,
2598 415 2897 487 quorum
2948 397 3240 468 nomina

589 507 665 576 in
716 503 977 577 tabella
1031 505 1125 578 ad
1175 509 1561 581 sacrarium
1613 509 1997 601 affigenda,
2054 516 2386 600 certaque
2439 509 2611 581 hora
2646 510 2871 581 cuivis
2904 507 3246 600 adsigna-

585 617 804 707 bitur,
861 624 942 690 ut
992 636 1074 690 eo
1126 621 1359 710 modo,
1418 624 1541 712 qui
1592 623 1921 712 superius
1971 621 2374 695 declaratus
2425 628 2557 709 est,
2614 621 2706 693 ad
2758 621 3239 711 precationem

584 735 865 821 praesto
916 733 1087 803 sint.
1144 729 1344 814 Quod
1395 734 1454 804 si
1508 740 1709 805 tanta
1763 733 2044 806 illorum
2095 733 2323 823 copia,
2381 751 2565 823 quae
2602 733 2934 822 sufficiat,
2974 734 3046 804 in
3084 734 3241 824 ipsa

582 841 916 932 parochia
968 861 1112 914 non
1164 850 1505 934 versetur,
1561 852 1710 917 tum
1764 845 2113 933 parochus
2150 845 2242 917 ad
2277 844 2453 918 alios
2485 845 2873 937 confugiet,
2915 846 3039 936 qui
3074 843 3242 917 huic

585 955 862 1027 muneri
914 955 1382 1027 satisfaciant.
1443 954 1530 1028 In
1581 957 1898 1031 ecclesiis
1934 976 2219 1050 quoque
2270 959 2729 1031 sodalitatum
2788 957 3241 1049 presbyteros

584 1064 1016 1157 clericosque
1068 1069 1160 1140 ad
1211 1087 1446 1140 sacros
1498 1065 1801 1143 Ordines
1851 1072 1993 1142 iam
2045 1078 2447 1163 assumptos
2488 1078 2877 1159 accersant,
2919 1073 3042 1160 qui
3078 1088 3242 1162 pre-

586 1178 938 1251 cationem
988 1180 1234 1252 eodem
1288 1181 1496 1253 modo
1545 1182 1846 1273 singulis
1895 1182 2088 1254 horis
2138 1182 2540 1256 alternatim
2578 1183 2994 1274 suscipiant.
3035 1178 3237 1263 Quod

584 1290 641 1361 si
703 1291 984 1363 sodales
1043 1292 1178 1383 ipsi
1249 1293 1323 1364 in
1386 1293 1577 1382 suis,
1633 1294 1744 1365 vel
1799 1296 2011 1366 etiam
2083 1295 2157 1366 in
2209 1296 2464 1367 alienis
2513 1295 2830 1368 ecclesiis
2880 1294 2954 1366 id
3004 1294 3241 1367 facere

581 1402 842 1492 velint,
899 1422 1268 1475 scamnum
1333 1403 1423 1477 ab
1475 1406 1973 1479 ecclesiasticis
2026 1407 2425 1480 seiunctum
2481 1409 2621 1481 illis
2672 1408 3053 1496 tribuatur,
3111 1407 3243 1479 ubi

581 1511 802 1586 Deum
854 1522 1258 1606 precentur,
1317 1517 1913 1606 quemadmodum
1969 1516 2293 1590 Romana
2348 1521 2793 1593 institutione
2846 1537 3058 1610 super
3100 1519 3242 1592 hac

577 1644 653 1698 re
689 1627 1220 1716 praescribitur.
1252 1625 1424 1699 Cum
1461 1629 1702 1720 aliqua
1739 1630 2180 1721 perturbatio
2216 1632 2291 1701 in
2326 1650 2523 1704 sacra
2553 1628 3000 1704 Eucharistia
3035 1631 3242 1703 iuxta

577 1737 916 1810 tabellam
968 1741 1390 1831 exponenda
1443 1740 1790 1829 dimanet,
1848 1761 1941 1814 eo·
1983 1742 2175 1833 quod
2211 1744 2285 1814 in
2325 1744 2619 1815 diversis
2654 1744 2967 1818 ecclesiis
3004 1743 3246 1816 diver-

577 1867 734 1921 sum
790 1856 1073 1941 tempus
1125 1851 1216 1922 ad
1267 1869 1412 1923 rem
1466 1853 1975 1944 perficiendam
2025 1855 2353 1946 eligatur,
2410 1855 2578 1926 hinc
2629 1856 3105 1943 decernimus,
3155 1862 3244 1926 ut

579 1962 956 2050 ecclesiae,
1015 1980 1201 2053 quae
1252 1962 1560 2036 tabellae
1631 1965 1858 2056 legem
1909 1972 2332 2056 sequuntur,
2390 1985 2659 2038 sacram
2711 1963 3241 2040 Eucharistiam

580 2075 867 2166 publice
920 2083 1281 2166 exponant
1334 2076 1563 2149 tribus
1615 2085 1784 2150 ante
1837 2079 2199 2152 meridiem
2237 2078 2456 2167 horiS,
2496 2084 2570 2150 et
2603 2085 2771 2151 ante
2824 2080 2944 2150 23.
2987 2079 3241 2150 horam

579 2186 721 2259 diei
771 2187 1270 2260 benedictione
1322 2195 1637 2280 accepta,
1694 2190 2003 2283 populus
2053 2190 2502 2279 dimittatur3
2561 2192 2657 2263 ita
2709 2197 2787 2263 ut
2840 2198 3000 2282 post
3045 2209 3244 2262 cam-

576 2316 810 2390 panae
862 2301 1217 2387 sonitum‚
1292 2318 1432 2390 quo
1499 2319 1792 2392 vespere
1861 2302 1952 2374 ad
2021 2301 2477 2375 salutandam
2528 2299 2821 2374 Beatam
2872 2299 3242 2392 Virginem

579 2412 887 2503 populus
938 2413 1231 2483 excitari
1299 2413 1520 2501 solet,
1594 2412 1839 2503 templi
1909 2412 2091 2485 sores
2143 2413 2587 2486 obserentur.
2648 2411 2901 2506 Magna
2953 2414 3242 2487 illorum

578 2540 773 2615 parS,
832 2542 1016 2615 quae
1067 2524 1185 2596 bic
1233 2526 1716 2616 exposuimuS,
1775 2526 1849 2597 in
1902 2525 2185 2615 Synodo
2238 2522 2630 2597 Cardinalis
2673 2523 3238 2620 Boncompagni,

577 2640 1059 2728 continentur,
1118 2660 1344 2731 eaque
1398 2641 1792 2732 probantur
1826 2644 2004 2715 actis
2040 2640 2588 2713 Mediolanensis
2621 2637 3005 2725 Ecclesiae,
3049 2658 3243 2730 quae

575 2769 615 2821 a
669 2752 743 2824 S.
783 2750 1023 2826 Carolo
1071 2751 1489 2826 Borromaeo
1525 2762 1768 2826 coacta
1820 2753 2110 2826 luerunt
2159 2748 2365 2848 (tom.
2400 2754 2459 2824 I.
2492 2772 2661 2845 paq.
2692 2751 2862 2825 249.
2902 2752 3237 2824 editionis

574 2861 1088 2964 Lugdunen.).·
1163 2888 1199 2931 ε
1237 2863 1418 2937 Dum
1481 2865 1655 2937 illud
1728 2862 1852 2961 (de
1905 2885 2105 2938 sacra
2156 2862 2604 2938 Eucharistia
2655 2882 2883 2937 sermo
2932 2862 3085 2960 est)
3158 2864 3237 2936 in

577 3002 614 3043 »
654 2976 860 3049 altari
910 2979 1347 3070 propositum
1402 2983 1536 3065 est,
1593 2979 1878 3051 iuterim
1936 2977 2168 3050 clerici
2220 2977 2362 3050 duo
2414 2976 2944 3070 superpelliceis
2996 2974 3237 3048 induti

578 3115 615 3156 »
655 3091 886 3181 capite
938 3096 1182 3179 aperto
1235 3089 1327 3161 ad
1378 3089 1601 3162 altare
1655 3107 1935 3180 semper
1987 3090 2354 3162 assistant.
2389 3113 2427 3155 2>

717 3202 838 3273 21.
870 3198 1065 3283 Quae
1091 3202 1462 3292 hucusque
1491 3203 1677 3274 dicta
1713 3208 1910 3289 sunt,
1953 3202 2044 3274 ad
2078 3201 2463 3273 solemnem
2500 3217 2583 3272 ac
2615 3191 2972 3292 publicam
3001 3199 3236 3271 divini

574 3314 1010 3386 Sacramenti
1062 3315 1576 3405 expositionem
1628 3313 2075 3387 referuntur:
2133 3314 2191 3385 si
2244 3332 2406 3386 vero
2457 3312 2728 3407 privata
2781 3330 2869 3384 ex
2903 3330 3117 3383 causa
3157 3312 3237 3384 id

570 3423 722 3512 fiat,
778 3443 918 3515 quo
971 3433 1284 3517 tempore
1334 3425 1881 3514 tabernaculum
1950 3427 2047 3499 ita
2100 3424 2514 3512 recluditur,
2580 3429 2662 3496 ut
2727 3423 2957 3495 velata
3019 3423 3239 3515 pyxis

566 3534 643 3607 in
693 3537 943 3609 ostiolo
997 3543 1380 3629 appareat,
1439 3537 1550 3609 vel
1599 3557 1799 3610 sacra
1852 3533 2096 3609 Hostia
2152 3538 2337 3609 intra
2390 3535 2759 3608 ostensorii
2812 3533 3237 3625 crystallum

565 3648 884 3738 inclusa,
941 3651 1240 3741 veloque
1291 3650 1576 3722 obtecta
1629 3650 1702 3721 in
1756 3649 1960 3721 altari
2011 3649 2418 3735 collocatur,
2476 3654 2646 3718 tunc
2698 3646 2909 3718 Sacra
2961 3641 3227 3738 Congr.

563 3757 803 3852 Episc.
862 3781 943 3834 ac
995 3759 1253 3855 Regul.
1312 3762 1616 3853 negotiis
1667 3760 1964 3852 agendis
2016 3760 2461 3851 praeposita,
2517 3757 2693 3830 haec
2744 3756 3057 3830 decrevit
3112 3756 3238 3830 die

567 3872 637 3943 6.
681 3871 1089 3946 Decembris
1149 3892 1336 3946 anno
1396 3874 1607 3945 1602.
1689 3894 1727 3939 ‹
1766 3873 1837 3943 Si
1889 3870 2486 3962 quandocumque
2537 3870 2814 3963 privata
2867 3888 2954 3941 ex
3006 3887 3235 3942 causa

569 4010 607 4054 >
647 3993 1097 4060 sacrosancta
1167 3983 1616 4058 Eucharistia
1685 3983 2108 4079 exponenda
2178 3983 2572 4071 videbitur,
2645 4002 2685 4051 a
2751 3981 3235 4054 tabernaculo

567 4119 605 4166 ›
645 4115 1036 4190 numquam
1090 4096 1528 4185 extrahatur,
1585 4097 1712 4169 sed
1765 4098 1838 4167 in
1891 4096 2152 4188 pyxide
2204 4097 2436 4168 velata
2488 4096 2561 4166 in
2613 4100 2860 4186 aperto
2901 4093 3239 4168 eiusdem

568 4233 606 4277 >
647 4209 1090 4285 tabernaculi
1143 4210 1392 4283 ostiolo
1446 4227 1606 4280 cum
1657 4207 2059 4281 assistentia
2113 4208 2413 4280 alicuius
2478 4205 2865 4280 sacerdotis
2916 4206 3099 4279 stola
3157 4214 3242 4278 et

571 4345 609 4388 ι
648 4323 1159 4415 superpelliceo
1211 4322 1472 4411 induti,
1529 4327 1600 4393 et
1652 4339 1813 4393 cum
1864 4339 1990 4393 sex
2041 4318 2716 4393 saltemduminibus
2753 4318 2976 4390 cereis
3012 4316 3245 4390 collo-

569 4455 607 4503 »
650 4441 888 4504 cetur:
947 4435 1139 4525 quod
1189 4433 1379 4507 idem
1423 4434 1499 4506 in
1535 4432 1853 4505 ecclesiis
1897 4429 2361 4525 Regularium
2396 4432 2660 4503 servari
2695 4430 3150 4504 mandamus,
3181 4456 3233 4498 ι»

566 4538 675 4617 lta
732 4563 818 4616 ex
869 4547 1228 4636 praeclara
1299 4544 1581 4637 Synodo
1647 4543 1970 4618 Farfensi
2038 4564 2163 4636 per
2221 4542 2665 4616 Cardinalem
2720 4540 3235 4617 Barberinium

566 4656 921 4741 celebrata
974 4659 1532 4759 deprehenditur
1580 4656 1746 4755 (lib.
1787 4659 1859 4733 9.
1919 4679 2077 4752 cap.
2122 4655 2310 4756 47.).
