<?xml version="1.0" encoding="UTF-8"?>
<!DOCTYPE html PUBLIC "-//W3C//DTD XHTML 1.0 Transitional//EN"
    "http://www.w3.org/TR/xhtml1/DTD/xhtml1-transitional.dtd">
<html xmlns="http://www.w3.org/1999/xhtml" xml:lang="en" lang="en">
 <head>
  <title>
</title>
<meta http-equiv="Content-Type" content="text/html;charset=utf-8" />
  <meta name='ocr-system' content='tesseract 3.04.00' />
  <meta name='ocr-capabilities' content='ocr_page ocr_carea ocr_par ocr_line ocrx_word'/>
</head>
<body>
  <div class='ocr_page' id='page_1' title='image "./devisitationesa00popegoog_0517.png"; bbox 0 0 3497 5235; ppageno 0'>
   <div class='ocr_carea' id='block_1_1' title="bbox 1149 276 2997 360">
    <p class='ocr_par' dir='ltr' id='par_1_1' title="bbox 1149 276 2997 360">
     <span class='ocr_line' id='line_1_1' title="bbox 1149 276 2997 360; baseline 0.002 -16"><span class='ocrx_word' id='word_1_1' title='bbox 1149 285 1271 360; x_wconf 69' lang='lat' dir='ltr'>Onp.</span> <span class='ocrx_word' id='word_1_2' title='bbox 1296 286 1395 344; x_wconf 87' lang='lat'>111.</span> <span class='ocrx_word' id='word_1_3' title='bbox 1432 286 1506 344; x_wconf 76' lang='lat' dir='ltr'>Do</span> <span class='ocrx_word' id='word_1_4' title='bbox 1544 282 1679 341; x_wconf 75' lang='lat' dir='ltr'>clm</span> <span class='ocrx_word' id='word_1_5' title='bbox 1718 284 1990 343; x_wconf 60' lang='lat' dir='ltr'>mederi.</span> <span class='ocrx_word' id='word_1_6' title='bbox 2030 286 2084 360; x_wconf 68' lang='grc' dir='ltr'>ἓ.</span> <span class='ocrx_word' id='word_1_7' title='bbox 2109 286 2189 344; x_wconf 74' lang='lat'>18.</span> <span class='ocrx_word' id='word_1_8' title='bbox 2537 276 2540 279; x_wconf 38' lang='lat'>¹</span> <span class='ocrx_word' id='word_1_9' title='bbox 2879 284 2997 349; x_wconf 78' lang='lat'>477</span> 
     </span>
    </p>
   </div>
   <div class='ocr_carea' id='block_1_2' title="bbox 335 418 3005 1294">
    <p class='ocr_par' dir='ltr' id='par_1_2' title="bbox 335 418 3005 1294">
     <span class='ocr_line' id='line_1_2' title="bbox 486 418 2997 515; baseline 0.001 -23"><span class='ocrx_word' id='word_1_10' title='bbox 486 420 658 492; x_wconf 83' lang='lat'>395.</span> <span class='ocrx_word' id='word_1_11' title='bbox 701 418 808 492; x_wconf 77' lang='lat' dir='ltr'>Ad</span> <span class='ocrx_word' id='word_1_12' title='bbox 861 419 1371 492; x_wconf 88' lang='lat' dir='ltr'>moderandum</span> <span class='ocrx_word' id='word_1_13' title='bbox 1424 439 1590 493; x_wconf 83' lang='lat' dir='ltr'>vero</span> <span class='ocrx_word' id='word_1_14' title='bbox 1641 421 1954 511; x_wconf 89' lang='lat' dir='ltr'>prudens</span> <span class='ocrx_word' id='word_1_15' title='bbox 2005 418 2334 515; x_wconf 83' lang='lat' dir='ltr'><strong>Episcopi</strong></span> <span class='ocrx_word' id='word_1_16' title='bbox 2406 422 2776 495; x_wconf 78' lang='lat' dir='ltr'>arbitrium</span> <span class='ocrx_word' id='word_1_17' title='bbox 2827 442 2997 497; x_wconf 89' lang='lat' dir='ltr'>con-</span> 
     </span>
     <span class='ocr_line' id='line_1_3' title="bbox 335 531 2999 623; baseline 0.002 -18"><span class='ocrx_word' id='word_1_18' title='bbox 335 531 519 605; x_wconf 77' lang='lat' dir='ltr'>ferre</span> <span class='ocrx_word' id='word_1_19' title='bbox 571 538 872 623; x_wconf 91' lang='lat' dir='ltr'>possunt</span> <span class='ocrx_word' id='word_1_20' title='bbox 939 550 1070 620; x_wconf 91' lang='lat' dir='ltr'>ea,</span> <span class='ocrx_word' id='word_1_21' title='bbox 1128 550 1313 621; x_wconf 88' lang='lat' dir='ltr'>quae</span> <span class='ocrx_word' id='word_1_22' title='bbox 1366 539 1526 622; x_wconf 89' lang='lat' dir='ltr'>post</span> <span class='ocrx_word' id='word_1_23' title='bbox 1586 532 1778 604; x_wconf 88' lang='lat' dir='ltr'>hanc</span> <span class='ocrx_word' id='word_1_24' title='bbox 1826 533 2122 606; x_wconf 89' lang='lat' dir='ltr'>relatam</span> <span class='ocrx_word' id='word_1_25' title='bbox 2174 534 2726 607; x_wconf 81' lang='lat' dir='ltr'>declarationem</span> <span class='ocrx_word' id='word_1_26' title='bbox 2797 536 2999 611; x_wconf 82' lang='lat' dir='ltr'>addit</span> 
     </span>
     <span class='ocr_line' id='line_1_4' title="bbox 335 642 2999 740; baseline 0.002 -21"><span class='ocrx_word' id='word_1_27' title='bbox 335 644 606 719; x_wconf 86' lang='lat' dir='ltr'>Bened.</span> <span class='ocrx_word' id='word_1_28' title='bbox 649 642 837 717; x_wconf 87' lang='lat' dir='ltr'><strong>XIV.</strong></span> <span class='ocrx_word' id='word_1_29' title='bbox 896 647 1130 717; x_wconf 86' lang='lat' dir='ltr'>Instit.</span> <span class='ocrx_word' id='word_1_30' title='bbox 1190 645 1357 717; x_wconf 86' lang='lat' dir='ltr'>eccl.</span> <span class='ocrx_word' id='word_1_31' title='bbox 1410 646 1535 719; x_wconf 79' lang='lat'>26.</span> <span class='ocrx_word' id='word_1_32' title='bbox 1594 664 1669 716; x_wconf 75' lang='lat' dir='ltr'>a.</span> <span class='ocrx_word' id='word_1_33' title='bbox 1733 647 1803 720; x_wconf 89' lang='lat'>6.</span> <span class='ocrx_word' id='word_1_34' title='bbox 1848 667 1887 710; x_wconf 86' lang='lat'><strong>‹</strong></span> <span class='ocrx_word' id='word_1_35' title='bbox 1927 643 1998 717; x_wconf 91' lang='lat' dir='ltr'>Si</span> <span class='ocrx_word' id='word_1_36' title='bbox 2052 647 2214 735; x_wconf 90' lang='lat' dir='ltr'>quis</span> <span class='ocrx_word' id='word_1_37' title='bbox 2268 645 2473 719; x_wconf 88' lang='lat' dir='ltr'>nobis</span> <span class='ocrx_word' id='word_1_38' title='bbox 2522 648 2999 740; x_wconf 78' lang='lat' dir='ltr'>suspicionem</span> 
     </span>
     <span class='ocr_line' id='line_1_5' title="bbox 343 757 3003 849; baseline 0.002 -20"><span class='ocrx_word' id='word_1_39' title='bbox 343 783 382 829; x_wconf 59' lang='grc' dir='ltr'><strong><em>ν</em></strong></span> <span class='ocrx_word' id='word_1_40' title='bbox 421 759 719 846; x_wconf 90' lang='lat' dir='ltr'>iniiciat,</span> <span class='ocrx_word' id='word_1_41' title='bbox 761 757 1237 829; x_wconf 89' lang='lat' dir='ltr'>ordinandum</span> <span class='ocrx_word' id='word_1_42' title='bbox 1290 758 1445 829; x_wconf 90' lang='lat' dir='ltr'>sine</span> <span class='ocrx_word' id='word_1_43' title='bbox 1497 757 1739 830; x_wconf 89' lang='lat' dir='ltr'>debito</span> <span class='ocrx_word' id='word_1_44' title='bbox 1777 757 1975 829; x_wconf 90' lang='lat' dir='ltr'>cultu</span> <span class='ocrx_word' id='word_1_45' title='bbox 2024 776 2109 829; x_wconf 87' lang='lat' dir='ltr'>ac</span> <span class='ocrx_word' id='word_1_46' title='bbox 2158 758 2500 849; x_wconf 83' lang='lat' dir='ltr'>religione</span> <span class='ocrx_word' id='word_1_47' title='bbox 2551 762 2642 833; x_wconf 92' lang='lat' dir='ltr'>ad</span> <span class='ocrx_word' id='word_1_48' title='bbox 2694 768 2864 834; x_wconf 72' lang='lat' dir='ltr'>rem·</span> <span class='ocrx_word' id='word_1_49' title='bbox 2895 763 3003 834; x_wconf 94' lang='lat' dir='ltr'>di-</span> 
     </span>
     <span class='ocr_line' id='line_1_6' title="bbox 343 867 3005 960; baseline 0.002 -19"><span class='ocrx_word' id='word_1_50' title='bbox 343 896 382 941; x_wconf 79' lang='lat'><strong>»</strong></span> <span class='ocrx_word' id='word_1_51' title='bbox 420 872 663 942; x_wconf 89' lang='lat' dir='ltr'>vinam</span> <span class='ocrx_word' id='word_1_52' title='bbox 714 869 1050 942; x_wconf 79' lang='lat' dir='ltr'>accedere</span> <span class='ocrx_word' id='word_1_53' title='bbox 1102 887 1309 960; x_wconf 90' lang='lat' dir='ltr'>posse</span> <span class='ocrx_word' id='word_1_54' title='bbox 1359 867 1451 940; x_wconf 88' lang='lat' dir='ltr'>ob</span> <span class='ocrx_word' id='word_1_55' title='bbox 1506 886 1665 941; x_wconf 87' lang='lat' dir='ltr'>eam</span> <span class='ocrx_word' id='word_1_56' title='bbox 1714 887 2038 956; x_wconf 90' lang='lat' dir='ltr'>causam,</span> <span class='ocrx_word' id='word_1_57' title='bbox 2095 874 2176 941; x_wconf 91' lang='lat' dir='ltr'>ut</span> <span class='ocrx_word' id='word_1_58' title='bbox 2225 869 2436 940; x_wconf 89' lang='lat' dir='ltr'>simul</span> <span class='ocrx_word' id='word_1_59' title='bbox 2489 872 2828 945; x_wconf 88' lang='lat' dir='ltr'>oneribus</span> <span class='ocrx_word' id='word_1_60' title='bbox 2878 873 3005 946; x_wconf 90' lang='lat' dir='ltr'>be·</span> 
     </span>
     <span class='ocr_line' id='line_1_7' title="bbox 346 979 3000 1069; baseline 0.002 -17"><span class='ocrx_word' id='word_1_61' title='bbox 346 1007 385 1052; x_wconf 82' lang='lat'>›</span> <span class='ocrx_word' id='word_1_62' title='bbox 422 981 655 1054; x_wconf 84' lang='lat' dir='ltr'>neficii</span> <span class='ocrx_word' id='word_1_63' title='bbox 709 980 1130 1064; x_wconf 80' lang='lat' dir='ltr'>satisfaciat,</span> <span class='ocrx_word' id='word_1_64' title='bbox 1172 980 1535 1069; x_wconf 80' lang='lat' dir='ltr'>nullisque</span> <span class='ocrx_word' id='word_1_65' title='bbox 1571 980 2066 1052; x_wconf 89' lang='lat' dir='ltr'>emolumentis</span> <span class='ocrx_word' id='word_1_66' title='bbox 2103 979 2559 1069; x_wconf 85' lang='lat' dir='ltr'>destituatur,</span> <span class='ocrx_word' id='word_1_67' title='bbox 2602 989 2776 1055; x_wconf 90' lang='lat' dir='ltr'>tunc</span> <span class='ocrx_word' id='word_1_68' title='bbox 2824 1004 3000 1058; x_wconf 89' lang='lat' dir='ltr'>sane</span> 
     </span>
     <span class='ocr_line' id='line_1_8' title="bbox 343 1087 3005 1187; baseline 0.001 -23"><span class='ocrx_word' id='word_1_69' title='bbox 343 1118 382 1164; x_wconf 59' lang='grc' dir='ltr'><strong><em>ν</em></strong></span> <span class='ocrx_word' id='word_1_70' title='bbox 418 1112 662 1166; x_wconf 86' lang='lat' dir='ltr'>eorum</span> <span class='ocrx_word' id='word_1_71' title='bbox 718 1087 1152 1187; x_wconf 90' lang='lat' dir='ltr'>(doctorum)</span> <span class='ocrx_word' id='word_1_72' title='bbox 1189 1093 1594 1182; x_wconf 88' lang='lat' dir='ltr'>opinionem</span> <span class='ocrx_word' id='word_1_73' title='bbox 1649 1091 2222 1184; x_wconf 88' lang='lat' dir='ltr'>complectemur,</span> <span class='ocrx_word' id='word_1_74' title='bbox 2264 1095 2414 1183; x_wconf 92' lang='lat' dir='ltr'>qui,</span> <span class='ocrx_word' id='word_1_75' title='bbox 2456 1092 2830 1166; x_wconf 88' lang='lat' dir='ltr'>subductis</span> <span class='ocrx_word' id='word_1_76' title='bbox 2875 1115 3005 1167; x_wconf 90' lang='lat' dir='ltr'>an-</span> 
     </span>
     <span class='ocr_line' id='line_1_9' title="bbox 350 1201 3004 1294; baseline 0.002 -20"><span class='ocrx_word' id='word_1_77' title='bbox 350 1229 389 1274; x_wconf 79' lang='lat'><strong>»</strong></span> <span class='ocrx_word' id='word_1_78' title='bbox 427 1212 539 1277; x_wconf 90' lang='lat' dir='ltr'>tea</span> <span class='ocrx_word' id='word_1_79' title='bbox 594 1201 967 1276; x_wconf 77' lang='lat' dir='ltr'>Missurum</span> <span class='ocrx_word' id='word_1_80' title='bbox 1019 1202 1385 1290; x_wconf 78' lang='lat' dir='ltr'>onerihuS,</span> <span class='ocrx_word' id='word_1_81' title='bbox 1426 1202 1755 1276; x_wconf 83' lang='lat' dir='ltr'>beneficii</span> <span class='ocrx_word' id='word_1_82' title='bbox 1792 1211 2178 1294; x_wconf 88' lang='lat' dir='ltr'>proventus</span> <span class='ocrx_word' id='word_1_83' title='bbox 2229 1206 2702 1277; x_wconf 89' lang='lat' dir='ltr'>constituunt.</span> <span class='ocrx_word' id='word_1_84' title='bbox 2747 1209 2847 1279; x_wconf 90' lang='lat' dir='ltr'>De</span> <span class='ocrx_word' id='word_1_85' title='bbox 2897 1228 3004 1280; x_wconf 89' lang='lat' dir='ltr'>ce-</span> 
     </span>
    </p>
   </div>
   <div class='ocr_carea' id='block_1_3' title="bbox 198 1312 3007 1413">
    <p class='ocr_par' dir='ltr' id='par_1_3' title="bbox 198 1312 3007 1413">
     <span class='ocr_line' id='line_1_10' title="bbox 198 1312 3007 1413; baseline 0.002 -26"><span class='ocrx_word' id='word_1_86' title='bbox 198 1364 201 1367; x_wconf 24' lang='lat'><em>*</em></span> <span class='ocrx_word' id='word_1_87' title='bbox 264 1409 268 1413; x_wconf 6' lang='grc' dir='ltr'><strong><em>ἢ</em></strong></span> <span class='ocrx_word' id='word_1_88' title='bbox 345 1341 384 1387; x_wconf 81' lang='lat'>›</span> <span class='ocrx_word' id='word_1_89' title='bbox 424 1317 804 1389; x_wconf 84' lang='lat' dir='ltr'>lebratione</span> <span class='ocrx_word' id='word_1_90' title='bbox 837 1315 1093 1388; x_wconf 81' lang='lat' dir='ltr'>Missae</span> <span class='ocrx_word' id='word_1_91' title='bbox 1144 1313 1413 1408; x_wconf 89' lang='lat' dir='ltr'>(inquit</span> <span class='ocrx_word' id='word_1_92' title='bbox 1450 1312 1806 1390; x_wconf 85' lang='lat' dir='ltr'>Cardinal.</span> <span class='ocrx_word' id='word_1_93' title='bbox 1851 1314 2348 1405; x_wconf 82' lang='lat' dir='ltr'>BellarminuS,</span> <span class='ocrx_word' id='word_1_94' title='bbox 2390 1337 2550 1390; x_wconf 90' lang='lat' dir='ltr'>cum</span> <span class='ocrx_word' id='word_1_95' title='bbox 2587 1319 2678 1390; x_wconf 90' lang='lat' dir='ltr'>ad</span> <span class='ocrx_word' id='word_1_96' title='bbox 2714 1316 3007 1411; x_wconf 91' lang='lat' dir='ltr'>Episco-</span> 
     </span>
    </p>
   </div>
   <div class='ocr_carea' id='block_1_4' title="bbox 339 1423 3031 4766">
    <p class='ocr_par' dir='ltr' id='par_1_4' title="bbox 343 1423 3008 1742">
     <span class='ocr_line' id='line_1_11' title="bbox 346 1423 3008 1523; baseline 0.002 -25"><span class='ocrx_word' id='word_1_97' title='bbox 346 1452 385 1498; x_wconf 59' lang='grc' dir='ltr'><strong><em>ν</em></strong></span> <span class='ocrx_word' id='word_1_98' title='bbox 423 1446 595 1520; x_wconf 90' lang='lat' dir='ltr'>pum</span> <span class='ocrx_word' id='word_1_99' title='bbox 645 1425 942 1512; x_wconf 84' lang='lat' dir='ltr'>Theaui,</span> <span class='ocrx_word' id='word_1_100' title='bbox 984 1436 1318 1521; x_wconf 80' lang='lat' dir='ltr'>nepotem</span> <span class='ocrx_word' id='word_1_101' title='bbox 1369 1447 1606 1516; x_wconf 90' lang='lat' dir='ltr'>suum,</span> <span class='ocrx_word' id='word_1_102' title='bbox 1662 1423 2035 1521; x_wconf 86' lang='lat' dir='ltr'>scriberet)</span> <span class='ocrx_word' id='word_1_103' title='bbox 2085 1429 2367 1520; x_wconf 81' lang='lat' dir='ltr'>faciunt</span> <span class='ocrx_word' id='word_1_104' title='bbox 2417 1437 2642 1503; x_wconf 85' lang='lat' dir='ltr'>artem</span> <span class='ocrx_word' id='word_1_105' title='bbox 2691 1430 2776 1502; x_wconf 85' lang='lat' dir='ltr'>de</span> <span class='ocrx_word' id='word_1_106' title='bbox 2815 1450 3008 1523; x_wconf 86' lang='lat' dir='ltr'>pane</span> 
     </span>
     <span class='ocr_line' id='line_1_12' title="bbox 343 1540 3006 1630; baseline 0.003 -20"><span class='ocrx_word' id='word_1_107' title='bbox 343 1565 382 1610; x_wconf 82' lang='lat'>›</span> <span class='ocrx_word' id='word_1_108' title='bbox 422 1540 798 1621; x_wconf 83' lang='lat' dir='ltr'>lucrando,</span> <span class='ocrx_word' id='word_1_109' title='bbox 854 1540 1041 1612; x_wconf 82' lang='lat' dir='ltr'>unde</span> <span class='ocrx_word' id='word_1_110' title='bbox 1100 1540 1570 1613; x_wconf 82' lang='lat' dir='ltr'>sacerdotium</span> <span class='ocrx_word' id='word_1_111' title='bbox 1618 1541 2129 1630; x_wconf 78' lang='lat' dir='ltr'>contemptibile</span> <span class='ocrx_word' id='word_1_112' title='bbox 2178 1541 2529 1624; x_wconf 84' lang='lat' dir='ltr'>redditur,</span> <span class='ocrx_word' id='word_1_113' title='bbox 2577 1550 2646 1616; x_wconf 86' lang='lat' dir='ltr'>et</span> <span class='ocrx_word' id='word_1_114' title='bbox 2691 1544 3006 1617; x_wconf 85' lang='lat' dir='ltr'>Ecclesia</span> 
     </span>
     <span class='ocr_line' id='line_1_13' title="bbox 344 1649 2899 1742; baseline 0.001 -18"><span class='ocrx_word' id='word_1_115' title='bbox 344 1678 383 1724; x_wconf 81' lang='lat'>›</span> <span class='ocrx_word' id='word_1_116' title='bbox 423 1653 783 1726; x_wconf 84' lang='lat' dir='ltr'>scandalis</span> <span class='ocrx_word' id='word_1_117' title='bbox 827 1657 1105 1742; x_wconf 78' lang='lat' dir='ltr'>patet.»</span> <span class='ocrx_word' id='word_1_118' title='bbox 1149 1649 1321 1723; x_wconf 83' lang='lat' dir='ltr'>Vide</span> <span class='ocrx_word' id='word_1_119' title='bbox 1375 1654 1856 1725; x_wconf 79' lang='lat' dir='ltr'>Interamnen.</span> <span class='ocrx_word' id='word_1_120' title='bbox 1903 1655 2017 1726; x_wconf 85' lang='lat'>11.</span> <span class='ocrx_word' id='word_1_121' title='bbox 2060 1660 2130 1726; x_wconf 89' lang='lat' dir='ltr'>et</span> <span class='ocrx_word' id='word_1_122' title='bbox 2180 1655 2301 1726; x_wconf 78' lang='lat'>25.</span> <span class='ocrx_word' id='word_1_123' title='bbox 2343 1649 2637 1725; x_wconf 89' lang='lat' dir='ltr'>Ianuar.</span> <span class='ocrx_word' id='word_1_124' title='bbox 2684 1654 2899 1726; x_wconf 89' lang='grc'><strong>1783.</strong></span> 
     </span>
    </p>

    <p class='ocr_par' dir='ltr' id='par_1_5' title="bbox 343 1760 3019 3422">
     <span class='ocr_line' id='line_1_14' title="bbox 490 1760 3000 1856; baseline 0.001 -21"><span class='ocrx_word' id='word_1_125' title='bbox 490 1766 659 1837; x_wconf 88' lang='grc'><strong>396.</strong></span> <span class='ocrx_word' id='word_1_126' title='bbox 701 1760 857 1836; x_wconf 88' lang='lat' dir='ltr'>Non</span> <span class='ocrx_word' id='word_1_127' title='bbox 894 1765 1154 1836; x_wconf 88' lang='lat' dir='ltr'>desunt</span> <span class='ocrx_word' id='word_1_128' title='bbox 1208 1763 1599 1854; x_wconf 85' lang='lat' dir='ltr'>aliquando</span> <span class='ocrx_word' id='word_1_129' title='bbox 1636 1764 1984 1836; x_wconf 86' lang='lat' dir='ltr'>beneficia</span> <span class='ocrx_word' id='word_1_130' title='bbox 2035 1765 2540 1853; x_wconf 88' lang='lat' dir='ltr'>ecclesiastica,</span> <span class='ocrx_word' id='word_1_131' title='bbox 2581 1766 2657 1836; x_wconf 91' lang='lat' dir='ltr'>in</span> <span class='ocrx_word' id='word_1_132' title='bbox 2711 1766 3000 1856; x_wconf 83' lang='lat' dir='ltr'>quibus,</span> 
     </span>
     <span class='ocr_line' id='line_1_15' title="bbox 344 1875 3011 1968; baseline 0 -19"><span class='ocrx_word' id='word_1_133' title='bbox 344 1883 430 1949; x_wconf 90' lang='lat' dir='ltr'>ut</span> <span class='ocrx_word' id='word_1_134' title='bbox 478 1877 656 1947; x_wconf 88' lang='lat' dir='ltr'>alias</span> <span class='ocrx_word' id='word_1_135' title='bbox 690 1877 1022 1961; x_wconf 83' lang='lat' dir='ltr'>vidimus,</span> <span class='ocrx_word' id='word_1_136' title='bbox 1066 1875 1158 1946; x_wconf 94' lang='lat' dir='ltr'>ad</span> <span class='ocrx_word' id='word_1_137' title='bbox 1194 1883 1448 1947; x_wconf 88' lang='lat' dir='ltr'>nutum</span> <span class='ocrx_word' id='word_1_138' title='bbox 1487 1894 1572 1947; x_wconf 82' lang='lat' dir='ltr'>ex</span> <span class='ocrx_word' id='word_1_139' title='bbox 1610 1876 1764 1966; x_wconf 84' lang='lat' dir='ltr'>lege</span> <span class='ocrx_word' id='word_1_140' title='bbox 1808 1875 2251 1948; x_wconf 79' lang='lat' dir='ltr'>fundationis</span> <span class='ocrx_word' id='word_1_141' title='bbox 2286 1883 2513 1949; x_wconf 89' lang='lat' dir='ltr'>rector</span> <span class='ocrx_word' id='word_1_142' title='bbox 2548 1883 2781 1968; x_wconf 92' lang='lat' dir='ltr'>potest</span> <span class='ocrx_word' id='word_1_143' title='bbox 2816 1897 3011 1949; x_wconf 91' lang='lat' dir='ltr'>amo-</span> 
     </span>
     <span class='ocr_line' id='line_1_16' title="bbox 343 1987 3010 2079; baseline 0 -21"><span class='ocrx_word' id='word_1_144' title='bbox 343 1990 538 2075; x_wconf 69' lang='lat' dir='ltr'>veri3</span> <span class='ocrx_word' id='word_1_145' title='bbox 594 1989 810 2077; x_wconf 89' lang='lat' dir='ltr'>idem,</span> <span class='ocrx_word' id='word_1_146' title='bbox 853 1996 928 2061; x_wconf 87' lang='lat' dir='ltr'>at</span> <span class='ocrx_word' id='word_1_147' title='bbox 980 1988 1203 2059; x_wconf 91' lang='lat' dir='ltr'>multo</span> <span class='ocrx_word' id='word_1_148' title='bbox 1243 1987 1714 2076; x_wconf 79' lang='lat' dir='ltr'>frequentius,</span> <span class='ocrx_word' id='word_1_149' title='bbox 1757 1988 2013 2060; x_wconf 89' lang='lat' dir='ltr'>accidit</span> <span class='ocrx_word' id='word_1_150' title='bbox 2057 1989 2145 2059; x_wconf 90' lang='lat' dir='ltr'>de</span> <span class='ocrx_word' id='word_1_151' title='bbox 2182 1989 2600 2079; x_wconf 90' lang='lat' dir='ltr'>capellaniis</span> <span class='ocrx_word' id='word_1_152' title='bbox 2653 2008 2841 2061; x_wconf 91' lang='lat' dir='ltr'>mere</span> <span class='ocrx_word' id='word_1_153' title='bbox 2878 1989 3010 2060; x_wconf 89' lang='lat' dir='ltr'>lai-</span> 
     </span>
     <span class='ocr_line' id='line_1_17' title="bbox 348 2098 3007 2189; baseline -0 -17"><span class='ocrx_word' id='word_1_154' title='bbox 348 2098 652 2187; x_wconf 79' lang='lat' dir='ltr'>calibuS,</span> <span class='ocrx_word' id='word_1_155' title='bbox 694 2101 765 2171; x_wconf 91' lang='lat' dir='ltr'>in</span> <span class='ocrx_word' id='word_1_156' title='bbox 818 2099 1083 2189; x_wconf 89' lang='lat' dir='ltr'>quibus</span> <span class='ocrx_word' id='word_1_157' title='bbox 1123 2098 1448 2171; x_wconf 81' lang='lat' dir='ltr'>videlicet</span> <span class='ocrx_word' id='word_1_158' title='bbox 1482 2100 1904 2171; x_wconf 88' lang='lat' dir='ltr'>canonicum</span> <span class='ocrx_word' id='word_1_159' title='bbox 1941 2102 2317 2173; x_wconf 84' lang='lat' dir='ltr'>erectionis</span> <span class='ocrx_word' id='word_1_160' title='bbox 2361 2103 2724 2173; x_wconf 89' lang='lat' dir='ltr'>decretum</span> <span class='ocrx_word' id='word_1_161' title='bbox 2777 2102 3007 2173; x_wconf 91' lang='lat' dir='ltr'>locum</span> 
     </span>
     <span class='ocr_line' id='line_1_18' title="bbox 346 2212 3010 2304; baseline -0 -20"><span class='ocrx_word' id='word_1_162' title='bbox 346 2231 492 2285; x_wconf 90' lang='lat' dir='ltr'>non</span> <span class='ocrx_word' id='word_1_163' title='bbox 546 2213 827 2301; x_wconf 89' lang='lat' dir='ltr'>habuit,</span> <span class='ocrx_word' id='word_1_164' title='bbox 868 2213 1192 2303; x_wconf 84' lang='lat' dir='ltr'>adeoque</span> <span class='ocrx_word' id='word_1_165' title='bbox 1248 2232 1389 2285; x_wconf 89' lang='lat' dir='ltr'>non</span> <span class='ocrx_word' id='word_1_166' title='bbox 1441 2219 1612 2285; x_wconf 90' lang='lat' dir='ltr'>sunt</span> <span class='ocrx_word' id='word_1_167' title='bbox 1662 2231 1825 2284; x_wconf 87' lang='lat' dir='ltr'>vera</span> <span class='ocrx_word' id='word_1_168' title='bbox 1879 2213 2271 2301; x_wconf 84' lang='lat' dir='ltr'>beneficia,</span> <span class='ocrx_word' id='word_1_169' title='bbox 2331 2214 2458 2286; x_wconf 88' lang='lat' dir='ltr'>sed</span> <span class='ocrx_word' id='word_1_170' title='bbox 2512 2232 2702 2285; x_wconf 91' lang='lat' dir='ltr'>mere</span> <span class='ocrx_word' id='word_1_171' title='bbox 2755 2212 3010 2304; x_wconf 80' lang='lat' dir='ltr'>legatis</span> 
     </span>
     <span class='ocr_line' id='line_1_19' title="bbox 344 2319 3006 2416; baseline 0 -23"><span class='ocrx_word' id='word_1_172' title='bbox 344 2326 487 2416; x_wconf 89' lang='lat' dir='ltr'>piis</span> <span class='ocrx_word' id='word_1_173' title='bbox 536 2326 1002 2397; x_wconf 88' lang='lat' dir='ltr'>communiter</span> <span class='ocrx_word' id='word_1_174' title='bbox 1054 2332 1548 2397; x_wconf 88' lang='lat' dir='ltr'>accensentur.</span> <span class='ocrx_word' id='word_1_175' title='bbox 1608 2319 1926 2396; x_wconf 77' lang='lat' dir='ltr'>Iamvero</span> <span class='ocrx_word' id='word_1_176' title='bbox 1977 2325 2066 2396; x_wconf 93' lang='lat' dir='ltr'>de</span> <span class='ocrx_word' id='word_1_177' title='bbox 2118 2326 2440 2414; x_wconf 88' lang='lat' dir='ltr'>utrisque</span> <span class='ocrx_word' id='word_1_178' title='bbox 2496 2324 2810 2396; x_wconf 89' lang='lat' dir='ltr'>dubitari</span> <span class='ocrx_word' id='word_1_179' title='bbox 2862 2342 3006 2395; x_wconf 90' lang='lat' dir='ltr'>non</span> 
     </span>
     <span class='ocr_line' id='line_1_20' title="bbox 345 2434 3013 2527; baseline 0 -22"><span class='ocrx_word' id='word_1_180' title='bbox 345 2453 555 2527; x_wconf 86' lang='lat' dir='ltr'>posse</span> <span class='ocrx_word' id='word_1_181' title='bbox 608 2435 914 2522; x_wconf 80' lang='lat' dir='ltr'>videtur,</span> <span class='ocrx_word' id='word_1_182' title='bbox 958 2435 1146 2524; x_wconf 91' lang='lat' dir='ltr'>quod</span> <span class='ocrx_word' id='word_1_183' title='bbox 1199 2455 1287 2508; x_wconf 75' lang='lat' dir='ltr'>ex</span> <span class='ocrx_word' id='word_1_184' title='bbox 1349 2436 1631 2509; x_wconf 79' lang='lat' dir='ltr'>deiectu</span> <span class='ocrx_word' id='word_1_185' title='bbox 1684 2435 2183 2527; x_wconf 83' lang='lat' dir='ltr'>perpetuitatis</span> <span class='ocrx_word' id='word_1_186' title='bbox 2250 2435 2670 2507; x_wconf 90' lang='lat' dir='ltr'>canonicum</span> <span class='ocrx_word' id='word_1_187' title='bbox 2725 2434 3013 2507; x_wconf 78' lang='lat' dir='ltr'>ordina-</span> 
     </span>
     <span class='ocr_line' id='line_1_21' title="bbox 346 2544 3003 2639; baseline -0 -20"><span class='ocrx_word' id='word_1_188' title='bbox 346 2547 562 2619; x_wconf 84' lang='lat' dir='ltr'>tionis</span> <span class='ocrx_word' id='word_1_189' title='bbox 615 2546 900 2620; x_wconf 87' lang='lat' dir='ltr'>titulum</span> <span class='ocrx_word' id='word_1_190' title='bbox 952 2546 1299 2639; x_wconf 85' lang='lat' dir='ltr'>praebere</span> <span class='ocrx_word' id='word_1_191' title='bbox 1351 2554 1742 2637; x_wconf 86' lang='lat' dir='ltr'>nequeant,</span> <span class='ocrx_word' id='word_1_192' title='bbox 1784 2554 1857 2621; x_wconf 91' lang='lat' dir='ltr'>et</span> <span class='ocrx_word' id='word_1_193' title='bbox 1909 2548 2004 2619; x_wconf 90' lang='lat' dir='ltr'>ita</span> <span class='ocrx_word' id='word_1_194' title='bbox 2056 2547 2381 2621; x_wconf 80' lang='lat' dir='ltr'>delinivit</span> <span class='ocrx_word' id='word_1_195' title='bbox 2432 2544 2505 2620; x_wconf 87' lang='lat' dir='ltr'>S.</span> <span class='ocrx_word' id='word_1_196' title='bbox 2546 2544 2619 2622; x_wconf 93' lang='lat' dir='ltr'>C.</span> <span class='ocrx_word' id='word_1_197' title='bbox 2680 2546 2889 2621; x_wconf 92' lang='lat' dir='ltr'>Conc.</span> <span class='ocrx_word' id='word_1_198' title='bbox 2934 2546 3003 2617; x_wconf 91' lang='lat' dir='ltr'>in</span> 
     </span>
     <span class='ocr_line' id='line_1_22' title="bbox 358 2652 3012 2755; baseline -0.001 -24"><span class='ocrx_word' id='word_1_199' title='bbox 358 2660 626 2732; x_wconf 82' lang='lat' dir='ltr'>Tiburt.</span> <span class='ocrx_word' id='word_1_200' title='bbox 671 2659 1169 2749; x_wconf 76' lang='lat' dir='ltr'>cappellaniae</span> <span class='ocrx_word' id='word_1_201' title='bbox 1224 2659 1338 2730; x_wconf 80' lang='lat'>14.</span> <span class='ocrx_word' id='word_1_202' title='bbox 1384 2656 1547 2731; x_wconf 90' lang='lat' dir='ltr'>Iun.</span> <span class='ocrx_word' id='word_1_203' title='bbox 1594 2660 1807 2732; x_wconf 90' lang='grc'><strong>1710.</strong></span> <span class='ocrx_word' id='word_1_204' title='bbox 1864 2653 2039 2755; x_wconf 85' lang='lat' dir='ltr'>(lib.</span> <span class='ocrx_word' id='word_1_205' title='bbox 2100 2659 2220 2733; x_wconf 89' lang='lat'>60.</span> <span class='ocrx_word' id='word_1_206' title='bbox 2279 2660 2534 2733; x_wconf 88' lang='lat' dir='ltr'>decret.</span> <span class='ocrx_word' id='word_1_207' title='bbox 2587 2679 2755 2752; x_wconf 77' lang='lat' dir='ltr'>paq.</span> <span class='ocrx_word' id='word_1_208' title='bbox 2792 2652 3012 2752; x_wconf 79' lang='lat'>239.)</span> 
     </span>
     <span class='ocr_line' id='line_1_23' title="bbox 346 2768 3013 2862; baseline -0.002 -19"><span class='ocrx_word' id='word_1_209' title='bbox 346 2788 511 2844; x_wconf 91' lang='lat' dir='ltr'>cum</span> <span class='ocrx_word' id='word_1_210' title='bbox 564 2769 970 2841; x_wconf 82' lang='lat' dir='ltr'>doctoribus</span> <span class='ocrx_word' id='word_1_211' title='bbox 1022 2770 1349 2861; x_wconf 84' lang='lat' dir='ltr'>allegatis</span> <span class='ocrx_word' id='word_1_212' title='bbox 1399 2770 1490 2841; x_wconf 82' lang='lat' dir='ltr'>ab</span> <span class='ocrx_word' id='word_1_213' title='bbox 1543 2771 1791 2842; x_wconf 89' lang='lat' dir='ltr'>eadem</span> <span class='ocrx_word' id='word_1_214' title='bbox 1845 2769 1921 2842; x_wconf 89' lang='lat' dir='ltr'>S.</span> <span class='ocrx_word' id='word_1_215' title='bbox 1961 2769 2212 2862; x_wconf 84' lang='lat' dir='ltr'>Cong.‚</span> <span class='ocrx_word' id='word_1_216' title='bbox 2253 2772 2324 2843; x_wconf 91' lang='lat' dir='ltr'>in</span> <span class='ocrx_word' id='word_1_217' title='bbox 2383 2772 2616 2843; x_wconf 85' lang='lat' dir='ltr'>Pient.</span> <span class='ocrx_word' id='word_1_218' title='bbox 2667 2788 2792 2842; x_wconf 92' lang='lat' dir='ltr'>seu</span> <span class='ocrx_word' id='word_1_219' title='bbox 2846 2768 3013 2840; x_wconf 86' lang='lat' dir='ltr'>chi-</span> 
     </span>
     <span class='ocr_line' id='line_1_24' title="bbox 348 2877 3015 2977; baseline -0.001 -24"><span class='ocrx_word' id='word_1_220' title='bbox 348 2901 516 2953; x_wconf 81' lang='lat' dir='ltr'>nen.</span> <span class='ocrx_word' id='word_1_221' title='bbox 564 2880 735 2953; x_wconf 80' lang='grc' dir='ltr'><strong>0νά.</strong></span> <span class='ocrx_word' id='word_1_222' title='bbox 786 2882 899 2951; x_wconf 94' lang='grc'>18.</span> <span class='ocrx_word' id='word_1_223' title='bbox 945 2877 1082 2952; x_wconf 91' lang='lat' dir='ltr'>Iul.</span> <span class='ocrx_word' id='word_1_224' title='bbox 1129 2883 1341 2954; x_wconf 84' lang='lat'>1733.</span> <span class='ocrx_word' id='word_1_225' title='bbox 1384 2880 1458 2977; x_wconf 63' lang='lat'>§-</span> <span class='ocrx_word' id='word_1_226' title='bbox 1501 2883 1625 2954; x_wconf 89' lang='lat' dir='ltr'>His</span> <span class='ocrx_word' id='word_1_227' title='bbox 1669 2884 1946 2975; x_wconf 78' lang='lat' dir='ltr'>positis.</span> <span class='ocrx_word' id='word_1_228' title='bbox 2004 2881 2143 2955; x_wconf 76' lang='lat' dir='ltr'>Cir.</span> <span class='ocrx_word' id='word_1_229' title='bbox 2213 2883 2515 2954; x_wconf 85' lang='lat' dir='ltr'>Vestana</span> <span class='ocrx_word' id='word_1_230' title='bbox 2565 2900 2691 2954; x_wconf 88' lang='lat' dir='ltr'>seu</span> <span class='ocrx_word' id='word_1_231' title='bbox 2747 2882 3015 2970; x_wconf 73' lang='lat' dir='ltr'>sypon-</span> 
     </span>
     <span class='ocr_line' id='line_1_25' title="bbox 348 2988 3010 3082; baseline -0.002 -16"><span class='ocrx_word' id='word_1_232' title='bbox 348 2994 511 3066; x_wconf 74' lang='lat' dir='ltr'>tina</span> <span class='ocrx_word' id='word_1_233' title='bbox 566 2993 681 3061; x_wconf 88' lang='lat'>11.</span> <span class='ocrx_word' id='word_1_234' title='bbox 725 2988 889 3062; x_wconf 88' lang='lat' dir='ltr'>Maii</span> <span class='ocrx_word' id='word_1_235' title='bbox 947 2992 1212 3082; x_wconf 72' lang='lat'>1720.,</span> <span class='ocrx_word' id='word_1_236' title='bbox 1273 2995 1347 3064; x_wconf 91' lang='lat' dir='ltr'>in</span> <span class='ocrx_word' id='word_1_237' title='bbox 1403 3011 1543 3082; x_wconf 90' lang='lat' dir='ltr'>qua</span> <span class='ocrx_word' id='word_1_238' title='bbox 1596 3011 1709 3066; x_wconf 87' lang='lat' dir='ltr'>res</span> <span class='ocrx_word' id='word_1_239' title='bbox 1761 3000 1915 3066; x_wconf 88' lang='lat' dir='ltr'>erat</span> <span class='ocrx_word' id='word_1_240' title='bbox 1964 2995 2051 3067; x_wconf 91' lang='lat' dir='ltr'>de</span> <span class='ocrx_word' id='word_1_241' title='bbox 2121 2994 2604 3065; x_wconf 88' lang='lat' dir='ltr'>mansionaria</span> <span class='ocrx_word' id='word_1_242' title='bbox 2655 2989 3010 3063; x_wconf 88' lang='lat' dir='ltr'>Vestanae</span> 
     </span>
     <span class='ocr_line' id='line_1_26' title="bbox 347 3104 3014 3198; baseline -0.003 -19"><span class='ocrx_word' id='word_1_243' title='bbox 347 3105 810 3192; x_wconf 86' lang='lat' dir='ltr'>cathedralis,</span> <span class='ocrx_word' id='word_1_244' title='bbox 852 3110 923 3176; x_wconf 90' lang='lat' dir='ltr'>et</span> <span class='ocrx_word' id='word_1_245' title='bbox 973 3107 1047 3177; x_wconf 91' lang='lat' dir='ltr'>S.</span> <span class='ocrx_word' id='word_1_246' title='bbox 1088 3104 1163 3177; x_wconf 91' lang='lat' dir='ltr'>C.</span> <span class='ocrx_word' id='word_1_247' title='bbox 1206 3104 1280 3178; x_wconf 92' lang='lat' dir='ltr'>C.</span> <span class='ocrx_word' id='word_1_248' title='bbox 1321 3108 1430 3178; x_wconf 88' lang='lat' dir='ltr'>sui</span> <span class='ocrx_word' id='word_1_249' title='bbox 1487 3106 1756 3195; x_wconf 90' lang='lat' dir='ltr'>iudicii,</span> <span class='ocrx_word' id='word_1_250' title='bbox 1797 3107 1987 3196; x_wconf 89' lang='lat' dir='ltr'>quod</span> <span class='ocrx_word' id='word_1_251' title='bbox 2042 3109 2405 3198; x_wconf 87' lang='lat' dir='ltr'>prolatura</span> <span class='ocrx_word' id='word_1_252' title='bbox 2456 3112 2641 3193; x_wconf 92' lang='lat' dir='ltr'>erat,</span> <span class='ocrx_word' id='word_1_253' title='bbox 2691 3121 3014 3175; x_wconf 89' lang='lat' dir='ltr'>normam</span> 
     </span>
     <span class='ocr_line' id='line_1_27' title="bbox 349 3217 3019 3311; baseline -0.002 -20"><span class='ocrx_word' id='word_1_254' title='bbox 349 3236 441 3291; x_wconf 84' lang='lat' dir='ltr'>ex</span> <span class='ocrx_word' id='word_1_255' title='bbox 476 3217 613 3289; x_wconf 87' lang='lat' dir='ltr'>hac</span> <span class='ocrx_word' id='word_1_256' title='bbox 648 3219 1087 3308; x_wconf 79' lang='lat' dir='ltr'>inspectione</span> <span class='ocrx_word' id='word_1_257' title='bbox 1116 3219 1631 3291; x_wconf 89' lang='lat' dir='ltr'>desumendam</span> <span class='ocrx_word' id='word_1_258' title='bbox 1669 3238 1826 3292; x_wconf 90' lang='lat' dir='ltr'>esse</span> <span class='ocrx_word' id='word_1_259' title='bbox 1860 3220 2311 3311; x_wconf 79' lang='lat' dir='ltr'>significavit,</span> <span class='ocrx_word' id='word_1_260' title='bbox 2345 3239 2438 3293; x_wconf 88' lang='lat' dir='ltr'>an</span> <span class='ocrx_word' id='word_1_261' title='bbox 2476 3219 2788 3311; x_wconf 90' lang='lat' dir='ltr'>qualitas</span> <span class='ocrx_word' id='word_1_262' title='bbox 2818 3234 3019 3287; x_wconf 89' lang='lat' dir='ltr'>man-</span> 
     </span>
     <span class='ocr_line' id='line_1_28' title="bbox 348 3330 2454 3422; baseline 0.001 -20"><span class='ocrx_word' id='word_1_263' title='bbox 348 3330 706 3402; x_wconf 84' lang='lat' dir='ltr'>sionariae</span> <span class='ocrx_word' id='word_1_264' title='bbox 759 3336 947 3401; x_wconf 84' lang='lat' dir='ltr'>esset</span> <span class='ocrx_word' id='word_1_265' title='bbox 998 3340 1373 3422; x_wconf 86' lang='lat' dir='ltr'>perpetua,</span> <span class='ocrx_word' id='word_1_266' title='bbox 1418 3332 1527 3404; x_wconf 76' lang='lat' dir='ltr'>vel</span> <span class='ocrx_word' id='word_1_267' title='bbox 1581 3331 1670 3404; x_wconf 90' lang='lat' dir='ltr'>ad</span> <span class='ocrx_word' id='word_1_268' title='bbox 1725 3339 1976 3403; x_wconf 86' lang='lat' dir='ltr'>nutum</span> <span class='ocrx_word' id='word_1_269' title='bbox 2030 3333 2454 3404; x_wconf 67' lang='lat' dir='ltr'>amoribiliS.</span> 
     </span>
    </p>

    <p class='ocr_par' dir='ltr' id='par_1_6' title="bbox 342 3439 3026 4412">
     <span class='ocr_line' id='line_1_29' title="bbox 499 3439 3019 3533; baseline -0 -22"><span class='ocrx_word' id='word_1_270' title='bbox 499 3442 668 3512; x_wconf 83' lang='lat'>397.</span> <span class='ocrx_word' id='word_1_271' title='bbox 719 3441 799 3512; x_wconf 80' lang='lat' dir='ltr'>At</span> <span class='ocrx_word' id='word_1_272' title='bbox 851 3459 1014 3512; x_wconf 85' lang='lat' dir='ltr'>vero</span> <span class='ocrx_word' id='word_1_273' title='bbox 1083 3443 1143 3511; x_wconf 92' lang='lat' dir='ltr'>si</span> <span class='ocrx_word' id='word_1_274' title='bbox 1198 3448 1586 3532; x_wconf 87' lang='lat' dir='ltr'>patronus,</span> <span class='ocrx_word' id='word_1_275' title='bbox 1645 3449 1770 3516; x_wconf 91' lang='lat' dir='ltr'>aut</span> <span class='ocrx_word' id='word_1_276' title='bbox 1819 3443 2001 3517; x_wconf 88' lang='lat' dir='ltr'>alius</span> <span class='ocrx_word' id='word_1_277' title='bbox 2052 3444 2397 3533; x_wconf 88' lang='lat' dir='ltr'>quilibet,</span> <span class='ocrx_word' id='word_1_278' title='bbox 2457 3443 2570 3514; x_wconf 90' lang='lat' dir='ltr'>cui</span> <span class='ocrx_word' id='word_1_279' title='bbox 2621 3439 3019 3513; x_wconf 89' lang='lat' dir='ltr'>nominatio</span> 
     </span>
     <span class='ocr_line' id='line_1_30' title="bbox 346 3551 3011 3645; baseline -0.002 -20"><span class='ocrx_word' id='word_1_280' title='bbox 346 3552 757 3625; x_wconf 80' lang='lat' dir='ltr'>beneficiati</span> <span class='ocrx_word' id='word_1_281' title='bbox 798 3552 909 3623; x_wconf 79' lang='lat' dir='ltr'>vel</span> <span class='ocrx_word' id='word_1_282' title='bbox 947 3552 1298 3642; x_wconf 87' lang='lat' dir='ltr'>capellani</span> <span class='ocrx_word' id='word_1_283' title='bbox 1344 3555 1705 3645; x_wconf 89' lang='lat' dir='ltr'>competit,</span> <span class='ocrx_word' id='word_1_284' title='bbox 1744 3555 1912 3628; x_wconf 87' lang='lat' dir='ltr'>data</span> <span class='ocrx_word' id='word_1_285' title='bbox 1948 3553 2296 3645; x_wconf 86' lang='lat' dir='ltr'>Episcopo</span> <span class='ocrx_word' id='word_1_286' title='bbox 2333 3556 2462 3626; x_wconf 92' lang='lat' dir='ltr'>rite</span> <span class='ocrx_word' id='word_1_287' title='bbox 2501 3553 2641 3625; x_wconf 78' lang='lat' dir='ltr'>tide</span> <span class='ocrx_word' id='word_1_288' title='bbox 2679 3554 2751 3623; x_wconf 92' lang='lat' dir='ltr'>in</span> <span class='ocrx_word' id='word_1_289' title='bbox 2792 3551 3011 3621; x_wconf 78' lang='lat' dir='ltr'>forma</span> 
     </span>
     <span class='ocr_line' id='line_1_31' title="bbox 342 3661 3014 3756; baseline -0.001 -19"><span class='ocrx_word' id='word_1_290' title='bbox 342 3665 526 3738; x_wconf 90' lang='lat' dir='ltr'>iuris</span> <span class='ocrx_word' id='word_1_291' title='bbox 581 3665 811 3735; x_wconf 88' lang='lat' dir='ltr'>valida</span> <span class='ocrx_word' id='word_1_292' title='bbox 869 3665 1313 3754; x_wconf 81' lang='lat' dir='ltr'>polliceatur,</span> <span class='ocrx_word' id='word_1_293' title='bbox 1354 3684 1508 3738; x_wconf 90' lang='lat' dir='ltr'>sese</span> <span class='ocrx_word' id='word_1_294' title='bbox 1553 3666 2052 3739; x_wconf 82' lang='lat' dir='ltr'>beneficiatum</span> <span class='ocrx_word' id='word_1_295' title='bbox 2092 3667 2201 3738; x_wconf 86' lang='lat' dir='ltr'>vel</span> <span class='ocrx_word' id='word_1_296' title='bbox 2254 3666 2735 3756; x_wconf 87' lang='lat' dir='ltr'>capellanum,</span> <span class='ocrx_word' id='word_1_297' title='bbox 2776 3661 3014 3752; x_wconf 89' lang='lat' dir='ltr'>quoad</span> 
     </span>
     <span class='ocr_line' id='line_1_32' title="bbox 343 3773 3014 3873; baseline -0.001 -26"><span class='ocrx_word' id='word_1_298' title='bbox 343 3778 607 3848; x_wconf 66' lang='lat' dir='ltr'>vixerit</span> <span class='ocrx_word' id='word_1_299' title='bbox 656 3773 807 3866; x_wconf 83' lang='lat' dir='ltr'>(hic</span> <span class='ocrx_word' id='word_1_300' title='bbox 859 3795 1143 3868; x_wconf 89' lang='lat' dir='ltr'>nempe,</span> <span class='ocrx_word' id='word_1_301' title='bbox 1189 3796 1331 3848; x_wconf 90' lang='lat' dir='ltr'>non</span> <span class='ocrx_word' id='word_1_302' title='bbox 1383 3777 1797 3873; x_wconf 89' lang='lat' dir='ltr'>patronus),</span> <span class='ocrx_word' id='word_1_303' title='bbox 1854 3781 1965 3851; x_wconf 79' lang='lat' dir='ltr'>vel</span> <span class='ocrx_word' id='word_1_304' title='bbox 2017 3778 2254 3869; x_wconf 92' lang='lat' dir='ltr'>quoad</span> <span class='ocrx_word' id='word_1_305' title='bbox 2308 3780 2510 3851; x_wconf 89' lang='lat' dir='ltr'>aliter</span> <span class='ocrx_word' id='word_1_306' title='bbox 2563 3778 2652 3849; x_wconf 89' lang='lat' dir='ltr'>de</span> <span class='ocrx_word' id='word_1_307' title='bbox 2706 3793 3014 3866; x_wconf 83' lang='lat' dir='ltr'>congruo</span> 
     </span>
     <span class='ocr_line' id='line_1_33' title="bbox 343 3889 3023 3986; baseline -0.002 -24"><span class='ocrx_word' id='word_1_308' title='bbox 343 3890 564 3962; x_wconf 83' lang='lat' dir='ltr'>titulo</span> <span class='ocrx_word' id='word_1_309' title='bbox 616 3889 1099 3980; x_wconf 85' lang='lat' dir='ltr'>provideatur,</span> <span class='ocrx_word' id='word_1_310' title='bbox 1158 3909 1199 3960; x_wconf 90' lang='lat' dir='ltr'>a</span> <span class='ocrx_word' id='word_1_311' title='bbox 1251 3889 1578 3965; x_wconf 76' lang='lat' dir='ltr'>beneficii</span> <span class='ocrx_word' id='word_1_312' title='bbox 1643 3893 1752 3965; x_wconf 79' lang='lat' dir='ltr'>vel</span> <span class='ocrx_word' id='word_1_313' title='bbox 1803 3893 2242 3986; x_wconf 88' lang='lat' dir='ltr'>capellaniae</span> <span class='ocrx_word' id='word_1_314' title='bbox 2313 3892 2754 3983; x_wconf 87' lang='lat' dir='ltr'>possessione</span> <span class='ocrx_word' id='word_1_315' title='bbox 2826 3905 3023 3959; x_wconf 90' lang='lat' dir='ltr'>amo-</span> 
     </span>
     <span class='ocr_line' id='line_1_34' title="bbox 342 4001 3019 4094; baseline -0.003 -20"><span class='ocrx_word' id='word_1_316' title='bbox 342 4009 594 4074; x_wconf 84' lang='lat' dir='ltr'>turum</span> <span class='ocrx_word' id='word_1_317' title='bbox 648 4019 790 4072; x_wconf 90' lang='lat' dir='ltr'>non</span> <span class='ocrx_word' id='word_1_318' title='bbox 843 4018 1025 4090; x_wconf 90' lang='lat' dir='ltr'>esse,</span> <span class='ocrx_word' id='word_1_319' title='bbox 1088 4004 1184 4072; x_wconf 90' lang='lat' dir='ltr'>ita</span> <span class='ocrx_word' id='word_1_320' title='bbox 1238 4007 1319 4073; x_wconf 88' lang='lat' dir='ltr'>ut</span> <span class='ocrx_word' id='word_1_321' title='bbox 1374 4004 1621 4075; x_wconf 89' lang='lat' dir='ltr'>titulus</span> <span class='ocrx_word' id='word_1_322' title='bbox 1672 4023 1759 4076; x_wconf 79' lang='lat' dir='ltr'>ex</span> <span class='ocrx_word' id='word_1_323' title='bbox 1811 4006 2127 4094; x_wconf 89' lang='lat' dir='ltr'>precario</span> <span class='ocrx_word' id='word_1_324' title='bbox 2179 4004 2268 4075; x_wconf 85' lang='lat' dir='ltr'>ad</span> <span class='ocrx_word' id='word_1_325' title='bbox 2327 4004 2680 4091; x_wconf 77' lang='lat' dir='ltr'>effectum,</span> <span class='ocrx_word' id='word_1_326' title='bbox 2740 4001 2828 4072; x_wconf 93' lang='lat' dir='ltr'>de</span> <span class='ocrx_word' id='word_1_327' title='bbox 2879 4015 3019 4088; x_wconf 92' lang='lat' dir='ltr'>quo</span> 
     </span>
     <span class='ocr_line' id='line_1_35' title="bbox 345 4111 3021 4204; baseline -0.002 -19"><span class='ocrx_word' id='word_1_328' title='bbox 345 4114 619 4204; x_wconf 82' lang='lat' dir='ltr'>agitur,</span> <span class='ocrx_word' id='word_1_329' title='bbox 675 4119 1064 4203; x_wconf 85' lang='lat' dir='ltr'>perpetuus</span> <span class='ocrx_word' id='word_1_330' title='bbox 1097 4113 1473 4202; x_wconf 86' lang='lat' dir='ltr'>efficiatur,</span> <span class='ocrx_word' id='word_1_331' title='bbox 1529 4122 1682 4187; x_wconf 85' lang='lat' dir='ltr'>tum</span> <span class='ocrx_word' id='word_1_332' title='bbox 1727 4115 2152 4188; x_wconf 81' lang='lat' dir='ltr'>beneficium</span> <span class='ocrx_word' id='word_1_333' title='bbox 2201 4115 2401 4201; x_wconf 84' lang='lat' dir='ltr'>illud,</span> <span class='ocrx_word' id='word_1_334' title='bbox 2457 4115 2567 4186; x_wconf 80' lang='lat' dir='ltr'>vel</span> <span class='ocrx_word' id='word_1_335' title='bbox 2623 4111 3021 4203; x_wconf 85' lang='lat' dir='ltr'>capellania</span> 
     </span>
     <span class='ocr_line' id='line_1_36' title="bbox 344 4220 3026 4318; baseline -0.002 -19"><span class='ocrx_word' id='word_1_336' title='bbox 344 4227 436 4299; x_wconf 89' lang='lat' dir='ltr'>in</span> <span class='ocrx_word' id='word_1_337' title='bbox 486 4243 696 4314; x_wconf 82' lang='lat' dir='ltr'>usum</span> <span class='ocrx_word' id='word_1_338' title='bbox 751 4227 1156 4315; x_wconf 88' lang='lat' dir='ltr'>patrimonii</span> <span class='ocrx_word' id='word_1_339' title='bbox 1209 4228 1392 4298; x_wconf 74' lang='lat' dir='ltr'>sacri</span> <span class='ocrx_word' id='word_1_340' title='bbox 1445 4233 1677 4318; x_wconf 86' lang='lat' dir='ltr'>potest</span> <span class='ocrx_word' id='word_1_341' title='bbox 1732 4227 2037 4315; x_wconf 89' lang='lat' dir='ltr'>admitti,</span> <span class='ocrx_word' id='word_1_342' title='bbox 2078 4227 2295 4299; x_wconf 79' lang='lat' dir='ltr'>veluti</span> <span class='ocrx_word' id='word_1_343' title='bbox 2341 4224 2846 4299; x_wconf 86' lang='lat' dir='ltr'>animadvertit</span> <span class='ocrx_word' id='word_1_344' title='bbox 2889 4220 3026 4294; x_wconf 89' lang='lat' dir='ltr'>Be-</span> 
     </span>
     <span class='ocr_line' id='line_1_37' title="bbox 344 4334 1773 4412; baseline -0.003 0"><span class='ocrx_word' id='word_1_345' title='bbox 344 4338 690 4412; x_wconf 87' lang='lat' dir='ltr'>nedictus</span> <span class='ocrx_word' id='word_1_346' title='bbox 744 4334 931 4411; x_wconf 87' lang='lat' dir='ltr'>XIV.</span> <span class='ocrx_word' id='word_1_347' title='bbox 992 4340 1170 4410; x_wconf 85' lang='lat' dir='ltr'>Inst.</span> <span class='ocrx_word' id='word_1_348' title='bbox 1211 4340 1377 4411; x_wconf 85' lang='lat' dir='ltr'>eccl.</span> <span class='ocrx_word' id='word_1_349' title='bbox 1418 4338 1540 4412; x_wconf 79' lang='lat'>26.</span> <span class='ocrx_word' id='word_1_350' title='bbox 1583 4359 1656 4409; x_wconf 81' lang='lat' dir='ltr'>n.</span> <span class='ocrx_word' id='word_1_351' title='bbox 1701 4336 1773 4410; x_wconf 85' lang='lat'>9.</span> 
     </span>
    </p>

    <p class='ocr_par' dir='ltr' id='par_1_7' title="bbox 339 4446 3031 4766">
     <span class='ocr_line' id='line_1_38' title="bbox 508 4446 3026 4540; baseline -0.002 -19"><span class='ocrx_word' id='word_1_352' title='bbox 508 4451 678 4521; x_wconf 90' lang='grc'><strong>398.</strong></span> <span class='ocrx_word' id='word_1_353' title='bbox 722 4446 1156 4522; x_wconf 81' lang='lat' dir='ltr'>Monacellus</span> <span class='ocrx_word' id='word_1_354' title='bbox 1202 4451 1337 4522; x_wconf 84' lang='lat' dir='ltr'>Tit.</span> <span class='ocrx_word' id='word_1_355' title='bbox 1377 4448 1493 4520; x_wconf 73' lang='lat'>43.</span> <span class='ocrx_word' id='word_1_356' title='bbox 1524 4449 1738 4540; x_wconf 79' lang='lat' dir='ltr'>form.</span> <span class='ocrx_word' id='word_1_357' title='bbox 1771 4446 1846 4521; x_wconf 79' lang='lat'>3.</span> <span class='ocrx_word' id='word_1_358' title='bbox 1880 4466 1957 4518; x_wconf 81' lang='lat' dir='ltr'>n.</span> <span class='ocrx_word' id='word_1_359' title='bbox 2000 4446 2117 4520; x_wconf 73' lang='lat'>17.</span> <span class='ocrx_word' id='word_1_360' title='bbox 2160 4448 2338 4520; x_wconf 87' lang='lat' dir='ltr'>haec</span> <span class='ocrx_word' id='word_1_361' title='bbox 2377 4447 2593 4521; x_wconf 89' lang='lat' dir='ltr'>tradit</span> <span class='ocrx_word' id='word_1_362' title='bbox 2627 4447 2763 4519; x_wconf 87' lang='lat' dir='ltr'>hac</span> <span class='ocrx_word' id='word_1_363' title='bbox 2813 4463 3026 4537; x_wconf 91' lang='lat' dir='ltr'>super</span> 
     </span>
     <span class='ocr_line' id='line_1_39' title="bbox 339 4558 3028 4650; baseline -0.003 -14"><span class='ocrx_word' id='word_1_364' title='bbox 339 4579 481 4636; x_wconf 83' lang='lat' dir='ltr'>re:</span> <span class='ocrx_word' id='word_1_365' title='bbox 544 4584 581 4626; x_wconf 61' lang='grc' dir='ltr'>ι</span> <span class='ocrx_word' id='word_1_366' title='bbox 619 4558 800 4632; x_wconf 90' lang='lat' dir='ltr'>Item</span> <span class='ocrx_word' id='word_1_367' title='bbox 854 4560 928 4633; x_wconf 92' lang='lat' dir='ltr'>S.</span> <span class='ocrx_word' id='word_1_368' title='bbox 962 4559 1039 4633; x_wconf 89' lang='lat' dir='ltr'>C.</span> <span class='ocrx_word' id='word_1_369' title='bbox 1074 4559 1286 4632; x_wconf 86' lang='lat' dir='ltr'>Cone.</span> <span class='ocrx_word' id='word_1_370' title='bbox 1330 4560 1717 4649; x_wconf 88' lang='lat' dir='ltr'>aliquando</span> <span class='ocrx_word' id='word_1_371' title='bbox 1753 4560 2121 4650; x_wconf 87' lang='lat' dir='ltr'>dispensat</span> <span class='ocrx_word' id='word_1_372' title='bbox 2154 4558 2244 4631; x_wconf 89' lang='lat' dir='ltr'>ob</span> <span class='ocrx_word' id='word_1_373' title='bbox 2283 4562 2655 4650; x_wconf 90' lang='lat' dir='ltr'>penuriam</span> <span class='ocrx_word' id='word_1_374' title='bbox 2700 4560 3028 4632; x_wconf 86' lang='lat' dir='ltr'>sacerdo-</span> 
     </span>
     <span class='ocr_line' id='line_1_40' title="bbox 344 4670 3031 4766; baseline -0.001 -22"><span class='ocrx_word' id='word_1_375' title='bbox 344 4697 406 4744; x_wconf 76' lang='lat'>›</span> <span class='ocrx_word' id='word_1_376' title='bbox 449 4677 629 4762; x_wconf 90' lang='lat' dir='ltr'>tum,</span> <span class='ocrx_word' id='word_1_377' title='bbox 670 4674 779 4744; x_wconf 81' lang='lat' dir='ltr'>vel</span> <span class='ocrx_word' id='word_1_378' title='bbox 830 4681 1327 4766; x_wconf 87' lang='lat' dir='ltr'>paupertatem</span> <span class='ocrx_word' id='word_1_379' title='bbox 1374 4672 1713 4762; x_wconf 89' lang='lat' dir='ltr'>locorum,</span> <span class='ocrx_word' id='word_1_380' title='bbox 1753 4678 1834 4744; x_wconf 90' lang='lat' dir='ltr'>ut</span> <span class='ocrx_word' id='word_1_381' title='bbox 1884 4672 2048 4763; x_wconf 89' lang='lat' dir='ltr'>quis</span> <span class='ocrx_word' id='word_1_382' title='bbox 2091 4674 2314 4763; x_wconf 88' lang='lat' dir='ltr'>possit</span> <span class='ocrx_word' id='word_1_383' title='bbox 2346 4673 2741 4764; x_wconf 72' lang='lat' dir='ltr'>promoveri</span> <span class='ocrx_word' id='word_1_384' title='bbox 2794 4670 2888 4743; x_wconf 87' lang='lat' dir='ltr'>ad</span> <span class='ocrx_word' id='word_1_385' title='bbox 2939 4670 3031 4742; x_wconf 88' lang='lat' dir='ltr'>ti-</span> 
     </span>
    </p>
   </div>
  </div>
 </body>
</html>
