3497 5235
1058 305 1180 383 οη.
1205 306 1286 364 111
1346 306 1419 366 Do
1461 308 1594 366 clero
1636 308 1907 366 nemu-i.
1949 311 2001 381 g.
2033 309 2082 366 8.
2792 303 2907 367 407

233 433 538 525 legibus.
587 436 668 507 At
720 454 886 509 vero
923 444 1131 511 caute
1164 441 1551 513 admodum
1602 460 1760 513 sese
1814 461 2055 532 gerere
2092 440 2351 514 debere
2386 438 2780 531 Episcopos
2832 439 2908 510 in

230 546 365 619 hac
403 545 778 619 indefinita
816 552 1288 641 suspensione
1325 552 1717 643 infigenda,
1755 572 1842 624 ne
1880 553 2052 642 quid
2091 553 2357 643 negotii
2397 552 2907 640 molestiaeque

231 677 274 728 a
321 659 695 748 suspensis
747 660 1141 751 offendant,
1187 669 1481 735 monent
1516 663 1728 749 duae,
1772 682 1955 753 quas
2007 662 2455 754 potissimum
2510 663 2899 751 afferimuS‚

232 786 519 841 causae.
575 767 812 841 Prima
865 780 972 846 est
1023 792 1244 845 causa
1303 777 1375 848 S.
1423 776 1771 857 Severini,
1810 793 1994 865 quae
2030 774 2442 846 huiusmodi
2479 780 2657 846 erat.

378 880 554 953 265.
613 878 735 953 Vir
785 883 1079 974 quidam
1131 885 1503 977 religiosus
1553 882 1905 978 Episcopo
1959 887 2317 959 detulerat
2364 886 2455 957 de
2509 887 2652 958 vita
2709 886 2913 957 inho-

232 1000 441 1065 noeta
493 998 568 1065 et
616 995 937 1067 scandali
979 996 1220 1087 plena,
1264 1015 1480 1088 quam
1519 997 1779 1090 agebat
1816 996 2169 1088 parochus
2205 994 2467 1069 Laetti.
2510 994 2909 1087 Episcopus

232 1105 654 1196 praesertim
706 1112 849 1179 tres
900 1106 1245 1181 foeminas
1295 1109 1432 1182 hac
1483 1110 1572 1181 de
1623 1128 1700 1181 re
1755 1111 1906 1200 ipse
1960 1127 2087 1200 per
2124 1128 2200 1180 se
2237 1109 2535 1200 rogavit,
2594 1126 2781 1197 quae
2819 1108 2912 1181 de

231 1215 689 1289 sermonibus
739 1218 1137 1292 inhonestis
1188 1226 1261 1293 et
1312 1222 1692 1311 impudicis
1745 1222 1820 1291 in
1871 1240 2039 1292 suas
2092 1238 2437 1311 personas
2477 1219 2793 1291 tactibus
2830 1219 2913 1290 fi-

235 1329 396 1400 dem
455 1328 1001 1420 per-hibuerunt.
1040 1328 1317 1413 Quibus
1352 1333 1780 1405 testimoniis
1815 1332 2108 1403 innixus
2143 1330 2540 1424 Episcopus
2577 1328 2912 1405 Laettum

233 1459 274 1512 a
325 1440 669 1531 parochia
720 1443 1121 1535 suspendit,
1181 1445 1392 1534 eique
1446 1462 1911 1517 oeconomum
1967 1443 2404 1535 subrogavit.
2466 1442 2914 1533 Conquestus

234 1557 344 1624 est
395 1548 700 1625 Laettus
751 1571 972 1644 penes
1022 1551 1095 1626 S.
1138 1553 1246 1643 C.‚
1306 1556 1729 1629 inhonestae
1787 1558 1970 1628 vitae
2023 1561 2252 1643 actus,
2296 1556 2383 1625 de
2424 1555 2689 1645 quibus
2742 1556 2915 1626 insi-

235 1662 682 1752 mulabatur,
736 1667 914 1739 satis
962 1685 1108 1738 non
1160 1685 1314 1740 csse
1370 1668 1460 1739 ad
1514 1687 1822 1760 poenam
1875 1668 2011 1740 sibi
2068 1668 2471 1757 impositam
2526 1666 2918 1738 decernen-

240 1775 460 1863 dam3
504 1775 762 1849 deinde
815 1776 1162 1851 foeminas
1200 1781 1271 1851 in
1310 1786 1529 1852 testes
1583 1781 1946 1853 adhibitas
2000 1780 2379 1850 vilissimas
2415 1796 2570 1850 esse
2607 1784 2678 1850 et
2713 1778 2919 1848 inho-

235 1892 518 1975 nestas,
552 1906 634 1959 ac
661 1889 1217 1961 admonitionem
1255 1890 1392 1963 sibi
1428 1897 1537 1964 ter
1574 1911 1716 1964 non
1757 1891 1973 1963 luisse
2003 1892 2403 1980 repetitam.
2432 1886 2617 1961 Hinc
2653 1891 2767 1961 19.
2794 1891 2919 1961 Se-

233 1998 517 2090 ptemb.
563 1999 775 2072 1778.
834 2000 928 2072 ad
980 2001 1246 2073 dubia:
1322 2026 1361 2068 ι
1406 2005 1473 2073 1.
1507 2004 1612 2074 An
1651 2004 2093 2075 sustineatur
2129 2003 2479 2094 appositio
2517 2001 2911 2090 oeconomi,

237 2138 278 2181 ›
317 2130 452 2183 seu
504 2113 743 2203 potius
794 2115 1149 2205 parochus
1199 2112 1432 2188 Laetti
1487 2117 1579 2186 sit
1631 2115 2182 2205 reintegrandus
2236 2115 2327 2184 ad
2380 2115 2697 2205 regimen
2745 2131 2918 2185 suae

235 2250 275 2293 ι»
318 2225 668 2298 ecclesiae
716 2226 1146 2318 parochialis
1199 2228 1274 2298 in
1326 2222 1545 2300 casu?
1601 2228 1674 2298 2.
1723 2227 1826 2299 An
1863 2228 1956 2298 sit
1990 2226 2184 2298 locus
2222 2226 2583 2298 refectioni
2621 2225 2922 2297 damno·-

232 2361 277 2406 »
319 2356 513 2425 rum,
571 2344 643 2409 et
695 2338 766 2409 in
821 2357 963 2429 qua
1000 2358 1279 2410 summa
1318 2342 1391 2412 in
1429 2336 1645 2411 casui?
1688 2365 1724 2407 ν
1767 2337 1839 2410 S.
1875 2338 1948 2411 C.
1992 2338 2400 2432 respondit:
2447 2361 2485 2403 «
2529 2338 2633 2410 Ad
2675 2340 2742 2408 1.
2784 2335 2924 2409 Ne-

231 2474 275 2513 »
318 2450 561 2541 gative
614 2449 705 2520 ad
760 2452 1061 2540 primam
1116 2458 1419 2542 partem,
1478 2451 1899 2524 affirmative
1953 2452 2046 2523 ad
2097 2451 2514 2540 secundam,
2559 2457 2920 2523 reservato

231 2588 274 2633 »
317 2564 478 2635 iure
515 2563 894 2653 promotori
934 2562 1157 2634 fiscali
1193 2562 1448 2654 agendi
1489 2570 1734 2635 contra
1776 2562 2165 2655 parochum
2202 2559 2436 2637 Laetti
2475 2563 2567 2636 ad
2619 2562 2921 2635 formam

230 2699 273 2743 »
313 2672 536 2747 Conc.
578 2670 770 2745 Trid.
830 2681 902 2746 et
954 2675 1289 2764 amplius.
1351 2675 1455 2746 Ad
1491 2677 1562 2747 2.
1606 2676 2091 2748 restituendos
2143 2693 2299 2747 esse
2353 2694 2602 2747 omnes
2650 2674 2923 2746 fructus

228 2815 273 2856 ι»
318 2786 708 2880 parochiae
758 2794 1077 2879 tempore
1129 2794 1633 2859 oeconomatus
1685 2789 2069 2874 decursus,
2132 2787 2437 2876 aliisque
2512 2786 2924 2859 accessoriis

228 2925 276 2968 ›
318 2899 708 2988 expensis3
769 2898 840 2969 in
896 2899 1185 2988 reliquis
1239 2900 1595 2989 negative,
1653 2904 1722 2969 et
1778 2899 2183 2990 amplius.»

390 3010 563 3081 266.
622 3008 797 3081 (um
850 3029 1064 3081 causa
1118 3006 1191 3080 S.
1236 3012 1554 3083 Severini
1625 3029 1769 3080 non
1823 3029 2071 3102 parum
2144 3009 2634 3081 similitudinis
2703 3005 2925 3080 habet

223 3123 475 3195 altera
516 3121 946 3194 Placentina
996 3119 1257 3195 Restit.
1303 3124 1374 3193 in
1412 3141 1567 3213 par.
1608 3122 2094 3194 recentissime
2133 3121 2202 3191 in
2241 3121 2491 3193 eadem
2542 3117 2615 3191 S.
2651 3117 2723 3190 C.
2765 3138 2927 3211 per-

215 3239 584 3307 tractata.
639 3231 989 3325 Episcopo
1042 3231 1457 3306 Placentino
1520 3233 1741 3304 multa
1798 3238 2040 3305 contra
2094 3232 2484 3321 parochum
2538 3233 2925 3321 quemdam

215 3363 420 3420 suae
475 3333 819 3417 dioecesis
870 3347 943 3416 in
994 3363 1240 3418 sacrae
1312 3346 1737 3419 visitationis
1809 3352 1970 3417 actu
2033 3344 2650 3417 denuntiabantur
2711 3360 2926 3436 super

212 3459 633 3532 inhonesta
687 3475 847 3529 cum
901 3458 1323 3529 mulieribus
1376 3458 1919 3544 consuetudine,
1979 3465 2050 3530 et
2101 3458 2423 3530 socordia
2460 3458 2534 3528 in
2573 3455 2927 3528 obeundis

209 3568 633 3664 parochiae
673 3567 1117 3640 muneribus.
1161 3565 1499 3641 Instituta
1541 3570 2048 3659 inquisitione,
2100 3588 2315 3659 quam
2370 3588 2765 3659 processum
2801 3567 2929 3636 ho-

206 3684 359 3756 die
393 3687 684 3767 vocant,
720 3697 802 3750 ac
831 3681 1156 3770 plurimis
1186 3681 1613 3753 examinatis
1649 3681 1982 3770 testibuS,
2017 3683 2134 3754 die
2168 3683 2282 3755 15.
2309 3678 2466 3752 Oct.
2499 3681 2670 3751 anni
2706 3680 2919 3751 1838.

200 3793 649 3886 Episcopus
687 3792 1311 3865 indeterminatam
1341 3792 1443 3868 ,ab
1474 3792 1704 3864 officio
1733 3795 2024 3883 parochi
2062 3793 2601 3884 suspensionem
2636 3791 2920 3862 indixit.

195 3908 459 3982 Anno
519 3904 733 3974 1841.
790 3904 1145 3994 parochus
1198 3911 1442 3975 contra
1496 3904 1902 3977 huiusmodi
1959 3907 2322 3979 decretum
2387 3904 2748 3995 querelam
2802 3901 2931 3973 ob-

193 4018 475 4093 movit
529 4032 750 4107 penes
800 4016 1063 4086 laicum
1101 4016 1434 4103 iudicem,
1479 4038 1518 4087 a
1558 4037 1700 4108 quo
1755 4019 2058 4090 reiectus
2110 4019 2357 4090 eodem
2397 4035 2589 4088 anno
2623 4015 2929 4105 supplex

193 4127 733 4222 Apostolicam
789 4124 1044 4199 Sedem
1099 4128 1351 4200 adivit.
1411 4128 1634 4200 Causa
1674 4130 1747 4200 in
1789 4130 2379 4200 consultationem
2418 4134 2700 4215 vocata,
2741 4145 2933 4199 corn-

183 4246 538 4338 pertum
592 4243 744 4327 est,
806 4239 1191 4329 parochum
1264 4258 1517 4329 reapse
1588 4240 2032 4311 diffamatum
2090 4241 2163 4310 in
2217 4241 2474 4330 vulgus
2545 4240 2797 4310 ivisse:
2856 4243 2931 4310 at

185 4358 326 4432 de
388 4349 817 4425 criminibus
869 4351 1284 4442 singulatim
1324 4352 1691 4441 imputatis
1743 4357 1962 4422 testes
2015 4371 2159 4422 non
2196 4369 2443 4421 omnes
2481 4351 2756 4438 omnia,
2798 4367 2930 4421 nec

185 4480 507 4544 omnes
560 4461 809 4534 eodem
866 4462 1071 4534 modo
1129 4463 1608 4535 testimonium
1663 4461 2158 4552 perhibuisse:
2235 4460 2589 4553 parochus
2643 4460 2930 4532 interim

177 4575 644 4659 obiiciebat
668 4628 690 4664 ‚
737 4576 1030 4648 testium
1065 4593 1367 4647 examen
1403 4574 1602 4646 iuxta
1640 4572 1935 4643 formam
1974 4592 2015 4641 a
2053 4573 2204 4644 iure
2239 4574 2747 4664 praescriptam
2787 4590 2931 4642 non

167 4693 477 4784 fuisse
515 4693 909 4778 peractam,
950 4704 1035 4758 ac
1069 4687 1330 4757 trinam
1369 4684 1928 4757 admonitionem
1965 4705 2007 4755 a
2044 4682 2255 4756 Conc.
2291 4682 2482 4756 Trid.
2517 4685 2933 4776 requisitam
