3497 5235
900 228 1021 304 0⁸12.
1047 230 1090 286 1.
1131 229 1202 286 D·
1245 227 1398 286 ιὴϋιι
1436 225 1696 286 noete-ino
1734 228 2010 286 materiali.
2054 231 2105 303 ἓ.
2136 230 2257 285 4-7.
2842 227 2915 289 73

255 391 285 434 ›
326 364 557 456 amplo
609 381 835 436 censu
887 364 1230 457 potiatur,
1288 368 1361 435 et
1413 368 1792 452 postquam
1847 363 2232 434 necessarii
2285 364 2375 434 ad
2429 362 2750 435 eiusdem
2791 363 2914 434 ali-

252 502 283 542 »
325 477 635 547 moniam
687 482 1022 568 sumptus
1075 474 1365 547 deducti
1421 474 1734 561 fuerint3
1801 473 1994 563 quod
2046 474 2105 545 si
2158 492 2472 566 congruo
2526 493 2744 546 censu
2797 475 2924 547 de-

254 614 283 658 »
320 593 621 662 stitutus
673 591 795 675 sit,
855 609 897 660 a
950 591 1481 679 reparationum
1536 606 1752 660 onere
1806 595 2181 678 exemptus
2220 588 2416 660 abire
2454 590 2914 679 permittitur.

254 727 283 770 ι
323 699 413 774 Et
464 701 604 773 hac
655 700 948 792 quidem
1000 701 1077 771 in
1128 699 1295 772 sede
1349 719 1494 772 uua
1533 718 1694 770 cum
1730 699 2040 790 parocho
2078 700 2308 773 locum
2346 699 2614 772 hahere
2652 700 2922 772 debent

255 841 284 880 ι
325 831 468 884 non
521 812 886 900 solum'ii,
944 813 1069 902 qui
1119 811 1528 902 pensioneS,
1584 806 2005 906 (dummodo
2057 811 2193 883 hae
2246 812 2467 884 libere
2513 813 2919 903 assignatae

255 950 284 990 ›
325 944 468 997 non
523 921 828 1016 fuerint)
879 942 966 995 ex
1018 923 1408 1015 parochiali
1461 922 1626 995 dote
1679 922 2113 1013 percipiunt,
2172 923 2297 994 sed
2334 925 2549 996 etiam
2590 925 2712 1015 qui
2750 924 2922 995 sim-

254 1061 283 1103 >
321 1036 533 1127 plicia
585 1034 940 1107 beneficia
992 1035 1066 1106 in
1130 1035 1428 1107 ecclesia
1499 1034 1890 1125 parochiali
1961 1035 2355 1124 possident.
2431 1033 2692 1117 Quinto
2764 1036 2917 1108 loco

254 1174 283 1216 ι
323 1167 509 1219 onus
563 1145 934 1219 reficiendi
985 1146 1393 1238 parochiale
1445 1147 1793 1236 templum
1846 1147 2166 1239 patronis
2218 1147 2641 1238 imponitur,
2698 1150 2754 1218 si
2810 1148 2923 1219 ni-

254 1285 283 1328 »
322 1261 581 1330 mirum
642 1264 1062 1348 patronatus
1116 1259 1270 1329 iura
1308 1259 1615 1330 retinere
1670 1259 1917 1330 velint.
1962 1254 2174 1329 Porro
2210 1261 2527 1351 patronis
2564 1278 2919 1351 congruus

254 1396 284 1436 ι»
321 1372 674 1443 terminus
712 1370 1152 1462 praefigitur,
1187 1375 1265 1440 ut
1294 1371 1667 1441 ecclesiam
1702 1377 2067 1459 reparent,
2102 1387 2243 1459 quo
2273 1370 2619 1442 inutiliter
2644 1370 2914 1461 elaps0,

257 1507 288 1548 ι
324 1483 518 1553 omni
575 1487 1005 1574 patronatus
1073 1482 1228 1554 iure
1294 1482 1635 1554 cecidisse
1705 1481 2056 1553 declarari
2124 1488 2451 1573 possunt.
2526 1478 2737 1572 (Vide
2789 1479 2920 1555 Be-

253 1596 409 1666 ned.
455 1590 649 1664 xlv,
693 1594 870 1665 Inst.
909 1591 1073 1666 100.
1117 1612 1192 1663 n.
1233 1592 1347 1665 Μ.
1401 1600 1473 1664 et
1526 1599 1850 1664 recenter
1902 1591 1974 1663 S.
2018 1591 2091 1664 C.
2136 1590 2372 1683 Episc.
2415 1601 2487 1666 et
2538 1591 2794 1686 Regul.
2845 1595 2919 1668 in

254 1705 637 1777 Bononien.
683 1703 938 1776 Reaed.
979 1705 1143 1777 eccl.
1195 1705 1308 1775 15.
1351 1701 1515 1776 Iun.
1565 1702 1843 1800 1855).
1905 1703 2118 1777 Sexto
2156 1707 2307 1777 loco
2347 1707 2435 1779 ad
2479 1709 2918 1779 taxationem

254 1839 287 1885 ›
323 1815 571 1907 populi
625 1814 1148 1887 deveniendum
1188 1821 1323 1904 est,
1365 1817 1575 1886 sicuti
1611 1815 1853 1888 videre
1889 1815 2055 1889 licet
2093 1816 2165 1888 in
2198 1819 2485 1890 [molen.
2525 1819 2709 1891 Rest.
2744 1818 2912 1889 eccl.

258 1953 291 1995 ›
321 1947 488 2020 par.
543 1927 615 1997 6.
662 1924 1028 2016 Septemb.
1086 1929 1344 2014 1783.,
1405 1927 1527 1999 ubi
1600 1926 1671 1997 S.
1716 1924 1790 1997 C.
1834 1928 2156 2001 definivit
2229 1931 2321 2002 ad
2388 1932 2914 2021 reparationem

259 2066 289 2106 ι
325 2039 675 2111 ecclesiae
731 2040 952 2110 teneri
1009 2040 1348 2130 populum
1402 2047 1474 2112 et
1527 2040 1976 2130 possidentes
2030 2042 2102 2111 in
2154 2042 2482 2114 districtu
2546 2026 2916 2132 paroeciae

257 2176 288 2218 »
323 2169 452 2243 per
503 2167 629 2221 aes
681 2156 754 2220 et
805 2149 1088 2236 libram,
1146 2158 1217 2223 et
1270 2150 1678 2222 huiusmodi
1727 2150 2281 2224 declarationem
2321 2151 2766 2224 confirmavit
2802 2152 2919 2225 die

259 2286 289 2327 »
330 2264 447 2334 10.
492 2258 654 2332 Ian.
703 2262 916 2333 1784.
975 2258 1316 2353 Exceptio
1368 2263 1485 2350 fit,
1543 2263 1603 2334 si
1681 2264 2052 2352 paroeciae
2132 2263 2405 2336 incolae
2484 2263 2921 2354 pauperrimi

259 2398 292 2440 ›
327 2376 517 2456 sint;
594 2380 769 2444 tunc
818 2373 1008 2444 enim
1073 2373 1262 2464 adigi
1319 2380 1715 2462 nequeunt.
1785 2370 2097 2464 Septimo
2151 2375 2304 2447 loco
2365 2377 2423 2446 si
2490 2375 2920 2479 parochialis

259 2509 294 2551 ›
328 2485 627 2556 ecclesia
685 2501 902 2555 censu
956 2484 1175 2556 divite
1226 2484 1552 2575 praedita
1605 2486 1723 2569 sit,
1784 2485 1959 2573 quin
2004 2486 2294 2575 parochi
2335 2481 2607 2558 r‘editus
2645 2504 2917 2576 nequa-

255 2622 289 2662 »
325 2615 544 2686 quarn
597 2594 1159 2686 distinguantur,
1214 2613 1474 2669 census
1524 2596 1825 2667 huiusce
1876 2604 2152 2688 partem
2206 2598 2568 2671 alienandi
2616 2597 2920 2671 facultas

257 2732 293 2775 ›
329 2709 674 2799 postulari
733 2709 1015 2799 poterit,
1072 2709 1164 2781 ad
1219 2726 1456 2780 sacras
1504 2708 1718 2780 aedes
1757 2711 2222 2801 reparandaS,
2263 2711 2370 2782 vel
2411 2731 2452 2782 a
2491 2709 2925 2783 tundamen-

257 2845 294 2887 »
329 2822 422 2891 tis
469 2819 973 2891 exstruendas,
1015 2846 1052 2888 »

394 2931 510 3003 49.
561 2954 598 2997 «ι
641 2930 933 3004 Praeter
982 2932 1162 3004 baec
1214 2932 1353 3003 alia
1408 2934 1619 3004 etiam
1666 2940 2064 3027 suppetunt
2099 2940 2299 3005 extra
2336 2930 2656 3004 ordinem
2692 2949 2919 3003 reme-

257 3067 289 3108 »
325 3043 483 3129 dia,
542 3061 678 3133 ope
733 3041 804 3113 S.
849 3040 1430 3135 congregationis
1482 3044 1903 3133 obtinenda,
1963 3046 2294 3117 videlicet
2355 3043 2917 3133 capellaniarum

259 3178 296 3219 ›
330 3155 732 3246 suspensiO,
765 3160 846 3224 ut
881 3155 952 3225 in
993 3156 1366 3229 Tiburtina
1401 3158 1743 3246 SuspenS.
1781 3176 1939 3246 cap.
1974 3156 2090 3226 17.
2122 3153 2332 3225 Febr.
2373 3154 2619 3238 1816„
2659 3171 2919 3225 census

261 3289 297 3332 ι
333 3267 685 3357 impositio
764 3283 978 3356 super
1053 3267 1262 3340 bonis
1339 3269 1731 3357 ecclesiae,
1800 3267 1871 3340 S.
1924 3267 1997 3339 C.
2054 3268 2127 3338 in
2167 3267 2589 3361 Forolivien.
2639 3267 2752 3336 13.
2800 3260 2922 3336 Iu·
3013 3260 3017 3264 ’

258 3400 295 3443 ›
333 3378 425 3448 nii
466 3378 682 3449 1789.
727 3378 819 3448 ad
861 3379 927 3447 1.
970 3378 1181 3467 dub.,
1226 3400 1308 3452 ac
1343 3384 1559 3453 etiam
1597 3376 1972 3451 Missarum
2010 3377 2328 3451 reductio
2364 3379 2438 3448 in
2487 3377 2910 3450 Veliternen.

257 3511 294 3555 ›
336 3478 531 3579 S'usp.
568 3489 772 3562 Miss.
817 3489 934 3560 18.
979 3488 1174 3581 Sept.
1224 3490 1571 3563 179092111
1614 3492 1678 3561 1.
1723 3490 1900 3563 dub.
1947 3515 2014 3561 ».
2077 3487 2176 3561 De
2213 3490 2663 3578 quaestione,
2707 3506 2798 3558 an
2836 3487 2921 3557 li-

258 3606 406 3671 ceat
454 3601 528 3669 in
582 3618 729 3671 una
779 3600 1178 3690 eademque
1228 3603 1523 3673 ecclesia
1603 3604 1908 3674 retinere
1979 3601 2160 3673 duas
2231 3601 2633 3673 animarum
2712 3616 2919 3671 curas

256 3709 432 3782 inter
477 3730 553 3783 se
605 3713 1008 3799 distinctas,
1068 3714 1229 3785 vide
1284 3715 1576 3785 Romen.
1627 3713 2077 3786 Parochialis
2131 3730 2260 3805 per
2311 3709 2580 3783 Summ.
2628 3727 2917 3801 precum

260 3820 376 3891 22.
408 3819 593 3895 Iunii
642 3824 857 3895 1850.

393 3934 506 4006 50.
548 3931 747 4016 Quae
801 3953 963 4006 vero
1016 3934 1104 4006 de
1157 3937 1500 4008 ecclesiae
1554 3937 2007 4028 reparatione
2061 3935 2336 4006 sancita
2389 3940 2584 4021 sunt,
2629 3951 2922 4023 repara-

259 4044 426 4115 tioni
476 4048 688 4118 etiam
744 4048 998 4118 domus
1051 4048 1481 4138 parochialis
1533 4049 1862 4121 similiter
1915 4045 2515 4130 accomodantur,
2573 4045 2923 4133 quemad·

261 4155 530 4227 modum
583 4158 915 4249 pluribus
967 4159 1298 4231 adductis
1349 4161 1799 4250 superiorum
1851 4165 2252 4247 temporum
2308 4155 2920 4228 declarationibus

259 4266 500 4339 eadem
550 4269 625 4342 S.
676 4268 754 4342 C.
815 4270 1261 4343 confirmavit
1313 4273 1385 4342 in
1439 4272 1655 4342 citata
1715 4270 2097 4360 spoletana
2154 4269 2269 4338 18.
2312 4264 2647 4338 Decemb.
2698 4268 2912 4339 1847.

263 4373 607 4469 Proposito
660 4382 856 4456 enim
910 4381 1175 4453 dubio:
1254 4405 1289 4447 ι
1353 4381 1454 4452 An
1523 4386 1595 4453 ct
1657 4381 1773 4452 cui
1833 4386 2189 4469 competat
2259 4396 2440 4449 onus
2491 4377 2918 4451 reficiendae

268 4511 309 4553 ›
352 4489 579 4566 domus
616 4493 1051 4586 parochialis
1104 4492 1177 4566 S.
1210 4491 1480 4566 Mariae
1530 4493 1662 4566 loci
1715 4490 1967 4564 Sillani
2004 4492 2079 4562 in
2114 4509 2286 4563 casu
2316 4485 2389 4559 »3
2443 4489 2516 4562 S.
2556 4488 2630 4563 C.
2669 4491 2924 4563 rescri-

273 4623 312 4665 ι
351 4604 509 4691 psit:
568 4628 605 4674 «
644 4605 1082 4678 Affirmative
1116 4605 1406 4697 populo,
1449 4604 1637 4678 lacta
1671 4604 2039 4677 taxatione
2073 4621 2200 4696 per
2236 4606 2912 4677 communitatem.»
