3497 5235
555 281 633 345 36
1365 284 1438 345 Do
1476 285 1778 346 vinitatioue
1819 288 2087 349 &mmm
2124 290 2388 351 himinum.

701 421 822 492 82.
879 416 965 492 In
1001 419 1249 493 eadem
1286 419 1421 492 hac
1453 418 1747 495 Constit.
1787 421 2173 497 Hiberniae
2211 424 2539 521 Episcopi
2577 428 2662 501 iis
2698 435 3190 517 accensentur,

558 536 679 625 qui
729 540 983 626 quarto
1035 552 1317 624 quoque
1373 551 1558 606 anno
1610 532 1732 606 SS.
1784 531 1926 607 LL.
1991 535 2473 612 visitationem
2525 539 2722 612 obire
2775 540 3187 632 adiguntur.

555 647 723 721 Cum
775 665 935 718 vero
1005 646 1094 717 ob
1164 665 1365 717 suam
1415 653 1909 739 paupertatem
1961 658 2398 741 exorassent,
2456 660 2534 725 ut
2612 658 2891 742 tempus
2942 652 3193 725 iisdem

554 760 1053 853 praestitutum
1104 757 1194 829 ad
1248 757 1669 831 decennium
1723 768 2242 852 prorogaretur,
2300 761 2372 835 S.
2415 760 2668 856 Congr.
2728 762 3014 836 Concilii
3067 784 3195 835 an·

556 878 821 942 nuente
872 869 1156 941 Summo
1192 865 1554 958 Pontifice,
1596 869 1726 943 boc
1762 873 2029 945 eisdem
2082 874 2437 949 indultum
2474 876 2764 967 elargita
2804 885 2907 950 est
2944 876 3059 947 die
3101 877 3190 948 10

554 979 715 1053 Maii
760 981 1003 1065 1631.,
1044 986 1121 1051 ut
1154 980 1539 1053 adnotatur
1574 981 1700 1054 lib.
1751 982 1866 1052 14.
1904 983 2094 1056 decr.
2135 1003 2208 1075 p.
2252 987 2454 1072 422.,
2494 992 2674 1059 teste
2711 983 3186 1059 Bened.X1V.

552 1093 636 1165 de
677 1095 842 1181 Syn.
885 1092 1099 1163 dioec.
1144 1091 1263 1163 lib.
1310 1089 1426 1164 13.
1482 1113 1638 1186 cap.
1681 1112 1756 1165 n.
1801 1095 1870 1166 4.
1903 1092 2077 1167 Vide
2117 1093 2385 1169 Decret.
2428 1098 2500 1169 S.
2543 1094 2616 1169 C.
2653 1097 2740 1171 de
2776 1096 2983 1190 Prop.
3017 1095 3189 1169 Fide

561 1204 674 1274 12.
718 1203 882 1295 Apr.
930 1202 1107 1273 1801
1168 1202 1259 1274 ad
1311 1199 1497 1274 Dub.
1541 1205 1613 1274 2.
1672 1213 1739 1278 et
1792 1207 1864 1276 3.

700 1314 817 1384 83.
875 1308 958 1383 Iu
1012 1329 1349 1402 praesens
1402 1316 1759 1403 generalia
1810 1315 2215 1391 huiusmodi
2255 1319 2532 1392 indulta
2561 1321 2848 1394 concedi
2900 1339 3042 1394 non
3077 1339 3192 1393 so-

553 1426 747 1513 lent;
788 1431 861 1496 at
896 1442 1055 1496 vero
1090 1426 1148 1495 si
1187 1425 1347 1513 quis
1383 1420 1779 1517 Episcopus
1814 1428 2091 1499 veniam
2131 1436 2351 1520 petat,
2394 1439 2470 1502 ut
2504 1433 2811 1522 spatium
2858 1432 3193 1523 temporis

552 1538 685 1608 sibi
742 1536 1191 1626 praefinitum
1277 1541 1709 1625 prorogetur,
1767 1535 1841 1609 S.
1893 1536 2397 1633 congregatio,
2456 1543 2833 1617 accedente
2885 1544 3069 1615 iusta
3124 1548 3194 1614 et

553 1647 904 1738 probabili
960 1664 1202 1733 causa,
1263 1663 1405 1718 non
1457 1647 1633 1721 solet
1684 1648 2026 1723 abnuere.

699 1760 818 1831 84.
845 1758 1369 1851 Saepenumero
1389 1761 1652 1849 evenit,
1678 1770 1756 1835 ut
1786 1759 2116 1855 Episcopi
2141 1767 2368 1856 spatia
2401 1762 3189 1858 temporumaSixtoV.

551 1873 871 1970 praefixa
939 1876 1350 1963 computare
1416 1871 1763 1963 incipiant
1815 1893 1858 1944 a
1907 1874 2066 1962 die,
2125 1894 2265 1965 quo
2315 1878 2451 1967 ipsi
2506 1879 2577 1948 in
2628 1875 3050 1950 Consistorio
3102 1873 3192 1947 ad

551 2003 752 2058 suam
807 1983 1045 2055 sedem
1098 1982 1568 2075 episcopalem
1621 1985 2008 2057 renuntiati
2062 1993 2256 2074 sunt,
2296 1987 2404 2060 vel
2458 1988 2773 2060 eiusdem
2815 1987 3196 2079 possessio-

552 2113 714 2169 nem
766 2099 933 2166 sunt
984 2092 1253 2186 adepti.
1318 2092 1405 2166 At
1455 2111 1618 2166 vero
1670 2112 1761 2167 ne
1810 2095 2130 2169 conlusio
2167 2097 2630 2186 suboriretur,
2670 2099 3193 2191 sapientissime

550 2212 839 2283 cautum
891 2212 1024 2293 est,
1081 2203 1347 2297 (prouti
1400 2224 1441 2275 a
1493 2202 1566 2276 S.
1606 2202 1682 2277 C.
1722 2203 1934 2278 Cone.
1993 2226 2117 2300 per
2168 2211 2561 2300 encyclicas
2597 2208 2869 2282 Literas
2905 2209 2997 2282 ad
3032 2208 3195 2281 uni-

552 2319 735 2391 versi
783 2317 974 2388 orbis
1025 2314 1349 2388 catholici
1400 2312 1787 2408 Episcopos
1839 2317 1953 2389 die
2012 2319 2125 2389 16.
2178 2316 2352 2390 Νον.
2400 2321 2612 2409 1673,
2669 2320 2874 2393 data‘s
2917 2321 3197 2393 denun-

552 2431 808 2503 tiatum
862 2428 1078 2499 fuisse
1129 2431 1430 2499 testatur
1495 2426 1742 2500 eadem
1797 2428 1868 2500 S.
1896 2426 1970 2501 C.
2012 2427 2218 2502 Conc.
2277 2429 2350 2501 in
2403 2426 3030 2519 Carpenctoraten.
3078 2427 3197 2497 19·

555 2538 766 2614 Febr.
814 2536 1024 2612 1718.
1059 2540 1131 2611 in
1187 2535 1478 2634 princ.),
1511 2546 1591 2612 ut
1627 2559 1812 2612 unus
1866 2542 2194 2632 idemque
2233 2544 2577 2615 terminus
2600 2550 2938 2617 constans
2974 2549 3189 2633 atque

556 2659 942 2748 perpetuus
993 2652 1509 2740 institueretur,
1564 2670 1818 2744 nempe
1871 2671 1995 2744 pro
2032 2651 2483 2742 Patriarchis,
2528 2654 3083 2748 Archiepiscopis
3117 2658 3191 2724 et

559 2762 924 2857 Episcopis
976 2764 1129 2836 dies
1179 2763 1296 2835 20.
1337 2760 1501 2835 Dec.
1548 2763 1794 2850 1585„
1854 2782 1994 2853 quo
2029 2763 2141 2836 die
2194 2765 2383 2836 edita
2435 2786 2476 2836 a
2533 2767 2726 2837 Sixto
2761 2762 2844 2836 V.
2880 2770 2988 2836 est
3019 2761 3199 2837 Con-

552 2878 825 2950 stitutio
879 2876 1230 2948 Romanus
1285 2874 1657 2966 Pontifex:
1712 2892 1839 2964 pro
1890 2872 2286 2948 Abbatibus
2337 2882 2406 2948 et
2461 2873 2797 2950 Praelatis
2850 2873 3197 2947 inferiori-

552 2987 691 3060 bus
740 2988 893 3059 dies
944 2987 1067 3056 23.
1132 2981 1306 3056 Nov.
1375 2986 1544 3057 anni
1602 2985 1833 3072 1740,
1891 3003 2031 3074 quo
2089 2985 2332 3056 itidem
2386 2987 2500 3059 die
2570 3008 2610 3057 a
2667 2985 2930 3060 Bened.
3003 2979 3191 3056 XIV.

552 3098 739 3172 edita
793 3103 899 3171 est
947 3094 1369 3169 Constitutio
1442 3096 1639 3181 Quod
1688 3103 1941 3169 sancta
2006 3090 2232 3192 (Vide
2267 3093 2489 3188 Fagn.
2547 3100 2642 3170 ad
2693 3119 2849 3191 cap.
2906 3093 3052 3187 Ego
3102 3089 3192 3165 N.

552 3211 635 3284 de
685 3211 825 3282 iur.
881 3211 1021 3281 ίαν.
1080 3227 1153 3280 n.
1208 3209 1324 3281 40.
1381 3215 1444 3281 et
1497 3204 1682 3305 seq.)
1731 3205 1942 3295 Hinc,
1998 3217 2077 3283 ut
2129 3228 2240 3282 res
2290 3212 2608 3305 exemplo
2660 3211 2936 3284 facilius
2991 3206 3202 3280 intel-

553 3326 850 3416 ligatur,
921 3338 1044 3411 pro
1111 3316 1479 3411 Episcopis
1552 3320 1936 3393 triennium
2007 3322 2544 3412 nonagesimum
2618 3322 3008 3425 secundum
3081 3318 3198 3389 die

552 3436 673 3508 20.
714 3431 1046 3506 Decemb.
1093 3431 1303 3502 1861.
1363 3431 1769 3521 exspiravit.
1829 3427 2009 3503 Item
2072 3432 2619 3522 quadriennium
2683 3432 3198 3523 sexagesimum

552 3563 818 3618 nonum
872 3542 1118 3615 eodem
1171 3541 1286 3614 die
1349 3542 1614 3614 exitum
1667 3541 1962 3632 habuit;
2023 3562 2184 3614 nam
2239 3544 2544 3617 triennia
2605 3551 2856 3634 quarto
2911 3558 3196 3632 quoque

553 3656 857 3730 triennio
909 3672 1068 3727 cum
1120 3651 1608 3744 quadrienniis
1661 3654 1877 3727 simul
1937 3654 2298 3727 desinunt.
2356 3651 2933 3744 Quinquennium
2988 3654 3199 3742 quin-

552 3767 1043 3859 quagesimum
1097 3765 1478 3855 septimum
1530 3765 1746 3837 finem
1779 3764 2031 3839 habuit
2082 3765 2203 3838 20.
2263 3764 2427 3838 Dec.
2473 3765 2705 3853 1860;
2762 3765 2874 3836 die
2911 3764 3030 3834 20.
3068 3760 3201 3834 De-

553 3880 820 3954 cembr.
883 3878 1095 3949 1855.
1132 3876 1559 3948 decennium
1609 3877 2030 3968 vigesimum
2065 3881 2391 3949 octavum
2428 3876 2854 3967 completum
2889 3881 3020 3946 est.
3062 3870 3197 3943 Pro

555 3991 955 4065 Abbatibus
1006 3995 1073 4062 et
1126 3986 1469 4060 Praelatis
1502 3986 1953 4060 inferioribus
1987 3987 2372 4060 triennium
2410 3987 3029 4080 quadragesimum
3082 3984 3200 4055 die

551 4105 672 4177 21.
729 4101 903 4175 Nov.
967 4102 1181 4174 1860.
1221 4101 1487 4174 exitum
1540 4099 1824 4189 babuit,
1879 4099 2269 4190 eodemque
2313 4099 2427 4172 die
2465 4098 3017 4190 quadriennium
3068 4097 3198 4169 tri-

555 4215 919 4309 gesimum,
976 4212 1550 4306 quinquennium
1618 4211 2036 4303 vigesimum
2086 4217 2154 4284 et
2222 4212 2644 4286 decennium
2697 4210 3050 4284 decimum
3103 4209 3200 4281 si-

556 4326 700 4399 mul
751 4325 1026 4399 incidit.
1081 4321 1273 4406 Quae
1325 4342 1483 4397 cum
1536 4324 1634 4397 ita
1688 4324 1858 4413 sint,
1916 4322 1988 4394 id
2038 4323 2549 4399 consectarium
2593 4317 3093 4412 sequitur,ut,
3135 4320 3199 4392 si

554 4440 834 4529 incepto
885 4439 1026 4508 iam
1076 4438 1380 4510 triennio
1433 4438 1541 4509 vel
1593 4436 2065 4527 quadriennio
2102 4436 2362 4525 aliquis
2393 4432 2786 4527 Episcopus
2827 4451 3025 4507 sacra
3078 4429 3200 4505 Li-

556 4551 746 4624 mina
800 4548 1209 4636 visitaverit,
1268 4550 1823 4640 relationemque
1872 4548 2367 4634 transmiserit,
2408 4566 2489 4620 ac
2525 4552 2770 4640 postea
2823 4544 3060 4617 forsan
3100 4544 3194 4617 ad

558 4663 799 4755 plures
850 4661 1130 4750 abierit,
1171 4678 1527 4733 successor
1578 4662 1728 4732 eius
1765 4661 2133 4749 utriusque
2171 4660 2265 4730 rei
2306 4658 2843 4752 implementum
2879 4663 3200 4750 repetere
