3497 5235
585 215 702 288 0⁸1».
729 217 797 273 11.
838 216 910 272 Do
950 215 1213 288 Episcopo,
1253 214 1659 287 Archiopinoopo,
1700 214 1930 271 Prima
1971 215 2027 271 ot
2067 215 2393 272 Putria-011⁸.
2436 218 2490 289 ξ.
2518 216 2566 272 3.
2788 211 2906 273 213

395 352 548 420 133.
601 348 937 431 Quamvis
989 352 1185 421 iuxta
1246 357 1700 440 praesentem
1771 347 2134 420 Ecclesiae
2203 351 2649 440 disciplinam
2705 350 2904 422 nullo

261 481 382 532 non
436 471 739 551 tempore
792 461 1418 533 Consti-mationem
1474 461 1790 531 conterre
1849 463 2055 533 liceat
2111 459 2520 551 Episcopis,
2580 468 2899 533 attamen

259 582 324 643 ut
370 575 770 663 plurimum,
815 580 1129 663 tempore
1181 591 1427 643 sacrae
1471 570 1920 643 visitationis
1961 574 2212 645 eadem
2252 575 2734 645 administrari
2788 591 2903 643 so-

259 685 358 755 let.
399 682 695 773 (Bened.
741 683 929 755 xlv.
973 688 1150 757 Inzt.
1194 685 1360 756 eccl.
1408 686 1476 757 6.
1521 704 1716 755 nunt.
1762 682 1865 775 ⁶2).
1909 681 2323 773 Optandum
2378 690 2512 771 est,
2574 692 2652 755 ut
2706 704 2744 753 a
2800 685 2901 755 ie-

259 796 400 865 iuno
453 798 707 867 ieiunis
761 798 1195 868 conterretur
1267 794 1572 888 (Bened.
1616 793 1808 866 XIV.
1854 797 1983 866 loc.
2043 798 2165 867 cit.
2229 816 2301 866 n.
2360 795 2508 888 12).
2555 795 2894 885 Oportet,

256 914 318 977 ut
363 908 486 977 boc
539 906 1078 979 Sacramentum
1136 916 1383 998 parato
1438 910 1675 978 animo
1728 909 2164 998 suscipiatur
2217 902 2404 1000 (loc.
2466 907 2587 978 cit.
2650 927 2721 977 η.
2776 902 2887 1003 8).

253 1014 407 1088 Hinc
439 1026 889 1110 summopere
927 1022 1243 1109 expedit,
1284 1021 1340 1090 si
1382 1017 1801 1110 Episcopus,
1837 1026 2226 1106 autequam
2269 1035 2523 1106 pueros
2560 1019 2889 1109 inungat,

252 1126 506 1200 brevem
547 1132 636 1200 de
671 1134 916 1201 eodem
958 1132 1417 1203 Sacramenta
1454 1150 1851 1201 sermonem
1892 1130 2155 1201 habeat
2210 1122 2302 1223 (l.
2331 1149 2392 1200 c.
2437 1129 2671 1221 n.2)‚·
2717 1134 2892 1219 quin

251 1240 362 1309 imo
413 1242 718 1313 maxime
773 1243 1110 1332 proderit,
1169 1245 1225 1314 si
1283 1244 1652 1333 publicum
1689 1243 1998 1312 edictum
2058 1243 2262 1325 ierat,
2308 1260 2447 1330 quo
2502 1243 2889 1330 qualitates

251 1350 305 1420 iu
338 1350 878 1426 Confirmatione
936 1357 1373 1426 necessarias
1426 1355 1708 1442 aliaque
1748 1354 1838 1424 ad
1877 1373 2022 1423 rem
2065 1354 2494 1443 pertinentia
2534 1353 2888 1424 describat

249 1470 300 1531 et
328 1466 653 1553 explicet,
695 1467 896 1536 cuius
935 1468 1338 1556 exemplum
1380 1466 1624 1536 haberi
1670 1472 1900 1556 potest
1938 1465 2129 1555 apud
2166 1463 2469 1556 Crispin.
2507 1465 2644 1537 Vis.
2681 1467 2880 1537 Past.

241 1592 375 1662 par.
411 1576 503 1645 ΙΙ.
539 1574 612 1670 §-
653 1575 769 1647 17.
809 1598 879 1648 η.
920 1576 1074 1658 19„
1108 1577 1415 1649 Ferraris
1456 1577 1652 1648 verb.
1692 1578 2177 1665 Confirmatio,
2214 1583 2356 1647 art.
2390 1576 2462 1648 3.
2510 1577 2582 1647 in
2619 1579 2779 1667 fine.

369 1690 528 1759 134.
574 1687 1045 1780 inquisitione
1081 1694 1377 1783 dignum
1414 1693 1719 1776 videtur,
1764 1711 1901 1781 qua
1943 1692 2390 1780 potissimum
2440 1695 2673 1761 aetate
2715 1706 2887 1780 pue-

246 1798 319 1867 ris
364 1798 812 1874 Consti-mitio
867 1805 1296 1876 conferenda
1356 1806 1472 1875 sit.
1514 1802 2000 1874 Catecbismus
2056 1801 2422 1874 Romanus
2460 1822 2543 1874 ex
2598 1803 2883 1874 decreto

244 1906 419 1981 Cone.
459 1911 652 1983 Trid.
696 1917 958 2002 editus,
1001 1925 1072 1986 et
1125 1937 1163 1986 a
1221 1917 1526 1987 Summis
1584 1914 2047 1987 Pontificibus
2098 1922 2472 2004 tantopere
2524 1932 2885 1985 commen-

245 2021 447 2110 datus,
504 2025 588 2095 de
645 2026 846 2117 Conf.
894 2031 1096 2100 Sacr.
1140 2028 1250 2098 tit.
1300 2029 1452 2111 Qua
1489 2033 1750 2107 aetate,
1786 2028 1887 2096 sic
1951 2027 2201 2096 docet:
2260 2049 2295 2091 ε
2337 2024 2881 2097 Observandum

243 2156 272 2196 ›
300 2144 420 2217 est,
461 2138 797 2208 omnibus
834 2140 1122 2228 quidem
1165 2146 1319 2229 post
1377 2137 1821 2228 Baptismum
1858 2136 2428 2208 Conlirmationis
2465 2136 2882 2208 Sacramen-

244 2270 271 2309 ι
307 2254 442 2317 tum
494 2267 705 2337 posse
759 2252 1282 2336 administrari,
1342 2251 1469 2319 sed
1525 2252 1761 2320 minus
1817 2258 2054 2320 tamen
2115 2251 2451 2339 expedire
2502 2249 2633 2319 hoc
2689 2250 2871 2337 lieri,

239 2379 267 2421 ›
300 2365 680 2448 antequam
718 2363 917 2450 pueri
975 2364 1270 2433 rationis
1309 2381 1510 2432 usum
1556 2360 1968 2431 habuerint.
2013 2358 2269 2446 Quare,
2312 2362 2368 2431 si
2414 2362 2876 2432 duodecimus

237 2490 266 2530 »
299 2488 517 2540 annus
554 2475 1083 2562 exspectandus
1123 2492 1263 2543 non
1303 2473 1655 2558 videatur,
1702 2491 1928 2560 usque
1970 2472 2058 2541 ad
2099 2474 2479 2561 septimum
2510 2481 2699 2545 certe
2743 2475 2875 2545 boc

236 2601 264 2643 ›
298 2580 824 2656 Sacramentum
862 2586 1141 2656 differre
1183 2587 1485 2657 maxime
1523 2588 1882 2657 convenit.
1920 2611 1955 2653 ι
1987 2582 2200 2656 Cuius
2241 2587 2336 2657 rei
2377 2587 2637 2658 multas
2677 2587 2877 2659 theo-

232 2689 341 2780 logi
393 2694 460 2766 in
521 2697 834 2767 melium
888 2697 1255 2787 proferunt
1307 2716 1604 2783 eausas;
1646 2699 1771 2768 sed
1826 2701 1999 2769 satis
2052 2702 2142 2769 sit
2191 2699 2465 2784 audire,
2509 2718 2694 2788 quae
2747 2701 2874 2770 Ca-

227 2805 585 2878 tecbismus
643 2809 792 2899 ipse
845 2810 1261 2900 subiungit:
1343 2833 1378 2875 ε
1411 2808 1863 2881 Confirmatio
1918 2828 2060 2880 non
2115 2810 2204 2880 ad
2258 2811 2511 2880 salutis
2567 2813 2873 2881 necessi-

229 2936 260 2977 ›
296 2923 494 2991 tatem
551 2922 880 2992 instituta
935 2930 1068 3009 est,
1112 2924 1237 2994 sed
1292 2939 1360 2991 ut
1419 2925 1570 2992 eius
1624 2924 1881 2992 virtute
1936 2923 2198 3011 optime
2242 2922 2563 2991 instructi
2621 2929 2691 2991 et
2744 2941 2872 3011 pa-

231 3049 259 3089 »
292 3031 409 3100 rati
452 3032 959 3120 inveniremur,
1004 3053 1224 3122 quum
1265 3034 1470 3104 nobis
1507 3054 1632 3126 pru
1660 3032 1914 3105 Christi
1959 3034 2096 3103 fide
2134 3033 2596 3122 pugnandum
2637 3040 2863 3122 esset3

227 3161 257 3199 ν
291 3141 369 3210 ad
419 3144 613 3232 quod
665 3164 840 3216 sane
897 3164 1176 3236 pugnae
1233 3165 1457 3236 genus
1513 3164 1769 3234 pueros
1803 3198 1821 3233 ,
1892 3146 2015 3234 qui
2068 3144 2304 3214 adhuc
2375 3162 2508 3214 usu
2572 3144 2868 3216 rationis

224 3269 255 3312 ›
288 3261 546 3332 carent,
592 3274 797 3325 nemo
853 3265 1055 3346 aptos
1108 3275 1259 3327 esse
1316 3258 1668 3328 iudicarit.
1708 3282 1743 3324 »

347 3365 505 3436 135.
555 3362 1054 3439 Verumtamen
1093 3369 1286 3438 aliud
1325 3370 1756 3439 constituere
1812 3367 2090 3438 videtur
2136 3365 2550 3439 pontificale
2602 3363 2866 3437 Roma-

220 3489 368 3544 num
418 3497 458 3547 a
510 3476 729 3548 Clem.
795 3475 987 3548 vlu,
1042 3480 1356 3567 editum,
1415 3488 1487 3550 et
1538 3480 1628 3549 ab
1707 3477 1988 3550 Urbano
2043 3475 2238 3548 Vlll.
2297 3481 2732 3570 recognitum
2789 3481 2860 3549 in

223 3584 339 3656 Tit.
379 3589 457 3659 de
513 3590 812 3679 Confir„
867 3591 986 3661 ubi
1052 3594 1365 3682 ponitur,
1418 3590 1959 3662 Sacramentum
2023 3589 2594 3663 Confirmationis
2645 3575 2893 3662 etiam*

213 3701 433 3784 pueris
483 3702 573 3771 ab
614 3699 982 3795 Episcopis
1021 3703 1549 3789 administrari3
1594 3703 1849 3792 legitur
1889 3703 2122 3774 enim:
2187 3724 2223 3768 ‹
2266 3700 2586 3774 Pontifex
2625 3701 2863 3772 infan-

215 3833 246 3872 ν
283 3818 407 3898 teS,
451 3831 732 3902 puerOS,
791 3816 899 3885 vel
955 3815 1241 3886 adultos
1293 3817 1472 3886 sacri
1519 3812 1979 3905 Baptismatis
2034 3815 2226 3884 unda
2300 3814 2621 3904 pertusos
2696 3833 2865 3885 con-

213 3946 245 3986 ι
281 3922 556 3997 firmare
614 3927 882 4010 votens,
928 3937 1343 4016 paratus....
1387 3928 1688 3997 accedit.
1719 3952 1756 3991 »
1815 3924 1902 3998 Et
1957 3929 2255 3997 iterum:
2319 3949 2356 3989 ι
2392 3926 2703 3997 infantes
2739 3943 2864 4014 per

209 4055 238 4096 ›
278 4037 590 4122 patrinos
629 4045 796 4109 ante
838 4036 1244 4110 Pontificem
1300 4040 1720 4111 confirmare
1762 4039 2111 4109 volentem
2151 4044 2536 4108 teneantur
2589 4038 2662 4107 in
2701 4037 2865 4106 bra-

204 4168 237 4207 »
271 4147 445 4218 chiis
481 4149 819 4221 dexteris.
867 4175 903 4216 ›
961 4148 1182 4229 Quam
1225 4151 1637 4240 antilogiam
1693 4169 1819 4220 seu
1859 4151 2094 4239 potius
2133 4149 2514 4237 antilogiae
2551 4149 2863 4236 speciem

198 4260 510 4332 conciliat
547 4258 818 4332 Bened.
865 4257 1054 4331 XIV.
1097 4262 1178 4332 cle
1219 4263 1388 4348 Syn.
1431 4262 1646 4332 dioec.
1693 4261 1810 4331 lib.
1864 4261 2011 4331 VII.
2056 4278 2212 4348 cap.
2262 4258 2377 4331 10.
2415 4278 2488 4328 η.
2530 4258 2602 4330 8.
2651 4282 2686 4322 ‹
2728 4257 2857 4330 Ca-

199 4392 229 4431 »
267 4372 648 4444 tecbismus
702 4373 1056 4464 prohibet,
1103 4393 1191 4445 ne
1233 4375 1651 4465 regulariter
1689 4372 2228 4443 Sacramentum
2284 4369 2856 4443 Confirmationis

196 4501 228 4542 ν
263 4482 667 4555 conseratur
721 4488 962 4575 pueris
1015 4492 1183 4556 ante
1236 4487 1736 4576 septennium;
1780 4480 2197 4554 P.·ntificale
2251 4484 2618 4572 supponit,
2660 4484 2854 4572 quod

193 4613 226 4653 ν
264 4593 333 4663 in
388 4594 625 4684 atiquo
677 4598 1244 4669 extraordinario
1298 4616 1468 4668 casu
1522 4598 1858 4685 iustaque
1932 4604 2228 4686 urgente
2307 4613 2568 4684 causa,
2626 4598 2853 4687 possit
