<?xml version="1.0" encoding="UTF-8"?>
<!DOCTYPE html PUBLIC "-//W3C//DTD XHTML 1.0 Transitional//EN"
    "http://www.w3.org/TR/xhtml1/DTD/xhtml1-transitional.dtd">
<html xmlns="http://www.w3.org/1999/xhtml" xml:lang="en" lang="en">
 <head>
  <title>
</title>
<meta http-equiv="Content-Type" content="text/html;charset=utf-8" />
  <meta name='ocr-system' content='tesseract 3.04.00' />
  <meta name='ocr-capabilities' content='ocr_page ocr_carea ocr_par ocr_line ocrx_word'/>
</head>
<body>
  <div class='ocr_page' id='page_1' title='image "./devisitationesa00popegoog_0589.png"; bbox 0 0 3497 5235; ppageno 0'>
   <div class='ocr_carea' id='block_1_1' title="bbox 664 277 2981 356">
    <p class='ocr_par' dir='ltr' id='par_1_1' title="bbox 664 277 2981 356">
     <span class='ocr_line' id='line_1_1' title="bbox 664 277 2981 356; baseline 0.002 -20"><span class='ocrx_word' id='word_1_1' title='bbox 664 278 736 337; x_wconf 78' lang='lat' dir='ltr'>Do</span> <span class='ocrx_word' id='word_1_2' title='bbox 773 278 934 339; x_wconf 71' lang='lat' dir='ltr'>libero</span> <span class='ocrx_word' id='word_1_3' title='bbox 972 279 1215 355; x_wconf 65' lang='lat' dir='ltr'>ingressu</span> <span class='ocrx_word' id='word_1_4' title='bbox 1254 283 1551 343; x_wconf 74' lang='lat' dir='ltr'>elericorum</span> <span class='ocrx_word' id='word_1_5' title='bbox 1591 282 1936 343; x_wconf 69' lang='lat' dir='ltr'>annouhrinn</span> <span class='ocrx_word' id='word_1_6' title='bbox 1975 282 2032 340; x_wconf 81' lang='lat' dir='ltr'>in</span> <span class='ocrx_word' id='word_1_7' title='bbox 2071 281 2283 340; x_wconf 69' lang='lat' dir='ltr'>Ordines</span> <span class='ocrx_word' id='word_1_8' title='bbox 2322 281 2608 356; x_wconf 67' lang='lat' dir='ltr'>regulares.</span> <span class='ocrx_word' id='word_1_9' title='bbox 2857 277 2981 340; x_wconf 77' lang='lat'>549</span> 
     </span>
    </p>
   </div>
   <div class='ocr_carea' id='block_1_2' title="bbox 284 410 2979 4072">
    <p class='ocr_par' dir='ltr' id='par_1_2' title="bbox 284 410 2979 3306">
     <span class='ocr_line' id='line_1_2' title="bbox 291 410 2970 510; baseline 0.002 -29"><span class='ocrx_word' id='word_1_10' title='bbox 291 410 484 500; x_wconf 89' lang='lat' dir='ltr'>sint,</span> <span class='ocrx_word' id='word_1_11' title='bbox 542 410 901 488; x_wconf 82' lang='lat' dir='ltr'>Sanctitas</span> <span class='ocrx_word' id='word_1_12' title='bbox 956 418 1137 506; x_wconf 91' lang='lat' dir='ltr'>Sua,</span> <span class='ocrx_word' id='word_1_13' title='bbox 1193 436 1322 509; x_wconf 90' lang='lat' dir='ltr'>pro</span> <span class='ocrx_word' id='word_1_14' title='bbox 1376 438 1506 509; x_wconf 90' lang='lat' dir='ltr'>ea,</span> <span class='ocrx_word' id='word_1_15' title='bbox 1579 439 1722 510; x_wconf 90' lang='lat' dir='ltr'>qua</span> <span class='ocrx_word' id='word_1_16' title='bbox 1776 427 1846 492; x_wconf 86' lang='lat' dir='ltr'>te</span> <span class='ocrx_word' id='word_1_17' title='bbox 1901 421 2357 510; x_wconf 81' lang='lat' dir='ltr'>prosequitur</span> <span class='ocrx_word' id='word_1_18' title='bbox 2422 416 2970 505; x_wconf 80' lang='lat' dir='ltr'>benevolentia,</span> 
     </span>
     <span class='ocr_line' id='line_1_3' title="bbox 298 523 2977 623; baseline 0.002 -29"><span class='ocrx_word' id='word_1_19' title='bbox 298 523 505 595; x_wconf 88' lang='lat' dir='ltr'>iussit</span> <span class='ocrx_word' id='word_1_20' title='bbox 559 531 638 596; x_wconf 89' lang='lat' dir='ltr'>ut</span> <span class='ocrx_word' id='word_1_21' title='bbox 691 526 783 597; x_wconf 89' lang='lat' dir='ltr'>ab</span> <span class='ocrx_word' id='word_1_22' title='bbox 830 527 966 601; x_wconf 88' lang='lat' dir='ltr'>bac</span> <span class='ocrx_word' id='word_1_23' title='bbox 1002 527 1218 601; x_wconf 91' lang='lat' dir='ltr'>Sacra</span> <span class='ocrx_word' id='word_1_24' title='bbox 1256 529 1817 623; x_wconf 85' lang='lat' dir='ltr'>Congregatione</span> <span class='ocrx_word' id='word_1_25' title='bbox 1854 529 2175 623; x_wconf 81' lang='lat' dir='ltr'>Negotiis</span> <span class='ocrx_word' id='word_1_26' title='bbox 2212 538 2282 602; x_wconf 91' lang='lat' dir='ltr'>et</span> <span class='ocrx_word' id='word_1_27' title='bbox 2318 528 2977 602; x_wconf 88' lang='lat' dir='ltr'>Consultationibus</span> 
     </span>
     <span class='ocr_line' id='line_1_4' title="bbox 293 635 2979 735; baseline 0.001 -26"><span class='ocrx_word' id='word_1_28' title='bbox 293 635 804 732; x_wconf 89' lang='lat' dir='ltr'>Episcoporum</span> <span class='ocrx_word' id='word_1_29' title='bbox 843 650 913 716; x_wconf 91' lang='lat' dir='ltr'>et</span> <span class='ocrx_word' id='word_1_30' title='bbox 950 639 1417 735; x_wconf 85' lang='lat' dir='ltr'>Regularium</span> <span class='ocrx_word' id='word_1_31' title='bbox 1455 645 1865 735; x_wconf 90' lang='lat' dir='ltr'>praeposita</span> <span class='ocrx_word' id='word_1_32' title='bbox 1920 644 2202 716; x_wconf 83' lang='lat' dir='ltr'>litterae</span> <span class='ocrx_word' id='word_1_33' title='bbox 2235 644 2435 734; x_wconf 88' lang='lat' dir='ltr'>ipsae</span> <span class='ocrx_word' id='word_1_34' title='bbox 2479 660 2641 714; x_wconf 92' lang='lat' dir='ltr'>cum</span> <span class='ocrx_word' id='word_1_35' title='bbox 2678 640 2979 712; x_wconf 79' lang='lat' dir='ltr'>adnexis</span> 
     </span>
     <span class='ocr_line' id='line_1_5' title="bbox 295 750 2966 849; baseline 0 -27"><span class='ocrx_word' id='word_1_36' title='bbox 295 750 1041 827; x_wconf 85' lang='lat' dir='ltr'>animadversionibus</span> <span class='ocrx_word' id='word_1_37' title='bbox 1093 774 1135 826; x_wconf 88' lang='lat' dir='ltr'>a</span> <span class='ocrx_word' id='word_1_38' title='bbox 1171 761 1241 827; x_wconf 89' lang='lat' dir='ltr'>te</span> <span class='ocrx_word' id='word_1_39' title='bbox 1277 757 1592 828; x_wconf 82' lang='lat' dir='ltr'>exaratis</span> <span class='ocrx_word' id='word_1_40' title='bbox 1627 756 1953 849; x_wconf 80' lang='lat' dir='ltr'>diligenti</span> <span class='ocrx_word' id='word_1_41' title='bbox 1992 755 2320 827; x_wconf 81' lang='lat' dir='ltr'>examine</span> <span class='ocrx_word' id='word_1_42' title='bbox 2371 752 2966 844; x_wconf 83' lang='lat' dir='ltr'>expenderentur.</span> 
     </span>
     <span class='ocr_line' id='line_1_6' title="bbox 294 858 2974 959; baseline 0.001 -27"><span class='ocrx_word' id='word_1_43' title='bbox 294 858 569 935; x_wconf 80' lang='lat' dir='ltr'>Idcirco</span> <span class='ocrx_word' id='word_1_44' title='bbox 621 864 955 936; x_wconf 90' lang='lat' dir='ltr'>omnibus</span> <span class='ocrx_word' id='word_1_45' title='bbox 1006 866 1256 938; x_wconf 92' lang='lat' dir='ltr'>sedulo</span> <span class='ocrx_word' id='word_1_46' title='bbox 1308 868 1681 959; x_wconf 91' lang='lat' dir='ltr'>perpensis</span> <span class='ocrx_word' id='word_1_47' title='bbox 1719 868 2162 941; x_wconf 90' lang='lat' dir='ltr'>laudandam</span> <span class='ocrx_word' id='word_1_48' title='bbox 2210 866 2500 957; x_wconf 89' lang='lat' dir='ltr'>quidem</span> <span class='ocrx_word' id='word_1_49' title='bbox 2536 862 2693 935; x_wconf 81' lang='lat' dir='ltr'>Emi</span> <span class='ocrx_word' id='word_1_50' title='bbox 2728 862 2974 936; x_wconf 78' lang='lat' dir='ltr'>Patres</span> 
     </span>
     <span class='ocr_line' id='line_1_7' title="bbox 294 975 2973 1069; baseline 0 -23"><span class='ocrx_word' id='word_1_51' title='bbox 294 975 797 1047; x_wconf 84' lang='lat' dir='ltr'>existimarunt</span> <span class='ocrx_word' id='word_1_52' title='bbox 849 978 1277 1066; x_wconf 90' lang='lat' dir='ltr'>pastoralem</span> <span class='ocrx_word' id='word_1_53' title='bbox 1342 979 1896 1053; x_wconf 91' lang='lat' dir='ltr'>sollicitudinem</span> <span class='ocrx_word' id='word_1_54' title='bbox 1951 986 2187 1069; x_wconf 91' lang='lat' dir='ltr'>tuam,</span> <span class='ocrx_word' id='word_1_55' title='bbox 2264 998 2407 1069; x_wconf 90' lang='lat' dir='ltr'>qua</span> <span class='ocrx_word' id='word_1_56' title='bbox 2475 977 2669 1049; x_wconf 90' lang='lat' dir='ltr'>omni</span> <span class='ocrx_word' id='word_1_57' title='bbox 2735 976 2973 1048; x_wconf 86' lang='lat' dir='ltr'>studio</span> 
     </span>
     <span class='ocr_line' id='line_1_8' title="bbox 294 1084 2969 1181; baseline 0.001 -25"><span class='ocrx_word' id='word_1_58' title='bbox 294 1084 563 1157; x_wconf 91' lang='lat' dir='ltr'>bonum</span> <span class='ocrx_word' id='word_1_59' title='bbox 617 1087 857 1157; x_wconf 88' lang='lat' dir='ltr'>ovium</span> <span class='ocrx_word' id='word_1_60' title='bbox 908 1088 1038 1159; x_wconf 86' lang='lat' dir='ltr'>tibi</span> <span class='ocrx_word' id='word_1_61' title='bbox 1090 1091 1629 1163; x_wconf 89' lang='lat' dir='ltr'>commissarum</span> <span class='ocrx_word' id='word_1_62' title='bbox 1680 1111 1934 1181; x_wconf 88' lang='lat' dir='ltr'>curas;</span> <span class='ocrx_word' id='word_1_63' title='bbox 1988 1091 2116 1164; x_wconf 92' lang='lat' dir='ltr'>sed</span> <span class='ocrx_word' id='word_1_64' title='bbox 2155 1099 2395 1163; x_wconf 89' lang='lat' dir='ltr'>tamen</span> <span class='ocrx_word' id='word_1_65' title='bbox 2432 1089 2534 1161; x_wconf 91' lang='lat' dir='ltr'>eis</span> <span class='ocrx_word' id='word_1_66' title='bbox 2568 1089 2799 1160; x_wconf 88' lang='lat' dir='ltr'>visum</span> <span class='ocrx_word' id='word_1_67' title='bbox 2834 1094 2969 1176; x_wconf 88' lang='lat' dir='ltr'>est,</span> 
     </span>
     <span class='ocr_line' id='line_1_9' title="bbox 293 1199 2976 1294; baseline 0 -26"><span class='ocrx_word' id='word_1_68' title='bbox 293 1199 537 1288; x_wconf 90' lang='lat' dir='ltr'>magni</span> <span class='ocrx_word' id='word_1_69' title='bbox 590 1200 928 1271; x_wconf 90' lang='lat' dir='ltr'>momenti</span> <span class='ocrx_word' id='word_1_70' title='bbox 987 1201 1250 1272; x_wconf 91' lang='lat' dir='ltr'>vulnus</span> <span class='ocrx_word' id='word_1_71' title='bbox 1305 1204 1531 1294; x_wconf 89' lang='lat' dir='ltr'>infligi</span> <span class='ocrx_word' id='word_1_72' title='bbox 1583 1204 2112 1277; x_wconf 87' lang='lat' dir='ltr'>ecclesiasticae</span> <span class='ocrx_word' id='word_1_73' title='bbox 2165 1201 2613 1293; x_wconf 89' lang='lat' dir='ltr'>disciplinae,</span> <span class='ocrx_word' id='word_1_74' title='bbox 2654 1201 2713 1271; x_wconf 91' lang='lat' dir='ltr'>si</span> <span class='ocrx_word' id='word_1_75' title='bbox 2750 1201 2976 1291; x_wconf 87' lang='lat' dir='ltr'>petita</span> 
     </span>
     <span class='ocr_line' id='line_1_10' title="bbox 298 1310 2979 1409; baseline -0 -27"><span class='ocrx_word' id='word_1_76' title='bbox 298 1310 649 1403; x_wconf 89' lang='lat' dir='ltr'>generalis</span> <span class='ocrx_word' id='word_1_77' title='bbox 700 1311 1088 1401; x_wconf 88' lang='lat' dir='ltr'>probibitio</span> <span class='ocrx_word' id='word_1_78' title='bbox 1142 1315 1679 1405; x_wconf 87' lang='lat' dir='ltr'>concederetur,</span> <span class='ocrx_word' id='word_1_79' title='bbox 1739 1318 2162 1409; x_wconf 88' lang='lat' dir='ltr'>praesertim</span> <span class='ocrx_word' id='word_1_80' title='bbox 2209 1334 2368 1389; x_wconf 90' lang='lat' dir='ltr'>cum</span> <span class='ocrx_word' id='word_1_81' title='bbox 2406 1332 2534 1404; x_wconf 90' lang='lat' dir='ltr'>pro</span> <span class='ocrx_word' id='word_1_82' title='bbox 2580 1313 2822 1402; x_wconf 90' lang='lat' dir='ltr'>aliquo</span> <span class='ocrx_word' id='word_1_83' title='bbox 2858 1330 2979 1381; x_wconf 93' lang='lat' dir='ltr'>ur-</span> 
     </span>
     <span class='ocr_line' id='line_1_11' title="bbox 297 1423 2978 1517; baseline 0 -23"><span class='ocrx_word' id='word_1_84' title='bbox 297 1423 491 1514; x_wconf 84' lang='lat' dir='ltr'>genti</span> <span class='ocrx_word' id='word_1_85' title='bbox 543 1429 613 1494; x_wconf 92' lang='lat' dir='ltr'>et</span> <span class='ocrx_word' id='word_1_86' title='bbox 664 1424 1227 1496; x_wconf 87' lang='lat' dir='ltr'>extraordinario</span> <span class='ocrx_word' id='word_1_87' title='bbox 1265 1444 1462 1515; x_wconf 89' lang='lat' dir='ltr'>casu,</span> <span class='ocrx_word' id='word_1_88' title='bbox 1506 1428 1594 1499; x_wconf 95' lang='lat' dir='ltr'>de</span> <span class='ocrx_word' id='word_1_89' title='bbox 1633 1447 1777 1517; x_wconf 86' lang='lat' dir='ltr'>quo</span> <span class='ocrx_word' id='word_1_90' title='bbox 1815 1429 2014 1502; x_wconf 91' lang='lat' dir='ltr'>citati</span> <span class='ocrx_word' id='word_1_91' title='bbox 2054 1448 2095 1499; x_wconf 92' lang='lat' dir='ltr'>a</span> <span class='ocrx_word' id='word_1_92' title='bbox 2135 1435 2203 1499; x_wconf 93' lang='lat' dir='ltr'>te</span> <span class='ocrx_word' id='word_1_93' title='bbox 2241 1428 2618 1516; x_wconf 91' lang='lat' dir='ltr'>scriptores</span> <span class='ocrx_word' id='word_1_94' title='bbox 2668 1425 2978 1514; x_wconf 90' lang='lat' dir='ltr'>loquun-</span> 
     </span>
     <span class='ocr_line' id='line_1_12' title="bbox 297 1533 2978 1630; baseline -0 -23"><span class='ocrx_word' id='word_1_95' title='bbox 297 1542 456 1624; x_wconf 87' lang='lat' dir='ltr'>tur,</span> <span class='ocrx_word' id='word_1_96' title='bbox 515 1555 556 1606; x_wconf 95' lang='lat' dir='ltr'>a</span> <span class='ocrx_word' id='word_1_97' title='bbox 608 1533 994 1607; x_wconf 89' lang='lat' dir='ltr'>Benedicto</span> <span class='ocrx_word' id='word_1_98' title='bbox 1049 1533 1239 1606; x_wconf 87' lang='lat' dir='ltr'>XIV.</span> <span class='ocrx_word' id='word_1_99' title='bbox 1298 1539 1473 1609; x_wconf 89' lang='lat' dir='ltr'>satis</span> <span class='ocrx_word' id='word_1_100' title='bbox 1540 1540 1951 1629; x_wconf 91' lang='lat' dir='ltr'>provisum,</span> <span class='ocrx_word' id='word_1_101' title='bbox 2010 1546 2089 1611; x_wconf 87' lang='lat' dir='ltr'>ut</span> <span class='ocrx_word' id='word_1_102' title='bbox 2139 1557 2272 1611; x_wconf 91' lang='lat' dir='ltr'>nec</span> <span class='ocrx_word' id='word_1_103' title='bbox 2343 1537 2692 1630; x_wconf 86' lang='lat' dir='ltr'>generalis</span> <span class='ocrx_word' id='word_1_104' title='bbox 2759 1535 2978 1607; x_wconf 86' lang='lat' dir='ltr'>huius</span> 
     </span>
     <span class='ocr_line' id='line_1_13' title="bbox 295 1647 2975 1740; baseline -0 -21"><span class='ocrx_word' id='word_1_105' title='bbox 295 1648 775 1719; x_wconf 90' lang='lat' dir='ltr'>concessionis</span> <span class='ocrx_word' id='word_1_106' title='bbox 814 1647 1217 1737; x_wconf 83' lang='lat' dir='ltr'>exemplum</span> <span class='ocrx_word' id='word_1_107' title='bbox 1255 1648 1641 1739; x_wconf 87' lang='lat' dir='ltr'>habeatur,</span> <span class='ocrx_word' id='word_1_108' title='bbox 1683 1652 2040 1740; x_wconf 87' lang='lat' dir='ltr'>siquidem</span> <span class='ocrx_word' id='word_1_109' title='bbox 2079 1648 2151 1721; x_wconf 91' lang='lat' dir='ltr'>S.</span> <span class='ocrx_word' id='word_1_110' title='bbox 2185 1649 2472 1721; x_wconf 89' lang='lat' dir='ltr'>Carolus</span> <span class='ocrx_word' id='word_1_111' title='bbox 2507 1647 2975 1719; x_wconf 91' lang='lat' dir='ltr'>Borromaeus</span> 
     </span>
     <span class='ocr_line' id='line_1_14' title="bbox 295 1759 2977 1849; baseline -0.001 -17"><span class='ocrx_word' id='word_1_112' title='bbox 295 1778 455 1832; x_wconf 90' lang='lat' dir='ltr'>eam</span> <span class='ocrx_word' id='word_1_113' title='bbox 508 1760 820 1832; x_wconf 87' lang='lat' dir='ltr'>obtinuit</span> <span class='ocrx_word' id='word_1_114' title='bbox 873 1760 1095 1832; x_wconf 88' lang='lat' dir='ltr'>relate</span> <span class='ocrx_word' id='word_1_115' title='bbox 1153 1761 1243 1831; x_wconf 90' lang='lat' dir='ltr'>ad</span> <span class='ocrx_word' id='word_1_116' title='bbox 1296 1763 1589 1833; x_wconf 90' lang='lat' dir='ltr'>unicum</span> <span class='ocrx_word' id='word_1_117' title='bbox 1659 1762 2039 1835; x_wconf 83' lang='lat' dir='ltr'>dumtaxat</span> <span class='ocrx_word' id='word_1_118' title='bbox 2089 1764 2544 1849; x_wconf 88' lang='lat' dir='ltr'>institutum,</span> <span class='ocrx_word' id='word_1_119' title='bbox 2601 1760 2714 1831; x_wconf 89' lang='lat' dir='ltr'>cui</span> <span class='ocrx_word' id='word_1_120' title='bbox 2765 1759 2977 1831; x_wconf 90' lang='lat' dir='ltr'>serni-</span> 
     </span>
     <span class='ocr_line' id='line_1_15' title="bbox 294 1871 2976 1963; baseline -0.001 -20"><span class='ocrx_word' id='word_1_121' title='bbox 294 1873 479 1944; x_wconf 90' lang='lat' dir='ltr'>narii</span> <span class='ocrx_word' id='word_1_122' title='bbox 531 1873 641 1944; x_wconf 90' lang='lat' dir='ltr'>sui</span> <span class='ocrx_word' id='word_1_123' title='bbox 694 1891 936 1944; x_wconf 89' lang='lat' dir='ltr'>curam</span> <span class='ocrx_word' id='word_1_124' title='bbox 989 1872 1461 1944; x_wconf 87' lang='lat' dir='ltr'>commiserat.</span> <span class='ocrx_word' id='word_1_125' title='bbox 1519 1871 1733 1946; x_wconf 86' lang='lat' dir='ltr'>Hisce</span> <span class='ocrx_word' id='word_1_126' title='bbox 1791 1876 2008 1945; x_wconf 91' lang='lat' dir='ltr'>etiam</span> <span class='ocrx_word' id='word_1_127' title='bbox 2061 1873 2360 1961; x_wconf 87' lang='lat' dir='ltr'>accedit,</span> <span class='ocrx_word' id='word_1_128' title='bbox 2405 1872 2597 1963; x_wconf 90' lang='lat' dir='ltr'>quod</span> <span class='ocrx_word' id='word_1_129' title='bbox 2642 1871 2760 1941; x_wconf 90' lang='lat' dir='ltr'>alii</span> <span class='ocrx_word' id='word_1_130' title='bbox 2797 1888 2976 1959; x_wconf 88' lang='lat' dir='ltr'>quo-</span> 
     </span>
     <span class='ocr_line' id='line_1_16' title="bbox 296 1983 2966 2075; baseline -0.001 -21"><span class='ocrx_word' id='word_1_131' title='bbox 296 2002 436 2074; x_wconf 86' lang='lat' dir='ltr'>que</span> <span class='ocrx_word' id='word_1_132' title='bbox 489 1983 803 2055; x_wconf 90' lang='lat' dir='ltr'>locorum</span> <span class='ocrx_word' id='word_1_133' title='bbox 859 1984 1257 2074; x_wconf 87' lang='lat' dir='ltr'>Antistites,</span> <span class='ocrx_word' id='word_1_134' title='bbox 1301 1987 1536 2075; x_wconf 88' lang='lat' dir='ltr'>quiin</span> <span class='ocrx_word' id='word_1_135' title='bbox 1573 1986 1842 2058; x_wconf 89' lang='lat' dir='ltr'>eisdem</span> <span class='ocrx_word' id='word_1_136' title='bbox 1897 1986 2452 2059; x_wconf 88' lang='lat' dir='ltr'>circumstantiis</span> <span class='ocrx_word' id='word_1_137' title='bbox 2488 1983 2966 2074; x_wconf 88' lang='lat' dir='ltr'>reperiuntur,</span> 
     </span>
     <span class='ocr_line' id='line_1_17' title="bbox 294 2094 2973 2190; baseline -0.001 -25"><span class='ocrx_word' id='word_1_138' title='bbox 294 2095 433 2167; x_wconf 90' lang='lat' dir='ltr'>hoc</span> <span class='ocrx_word' id='word_1_139' title='bbox 484 2094 809 2185; x_wconf 80' lang='lat' dir='ltr'>exemplo</span> <span class='ocrx_word' id='word_1_140' title='bbox 862 2095 1104 2185; x_wconf 92' lang='lat' dir='ltr'>ducti,</span> <span class='ocrx_word' id='word_1_141' title='bbox 1164 2097 1489 2168; x_wconf 91' lang='lat' dir='ltr'>eamdem</span> <span class='ocrx_word' id='word_1_142' title='bbox 1542 2099 1961 2189; x_wconf 89' lang='lat' dir='ltr'>petitionem</span> <span class='ocrx_word' id='word_1_143' title='bbox 2016 2104 2380 2190; x_wconf 91' lang='lat' dir='ltr'>urgerent,</span> <span class='ocrx_word' id='word_1_144' title='bbox 2438 2115 2580 2186; x_wconf 87' lang='lat' dir='ltr'>quo</span> <span class='ocrx_word' id='word_1_145' title='bbox 2633 2094 2819 2165; x_wconf 86' lang='lat' dir='ltr'>facto</span> <span class='ocrx_word' id='word_1_146' title='bbox 2856 2112 2973 2164; x_wconf 92' lang='lat' dir='ltr'>oc-</span> 
     </span>
     <span class='ocr_line' id='line_1_18' title="bbox 292 2204 2974 2301; baseline -0.001 -21"><span class='ocrx_word' id='word_1_147' title='bbox 292 2209 485 2280; x_wconf 88' lang='lat' dir='ltr'>casio</span> <span class='ocrx_word' id='word_1_148' title='bbox 538 2205 1004 2297; x_wconf 89' lang='lat' dir='ltr'>praeberetur</span> <span class='ocrx_word' id='word_1_149' title='bbox 1057 2207 1522 2280; x_wconf 90' lang='lat' dir='ltr'>insimulandi</span> <span class='ocrx_word' id='word_1_150' title='bbox 1574 2206 1967 2301; x_wconf 89' lang='lat' dir='ltr'>Episcopos</span> <span class='ocrx_word' id='word_1_151' title='bbox 2022 2210 2383 2281; x_wconf 90' lang='lat' dir='ltr'>adversari</span> <span class='ocrx_word' id='word_1_152' title='bbox 2436 2208 2843 2279; x_wconf 84' lang='lat' dir='ltr'>vocationes</span> <span class='ocrx_word' id='word_1_153' title='bbox 2880 2204 2974 2276; x_wconf 87' lang='lat' dir='ltr'>ad</span> 
     </span>
     <span class='ocr_line' id='line_1_19' title="bbox 288 2314 2976 2413; baseline 0.001 -24"><span class='ocrx_word' id='word_1_154' title='bbox 288 2319 656 2409; x_wconf 88' lang='lat' dir='ltr'>religiosos</span> <span class='ocrx_word' id='word_1_155' title='bbox 709 2314 1040 2406; x_wconf 78' lang='lat' dir='ltr'>OrdineS,</span> <span class='ocrx_word' id='word_1_156' title='bbox 1099 2337 1402 2409; x_wconf 88' lang='lat' dir='ltr'>quorum</span> <span class='ocrx_word' id='word_1_157' title='bbox 1456 2321 1731 2393; x_wconf 89' lang='lat' dir='ltr'>alumni</span> <span class='ocrx_word' id='word_1_158' title='bbox 1786 2322 2200 2413; x_wconf 83' lang='lat' dir='ltr'>evangelica</span> <span class='ocrx_word' id='word_1_159' title='bbox 2252 2320 2554 2393; x_wconf 88' lang='lat' dir='ltr'>concilia</span> <span class='ocrx_word' id='word_1_160' title='bbox 2614 2325 2976 2391; x_wconf 91' lang='lat' dir='ltr'>sectantes</span> 
     </span>
     <span class='ocr_line' id='line_1_20' title="bbox 293 2427 2975 2526; baseline 0.001 -26"><span class='ocrx_word' id='word_1_161' title='bbox 293 2430 717 2502; x_wconf 91' lang='lat' dir='ltr'>adiutricem</span> <span class='ocrx_word' id='word_1_162' title='bbox 770 2448 1058 2521; x_wconf 87' lang='lat' dir='ltr'>operam</span> <span class='ocrx_word' id='word_1_163' title='bbox 1113 2432 1576 2506; x_wconf 87' lang='lat' dir='ltr'>Antistitibus</span> <span class='ocrx_word' id='word_1_164' title='bbox 1627 2434 1947 2505; x_wconf 91' lang='lat' dir='ltr'>locorum</span> <span class='ocrx_word' id='word_1_165' title='bbox 1996 2438 2396 2526; x_wconf 88' lang='lat' dir='ltr'>praestant.</span> <span class='ocrx_word' id='word_1_166' title='bbox 2453 2427 2600 2505; x_wconf 89' lang='lat' dir='ltr'>Nec</span> <span class='ocrx_word' id='word_1_167' title='bbox 2642 2432 2975 2504; x_wconf 91' lang='lat' dir='ltr'>dissimu-</span> 
     </span>
     <span class='ocr_line' id='line_1_21' title="bbox 284 2542 2972 2638; baseline 0.001 -26"><span class='ocrx_word' id='word_1_168' title='bbox 284 2542 587 2613; x_wconf 90' lang='lat' dir='ltr'>landum</span> <span class='ocrx_word' id='word_1_169' title='bbox 645 2549 779 2633; x_wconf 88' lang='lat' dir='ltr'>est,</span> <span class='ocrx_word' id='word_1_170' title='bbox 837 2544 1133 2634; x_wconf 91' lang='lat' dir='ltr'>petitam</span> <span class='ocrx_word' id='word_1_171' title='bbox 1180 2542 1737 2636; x_wconf 89' lang='lat' dir='ltr'>prohibitionem</span> <span class='ocrx_word' id='word_1_172' title='bbox 1775 2542 2261 2638; x_wconf 85' lang='lat' dir='ltr'>Regularibus</span> <span class='ocrx_word' id='word_1_173' title='bbox 2301 2544 2786 2637; x_wconf 86' lang='lat' dir='ltr'>gravissimam</span> <span class='ocrx_word' id='word_1_174' title='bbox 2825 2543 2972 2614; x_wconf 79' lang='lat' dir='ltr'>fore</span> 
     </span>
     <span class='ocr_line' id='line_1_22' title="bbox 289 2655 2972 2749; baseline 0 -23"><span class='ocrx_word' id='word_1_175' title='bbox 289 2672 591 2744; x_wconf 88' lang='lat' dir='ltr'>eamque</span> <span class='ocrx_word' id='word_1_176' title='bbox 645 2655 1098 2744; x_wconf 89' lang='lat' dir='ltr'>querelarum</span> <span class='ocrx_word' id='word_1_177' title='bbox 1152 2675 1444 2728; x_wconf 90' lang='lat' dir='ltr'>causam</span> <span class='ocrx_word' id='word_1_178' title='bbox 1495 2657 1816 2729; x_wconf 79' lang='lat' dir='ltr'>futuram</span> <span class='ocrx_word' id='word_1_179' title='bbox 1854 2677 1997 2730; x_wconf 91' lang='lat' dir='ltr'>non</span> <span class='ocrx_word' id='word_1_180' title='bbox 2033 2660 2186 2731; x_wconf 92' lang='lat' dir='ltr'>sine</span> <span class='ocrx_word' id='word_1_181' title='bbox 2224 2659 2571 2749; x_wconf 85' lang='lat' dir='ltr'>periculo,</span> <span class='ocrx_word' id='word_1_182' title='bbox 2611 2665 2691 2729; x_wconf 91' lang='lat' dir='ltr'>ut</span> <span class='ocrx_word' id='word_1_183' title='bbox 2728 2675 2972 2728; x_wconf 90' lang='lat' dir='ltr'>eorum</span> 
     </span>
     <span class='ocr_line' id='line_1_23' title="bbox 289 2764 2970 2860; baseline 0.001 -24"><span class='ocrx_word' id='word_1_184' title='bbox 289 2767 514 2837; x_wconf 90' lang='lat' dir='ltr'>animi</span> <span class='ocrx_word' id='word_1_185' title='bbox 566 2767 783 2838; x_wconf 91' lang='lat' dir='ltr'>alieni</span> <span class='ocrx_word' id='word_1_186' title='bbox 835 2767 1090 2838; x_wconf 88' lang='lat' dir='ltr'>fierent</span> <span class='ocrx_word' id='word_1_187' title='bbox 1140 2767 1234 2838; x_wconf 88' lang='lat' dir='ltr'>ab</span> <span class='ocrx_word' id='word_1_188' title='bbox 1287 2764 1707 2860; x_wconf 80' lang='lat' dir='ltr'>EpiscopiS‚</span> <span class='ocrx_word' id='word_1_189' title='bbox 1770 2771 1892 2859; x_wconf 89' lang='lat' dir='ltr'>qui</span> <span class='ocrx_word' id='word_1_190' title='bbox 1946 2769 2357 2841; x_wconf 88' lang='lat' dir='ltr'>huiusmodi</span> <span class='ocrx_word' id='word_1_191' title='bbox 2418 2769 2970 2859; x_wconf 90' lang='lat' dir='ltr'>prohibitionem</span> 
     </span>
     <span class='ocr_line' id='line_1_24' title="bbox 288 2879 2975 2971; baseline -0.001 -18"><span class='ocrx_word' id='word_1_192' title='bbox 288 2879 815 2971; x_wconf 87' lang='lat' dir='ltr'>efflagitarent,</span> <span class='ocrx_word' id='word_1_193' title='bbox 874 2899 1034 2952; x_wconf 90' lang='lat' dir='ltr'>cum</span> <span class='ocrx_word' id='word_1_194' title='bbox 1087 2899 1377 2952; x_wconf 87' lang='lat' dir='ltr'>suarum</span> <span class='ocrx_word' id='word_1_195' title='bbox 1434 2882 1843 2954; x_wconf 88' lang='lat' dir='ltr'>dioecesum</span> <span class='ocrx_word' id='word_1_196' title='bbox 1898 2882 2326 2953; x_wconf 87' lang='lat' dir='ltr'>detrimento</span> <span class='ocrx_word' id='word_1_197' title='bbox 2377 2881 2796 2971; x_wconf 91' lang='lat' dir='ltr'>praesertim</span> <span class='ocrx_word' id='word_1_198' title='bbox 2850 2880 2975 2951; x_wconf 90' lang='lat' dir='ltr'>tri-</span> 
     </span>
     <span class='ocr_line' id='line_1_25' title="bbox 291 2993 2969 3086; baseline 0 -22"><span class='ocrx_word' id='word_1_199' title='bbox 291 2994 624 3066; x_wconf 86' lang='lat' dir='ltr'>stissimis</span> <span class='ocrx_word' id='word_1_200' title='bbox 675 2993 870 3066; x_wconf 90' lang='lat' dir='ltr'>hisce</span> <span class='ocrx_word' id='word_1_201' title='bbox 905 2994 1375 3085; x_wconf 78' lang='lat' dir='ltr'>temporibuS,</span> <span class='ocrx_word' id='word_1_202' title='bbox 1419 2995 1685 3084; x_wconf 85' lang='lat' dir='ltr'>quibus</span> <span class='ocrx_word' id='word_1_203' title='bbox 1722 3013 2014 3068; x_wconf 91' lang='lat' dir='ltr'>necesse</span> <span class='ocrx_word' id='word_1_204' title='bbox 2049 3013 2341 3086; x_wconf 89' lang='lat' dir='ltr'>prorsus</span> <span class='ocrx_word' id='word_1_205' title='bbox 2377 3001 2512 3082; x_wconf 92' lang='lat' dir='ltr'>est,</span> <span class='ocrx_word' id='word_1_206' title='bbox 2553 3000 2632 3065; x_wconf 87' lang='lat' dir='ltr'>ut</span> <span class='ocrx_word' id='word_1_207' title='bbox 2667 2998 2969 3081; x_wconf 86' lang='lat' dir='ltr'>uterque</span> 
     </span>
     <span class='ocr_line' id='line_1_26' title="bbox 292 3104 2971 3199; baseline -0.002 -21"><span class='ocrx_word' id='word_1_208' title='bbox 292 3107 551 3194; x_wconf 81' lang='lat' dir='ltr'>cleruS,</span> <span class='ocrx_word' id='word_1_209' title='bbox 608 3106 994 3178; x_wconf 88' lang='lat' dir='ltr'>saecularis</span> <span class='ocrx_word' id='word_1_210' title='bbox 1045 3124 1308 3198; x_wconf 89' lang='lat' dir='ltr'>nempe</span> <span class='ocrx_word' id='word_1_211' title='bbox 1360 3111 1432 3177; x_wconf 92' lang='lat' dir='ltr'>et</span> <span class='ocrx_word' id='word_1_212' title='bbox 1484 3106 1831 3198; x_wconf 84' lang='lat' dir='ltr'>regularis</span> <span class='ocrx_word' id='word_1_213' title='bbox 1883 3104 2461 3199; x_wconf 91' lang='lat' dir='ltr'>conspirantibus</span> <span class='ocrx_word' id='word_1_214' title='bbox 2508 3105 2766 3175; x_wconf 89' lang='lat' dir='ltr'>animis</span> <span class='ocrx_word' id='word_1_215' title='bbox 2802 3120 2971 3174; x_wconf 93' lang='lat' dir='ltr'>con-</span> 
     </span>
     <span class='ocr_line' id='line_1_27' title="bbox 290 3215 2963 3306; baseline 0 -20"><span class='ocrx_word' id='word_1_216' title='bbox 290 3215 697 3306; x_wconf 87' lang='lat' dir='ltr'>iunctisque</span> <span class='ocrx_word' id='word_1_217' title='bbox 735 3217 992 3289; x_wconf 90' lang='lat' dir='ltr'>studiis</span> <span class='ocrx_word' id='word_1_218' title='bbox 1030 3218 1102 3288; x_wconf 94' lang='lat' dir='ltr'>in</span> <span class='ocrx_word' id='word_1_219' title='bbox 1138 3218 1425 3289; x_wconf 86' lang='lat' dir='ltr'>vineam</span> <span class='ocrx_word' id='word_1_220' title='bbox 1460 3215 1742 3290; x_wconf 90' lang='lat' dir='ltr'>Domini</span> <span class='ocrx_word' id='word_1_221' title='bbox 1782 3218 2248 3291; x_wconf 82' lang='lat' dir='ltr'>excolendam</span> <span class='ocrx_word' id='word_1_222' title='bbox 2284 3217 2531 3290; x_wconf 91' lang='lat' dir='ltr'>sedulo</span> <span class='ocrx_word' id='word_1_223' title='bbox 2571 3216 2963 3289; x_wconf 88' lang='lat' dir='ltr'>incumbat.</span> 
     </span>
    </p>

    <p class='ocr_par' dir='ltr' id='par_1_3' title="bbox 288 3324 2972 3643">
     <span class='ocr_line' id='line_1_28' title="bbox 435 3324 2971 3419; baseline 0.001 -20"><span class='ocrx_word' id='word_1_224' title='bbox 435 3324 631 3408; x_wconf 87' lang='lat' dir='ltr'>Quae</span> <span class='ocrx_word' id='word_1_225' title='bbox 682 3347 846 3401; x_wconf 90' lang='lat' dir='ltr'>cum</span> <span class='ocrx_word' id='word_1_226' title='bbox 898 3329 1274 3401; x_wconf 88' lang='lat' dir='ltr'>Sanctitati</span> <span class='ocrx_word' id='word_1_227' title='bbox 1329 3327 1514 3401; x_wconf 86' lang='lat' dir='ltr'>Suae</span> <span class='ocrx_word' id='word_1_228' title='bbox 1569 3329 1794 3402; x_wconf 89' lang='lat' dir='ltr'>relata</span> <span class='ocrx_word' id='word_1_229' title='bbox 1851 3331 2040 3419; x_wconf 88' lang='lat' dir='ltr'>sint,</span> <span class='ocrx_word' id='word_1_230' title='bbox 2081 3350 2168 3402; x_wconf 90' lang='lat' dir='ltr'>ea</span> <span class='ocrx_word' id='word_1_231' title='bbox 2206 3330 2335 3402; x_wconf 91' lang='lat' dir='ltr'>tibi</span> <span class='ocrx_word' id='word_1_232' title='bbox 2374 3329 2971 3402; x_wconf 87' lang='lat' dir='ltr'>communicanda</span> 
     </span>
     <span class='ocr_line' id='line_1_29' title="bbox 288 3439 2972 3534; baseline 0 -22"><span class='ocrx_word' id='word_1_233' title='bbox 288 3440 687 3529; x_wconf 85' lang='lat' dir='ltr'>mandavit,</span> <span class='ocrx_word' id='word_1_234' title='bbox 745 3441 858 3512; x_wconf 92' lang='lat' dir='ltr'>cui</span> <span class='ocrx_word' id='word_1_235' title='bbox 912 3441 1386 3534; x_wconf 84' lang='lat' dir='ltr'>Apostolicam</span> <span class='ocrx_word' id='word_1_236' title='bbox 1437 3439 2026 3513; x_wconf 91' lang='lat' dir='ltr'>Benedictionem</span> <span class='ocrx_word' id='word_1_237' title='bbox 2064 3447 2213 3513; x_wconf 88' lang='lat' dir='ltr'>toto</span> <span class='ocrx_word' id='word_1_238' title='bbox 2248 3441 2480 3514; x_wconf 91' lang='lat' dir='ltr'>cordis</span> <span class='ocrx_word' id='word_1_239' title='bbox 2515 3440 2773 3512; x_wconf 78' lang='lat' dir='ltr'>affectu</span> <span class='ocrx_word' id='word_1_240' title='bbox 2808 3459 2972 3532; x_wconf 92' lang='lat' dir='ltr'>per-</span> 
     </span>
     <span class='ocr_line' id='line_1_30' title="bbox 289 3553 1217 3643; baseline 0.002 -22"><span class='ocrx_word' id='word_1_241' title='bbox 289 3558 617 3624; x_wconf 90' lang='lat' dir='ltr'>amanter</span> <span class='ocrx_word' id='word_1_242' title='bbox 668 3553 1028 3643; x_wconf 90' lang='lat' dir='ltr'>impertita</span> <span class='ocrx_word' id='word_1_243' title='bbox 1084 3561 1217 3626; x_wconf 92' lang='lat' dir='ltr'>est.</span> 
     </span>
    </p>

    <p class='ocr_par' dir='ltr' id='par_1_4' title="bbox 291 3659 2967 3865">
     <span class='ocr_line' id='line_1_31' title="bbox 435 3659 2967 3756; baseline 0 -23"><span class='ocrx_word' id='word_1_244' title='bbox 435 3659 632 3735; x_wconf 89' lang='lat' dir='ltr'>Haec</span> <span class='ocrx_word' id='word_1_245' title='bbox 673 3662 1138 3753; x_wconf 83' lang='lat' dir='ltr'>Amplitudini</span> <span class='ocrx_word' id='word_1_246' title='bbox 1176 3660 1365 3735; x_wconf 90' lang='lat' dir='ltr'>Tuae</span> <span class='ocrx_word' id='word_1_247' title='bbox 1401 3664 1725 3756; x_wconf 88' lang='lat' dir='ltr'>significo</span> <span class='ocrx_word' id='word_1_248' title='bbox 1762 3664 1935 3737; x_wconf 91' lang='lat' dir='ltr'>dum</span> <span class='ocrx_word' id='word_1_249' title='bbox 1970 3682 2311 3756; x_wconf 90' lang='lat' dir='ltr'>prospera</span> <span class='ocrx_word' id='word_1_250' title='bbox 2339 3672 2407 3737; x_wconf 92' lang='lat' dir='ltr'>et</span> <span class='ocrx_word' id='word_1_251' title='bbox 2438 3662 2670 3737; x_wconf 82' lang='lat' dir='ltr'>felicia</span> <span class='ocrx_word' id='word_1_252' title='bbox 2709 3670 2967 3736; x_wconf 89' lang='lat' dir='ltr'>cuncta</span> 
     </span>
     <span class='ocr_line' id='line_1_32' title="bbox 291 3770 1506 3865; baseline 0 -19"><span class='ocrx_word' id='word_1_253' title='bbox 291 3791 378 3846; x_wconf 82' lang='lat' dir='ltr'>ex</span> <span class='ocrx_word' id='word_1_254' title='bbox 431 3772 641 3846; x_wconf 88' lang='lat' dir='ltr'>corde</span> <span class='ocrx_word' id='word_1_255' title='bbox 695 3774 1037 3865; x_wconf 90' lang='lat' dir='ltr'>adprecor</span> <span class='ocrx_word' id='word_1_256' title='bbox 1088 3795 1127 3845; x_wconf 91' lang='lat' dir='ltr'>a</span> <span class='ocrx_word' id='word_1_257' title='bbox 1182 3770 1506 3847; x_wconf 84' lang='lat' dir='ltr'>Domine.</span> 
     </span>
    </p>

    <p class='ocr_par' dir='ltr' id='par_1_5' title="bbox 442 3883 1382 3976">
     <span class='ocr_line' id='line_1_33' title="bbox 442 3883 1382 3976; baseline 0.003 -20"><span class='ocrx_word' id='word_1_258' title='bbox 442 3885 947 3976; x_wconf 82' lang='lat' dir='ltr'>Amplitudinis</span> <span class='ocrx_word' id='word_1_259' title='bbox 999 3883 1190 3959; x_wconf 85' lang='lat' dir='ltr'>Tuae</span> <span class='ocrx_word' id='word_1_260' title='bbox 1244 3894 1382 3959; x_wconf 88' lang='lat' dir='ltr'>etc.</span> 
     </span>
    </p>

    <p class='ocr_par' dir='ltr' id='par_1_6' title="bbox 437 3994 1629 4072">
     <span class='ocr_line' id='line_1_34' title="bbox 437 3994 1629 4072; baseline 0 -4"><span class='ocrx_word' id='word_1_261' title='bbox 437 3994 710 4070; x_wconf 90' lang='lat' dir='ltr'>Romae</span> <span class='ocrx_word' id='word_1_262' title='bbox 763 3998 883 4069; x_wconf 77' lang='lat'>20.</span> <span class='ocrx_word' id='word_1_263' title='bbox 946 3996 1354 4072; x_wconf 90' lang='lat' dir='ltr'>Decembris</span> <span class='ocrx_word' id='word_1_264' title='bbox 1412 4000 1629 4071; x_wconf 84' lang='lat'>1859.</span> 
     </span>
    </p>
   </div>
  </div>
 </body>
</html>
