3497 5235
607 295 726 360 530

1686 436 2103 492 APPENDIX
2137 439 2187 493 1,

604 651 946 705 Instructio
986 649 1052 704 S,
1092 650 1320 717 Congr,
1357 650 1564 718 Episc,
1604 652 1669 704 et
1704 650 1924 719 Regni,
1964 653 2061 706 dd.
2105 668 2187 707 ιι.
2226 654 2389 707 Iunii
2440 656 2598 708 1880,
2646 668 2767 721 pro
2818 655 3262 711 ecelesiasticis

748 737 938 790 curiis
988 735 1197 803 quoad
1232 736 1483 787 modum
1519 736 1897 802 procedendi
1934 738 2340 791 oeconomice
2390 739 2458 791 in
2499 739 2712 791 causis
2762 739 3262 807 disciplinaribus

747 823 812 876 et
857 820 1284 874 crimmalibus
1321 819 1704 874 clericorum,

1508 1028 2135 1084 *vn-&1:22-
2147 1050 2358 1060 ——-

749 1346 959 1417 Sacra
998 1342 1179 1414 baec
1212 1339 1449 1434 Episc,
1490 1348 1562 1414 et
1596 1339 1855 1434 Regul.
1895 1340 2387 1434 congregatim
2430 1348 2707 1415 mature
2742 1346 3106 1434 praesenti
3143 1343 3271 1418 Ee-

601 1456 859 1528 clesiae
896 1456 1301 1526 conditione
1342 1471 1716 1544 perpensa,
1760 1471 1946 1543 quae
2000 1473 2182 1545 pene
2237 1455 2508 1545 ubique
2562 1457 2948 1545 impeditur
2995 1460 3271 1546 quomi-

600 1586 738 1639 nus
773 1572 1145 1637 externam
1178 1565 1485 1655 explicet
1537 1582 1736 1635 suam
1788 1567 2136 1638 actionem
2194 1584 2410 1656 super
2449 1569 2782 1638 materias
2818 1574 2888 1639 et
2925 1587 3267 1658 personas

594 1678 1141 1764 ecclesiasticas,
1197 1683 1267 1748 et
1320 1676 1769 1747 considerato
1821 1694 2108 1766 quoque
2160 1676 2442 1748 defectu
2498 1678 2893 1750 mediorum
2940 1687 3265 1768 aptorum

598 1809 727 1882 pro
763 1790 1065 1879 regulari
1105 1789 1457 1859 curiarum
1496 1787 1971 1874 ordinatione,
2014 1789 2380 1860 constituit
2422 1788 2826 1860 facultatem
2868 1787 3268 1863 Ordinariis

601 1903 911 1974 locorum
964 1917 1294 1991 expresse
1331 1898 1747 1985 concedere,
1801 1906 1878 1969 ut
1932 1898 2191 1972 formas
2247 1901 2470 1991 magis
2523 1902 3012 1973 oeconomicas
3067 1902 3270 1974 adhi-

597 2016 768 2088 bere
821 2015 1107 2087 valeant
1159 2016 1230 2085 in
1296 2014 1627 2085 exercitio
1699 2032 1871 2085 suae
1925 2014 2403 2103 disciplinaris
2475 2015 2985 2086 iurisdictionis
3056 2036 3266 2108 super

600 2128 897 2200 clericis,
943 2124 1033 2199 Ut
1069 2132 1306 2196 autem
1350 2131 1492 2195 tota
1533 2126 1845 2197 iustitiae
1898 2127 2078 2195 ratio
2125 2131 2318 2197 sarta
2355 2131 2689 2214 tectaque
2746 2133 3064 2210 maneat,
3123 2146 3266 2199 ser-

598 2247 947 2327 veturque
986 2255 1438 2327 processuum
1477 2237 1822 2307 canonica
1862 2236 2280 2327 regularitas
2320 2243 2388 2309 et
2422 2235 2894 2323 uniformitas,
2927 2246 3269 2329 opportu-

597 2369 771 2422 num
826 2350 1131 2434 censuit,
1173 2354 1555 2441 sequentes
1592 2365 1926 2418 emanare
1966 2366 2250 2420 normas
2286 2369 2326 2417 a
2362 2349 2578 2419 curiis
2629 2350 3054 2419 servandas.

744 2456 804 2530 I,
861 2457 1237 2530 Ordinario
1276 2460 1630 2549 pastorale
1656 2477 1839 2529 onus
1868 2458 2215 2530 incumbit
2247 2459 2699 2551 disciplinam
2726 2462 3269 2532 correctionem-

597 2590 739 2662 que
775 2572 1189 2645 clericorum
1229 2591 1268 2642 a
1306 2591 1383 2644 se
1420 2571 1978 2663 dependentium
2019 2570 2344 2658 curandi,
2378 2589 2594 2662 super
2629 2570 3041 2644 eorumdem
3083 2575 3267 2646 vitae

592 2685 938 2756 rationem
980 2684 1364 2774 vigilando,
1407 2684 1883 2772 remediisque
1923 2683 2186 2754 utendo
2225 2683 2586 2754 canonicis
2615 2684 2701 2754 ad
2734 2684 3266 2774 praecavendas

595 2796 784 2886 apud
841 2796 1126 2866 eosdem
1177 2802 1248 2867 et
1302 2796 1782 2867 eliminandas
1833 2796 2103 2866 ordinis
2157 2794 2754 2885 perturbationes,

740 2903 839 2978 Il,
884 2901 1002 2977 ‘Ex
1055 2907 1165 2978 bis
1218 2907 1548 2979 remediis
1603 2907 1740 2978 alia
1798 2908 2292 2998 praeveniunt,
2351 2908 2488 2978 alia
2545 2909 2938 2998 reprimunt
2990 2915 3062 2980 et
3117 2927 3268 2980 me-

594 3019 825 3091 delam
866 3019 1198 3090 afferunt.
1241 3016 1480 3090 Priora
1518 3019 1606 3089 ad
1644 3019 1778 3089 boc
1815 3019 2244 3107 diriguntur,
2289 3025 2365 3089 ut
2415 3020 2834 3108 impediant,
2876 3021 3265 3108 quominus

591 3133 856 3202 malum
909 3131 1275 3216 adveniat,
1317 3136 1393 3201 ut
1429 3130 1751 3201 scandali
1804 3132 2100 3212 stimuli,
2141 3131 2549 3202 occasiones
2601 3131 3047 3202 voluntariae
3097 3150 3265 3203 cau-

588 3263 855 3333 saeque
907 3242 994 3313 ad
1034 3240 1597 3331 delinquendum
1637 3242 1997 3331 proximae
2037 3247 2561 3312 removeantur.
2607 3241 2839 3313 Altera
2879 3243 3096 3312 tinem
3139 3244 3264 3314 ha-

590 3355 768 3427 bent
820 3354 1194 3425 revocandi
1251 3353 1783 3440 delinquentes,
1829 3359 1905 3423 ut
1941 3355 2225 3442 sapiant
2264 3360 2744 3444 reparentque
2797 3354 3094 3427 admissi
3131 3357 3262 3426 cri-

591 3468 800 3537 minis
854 3466 1428 3555 consequentias,

734 3573 871 3646 Ill.
929 3574 1417 3647 Conscientiae
1470 3580 1541 3646 et
1593 3575 2020 3664 prudentiae
2070 3570 2425 3646 ordinarii
2481 3575 2729 3646 horum
2779 3576 3257 3648 remediorum

586 3688 935 3761 incumbit
971 3688 1378 3779 applicatiO,
1422 3688 1614 3758 iuxta
1655 3705 2006 3758 canonum
2048 3688 2645 3779 praescriptiones
2680 3693 2748 3757 et
2787 3705 3086 3759 casuum
3134 3687 3258 3759 atl-

586 3803 1136 3889 iunctorumque
1192 3799 1637 3890 gravitatem.
2699 3855 2744 3900 ·

734 3909 854 3983 lV.
912 3909 1188 3998 Mediis,
1246 3930 1429 4000 quae
1466 3916 1954 4002 praeservant,
2000 3911 2379 4001 praecipue
2418 3916 2883 3982 accensentur
2919 3911 3254 4004 spiritua-

587 4024 677 4095 lia
732 4024 1094 4108 exercitia‚
1156 4025 1579 4094 monitiones
1631 4030 1701 4093 et
1754 4029 2160 4112 praecept-1.

732 4131 813 4205 V.
873 4132 1021 4204 Has
1076 4135 1509 4225 provisiones
1562 4135 1984 4223 praecedere
2024 4133 2240 4205 debet
2279 4133 2663 4204 summaria
2708 4132 2868 4204 iacti
2910 4134 3239 4224 cognitio,

583 4266 769 4335 quae
824 4246 915 4317 ab
970 4244 1346 4317 Ordinario
1405 4246 1714 4317 notiuda
1770 4253 1904 4330 est,
1966 4255 2041 4318 ut
2093 4246 2188 4318 ad
2239 4246 2586 4317 ulteriora
2625 4246 3033 4334 procedere,
3076 4264 3250 4334 qua-

583 4365 794 4429 tenus
845 4376 1025 4448 opus
1077 4359 1205 4444 sit,
1264 4365 1334 4428 et
1386 4358 1750 4428 certiorem
1806 4357 2101 4430 reddere
2157 4364 2376 4447 queat
2437 4357 2872 4447 superiorem
2944 4356 3244 4428 aucton-

581 4473 830 4554 tatem,
890 4470 959 4538 iu
1016 4486 1181 4538 casu
1241 4469 1533 4558 legitimi
1590 4486 1943 4539 recursus.

734 4575 1304 4652 V1.Canonicae
1361 4582 1784 4651 monitiones
1841 4582 2019 4651 fiunt
2071 4581 2218 4650 sire
2270 4580 2340 4650 in
2400 4578 2621 4651 forma
2662 4588 2963 4671 paterna
3019 4586 3090 4650 et
3139 4596 3249 4650 se-

587 4694 778 4756 creta
831 4685 1076 4779 (etiam
1131 4707 1258 4780 per
1309 4691 1681 4782 epistolam
1736 4700 1861 4764 aut
1902 4711 2023 4781 per
2061 4691 2557 4781 interpositam
2600 4689 3039 4785 personam),
3097 4689 3244 4761 sive
