3497 5235
497 323 604 396 οη.
628 324 694 380 n
733 323 808 380 n·
847 322 1112 396 nrt-0020,
1150 278 1559 390 Αιιιιίὶρῑιοορο,
1598 317 1828 376 Primo
1869 318 1925 376 ot
1963 316 2290 375 Patrium
2333 317 2388 392 §-
2414 316 2465 374 s.
2693 312 2809 375 2ss

230 455 527 518 -142.N0n
552 464 808 538 possunt
844 472 1073 517 munus
1108 450 1279 516 idem
1305 470 1523 538 agere,
1553 450 1661 535 qui
1692 448 2044 514 confirmati
2081 468 2210 514 non
2248 457 2418 513 sunt.
2449 482 2492 494 -
2523 448 2817 511 143.Ν9·

230 574 319 641 que
358 555 680 642 Regulares,
719 567 782 620 et
816 554 1045 620 alicubi
1097 572 1310 638 neque
1359 551 1481 617 viri
1533 550 1936 617 ecclesiastici
1987 553 2363 617 saeculares,
2392 586 2435 598 -
2476 553 2626 616 144.
2662 552 2811 613 Pro-

225 671 416 722 curator
453 676 566 721 non
608 657 753 734 sibi,
802 656 918 722 sed
967 656 1291 722 mandanti
1350 657 1799 743 cognationem
1851 655 2192 721 contrabit.
2227 689 2270 701 -
2323 657 2470 719 145.
2526 655 2616 717 Β9
2666 669 2812 716 casu

223 760 413 844 speciali
453 779 654 825 causae
690 760 1065 825 Fesulanae.
1096 792 1139 803 -
1177 762 1324 824 146.
1368 758 1686 825 Clericum
1734 778 1803 822 ac
1851 756 2248 821 minoristam
2297 773 2426 820 non
2476 751 2813 818 confirma-

226 874 321 925 tum
356 861 491 925 malo
534 873 898 949 promotum
951 861 1188 937 fuisse3
1261 860 1553 948 indigere
1619 878 1781 926 nova
1844 858 2215 944 provisione
2280 858 2443 922 circa
2505 854 2811 922 beneficia

226 960 437 1038 obtenta,
482 973 539 1028 et
584 963 1058 1047 dispensatione
1093 964 1454 1045 Apostolica
1487 961 1563 1026 ad
1596 981 1803 1026 sacros
1834 961 2101 1047 Ordines
2142 958 2574 1044 recipiendos,
2612 957 2813 1024 edixit

225 1067 270 1130 S.
293 1068 347 1128 C.
377 1068 545 1130 Cone.
573 1102 617 1115 -
655 1069 801 1130 147.
840 1068 1054 1129 Potest
1086 1065 1314 1149 aliquis
1349 1062 1653 1141 ordinari,
1703 1064 1754 1128 si
1805 1065 1973 1130 iuret
2004 1082 2071 1128 se
2107 1061 2552 1127 confirmatum
2590 1060 2803 1127 fuisse.

222 1167 653 1232 Procurationem
705 1166 965 1253 exigere
1014 1186 1143 1233 non
1192 1177 1402 1252 potest
1449 1167 1800 1252 Episcopus
1850 1177 2024 1231 extra
2074 1164 2497 1230 visitationem
2534 1161 2610 1228 ad
2645 1162 2814 1229 chri-

221 1286 313 1332 sma
349 1270 783 1335 conferendum
831 1270 1182 1354 profectus.

324 1451 462 1523 128.
498 1454 755 1524 Sacrae
808 1449 1378 1524 confirmationis
1413 1451 1820 1524 ministrum
1873 1469 2028 1524 esse
2065 1453 2293 1524 solum
2345 1447 2807 1542 Episcopum,

213 1579 314 1632 non
343 1564 712 1652 quemlibet
749 1564 1219 1649 sacerdotem,
1262 1580 1466 1635 nemo
1522 1564 1843 1654 negabit,
1882 1563 1943 1636 si
1976 1581 2283 1655 poenam
2332 1562 2817 1635 anathematis
2922 1648 2927 1655 p

213 1670 427 1744 aConc.
456 1672 646 1748 Trid.
680 1677 870 1747 Sess.
897 1676 969 1745 7.
996 1696 1159 1747 can.
1186 1674 1256 1748 3.
1293 1676 1375 1747 de
1411 1677 1742 1766 confirm.
1776 1676 2239 1749 constitutam
2276 1674 2446 1746 velit
2473 1675 2809 1765 effugere.

208 1781 349 1864 Ouae
379 1789 658 1877 quidem
696 1795 1014 1880 potestas
1050 1807 1210 1860 cum
1247 1790 1549 1881 simplici
1586 1789 1957 1861 sacerdote
1991 1789 2082 1859 ab
2121 1784 2474 1879 Episcopo
2502 1805 2819 1858 commu-

213 1899 377 1969 nicari
415 1903 691 1990 nequit,
733 1908 830 1990 et,
878 1903 935 1973 si
991 1902 1064 1972 id
1119 1903 1271 1988 ssat,
1330 1904 1872 1974 Sacramentum
1923 1903 2202 1974 irritum
2240 1908 2374 1991 est,
2432 1907 2644 1992 prout
2695 1900 2818 1973 de-

208 2016 486 2083 monstrat
535 2011 816 2085 Bened.
860 2010 1051 2085 XIV.
1091 2013 1175 2085 de
1215 2015 1385 2103 Syn.
1430 2014 1646 2085 dioec.
1691 2014 1811 2085 lib.
1868 2013 2021 2085 VII.
2061 2033 2218 2104 cap.
2260 2012 2334 2086 8.
2386 2009 2588 2094 Quod
2630 2012 2693 2084 si
2743 2014 2818 2084 in

205 2113 457 2194 Ecclesia
495 2144 752 2215 graeca
809 2125 1038 2197 valide
1074 2146 1115 2195 a
1151 2125 1455 2215 simplici
1491 2126 1906 2215 presbytero
1942 2125 2076 2197 hoc
2112 2122 2652 2198 Sacramentum
2690 2122 2820 2195 ad-

206 2232 622 2326 ministratur,
664 2236 736 2307 id
773 2237 1269 2309 tantummodo
1311 2237 1536 2308 oritur
1571 2256 1657 2308 ex
1709 2245 2170 2328 praesumpto
2206 2237 2575 2328 privilegio
2612 2232 2820 2307 Sum-

200 2360 417 2416 morum
465 2345 928 2421 Pontificum.
981 2344 1158 2421 Vide
1193 2345 1466 2420 Bened.
1510 2344 1699 2417 xlv.
1743 2349 1875 2419 loc.
1916 2350 2037 2420 cit.
2081 2368 2238 2440 cap.
2273 2349 2345 2422 9.
2388 2368 2464 2420 n.
2497 2346 2609 2429 3.,
2647 2347 2821 2420 item

198 2470 340 2540 quae
380 2463 713 2550 superins
782 2461 1016 2533 obiter
1080 2460 1218 2531 hac
1286 2460 1375 2531 de
1428 2478 1505 2531 re
1566 2461 2251 2551 praeoccupavimus
2301 2480 2459 2551 cap.
2505 2461 2561 2535 Ι.
2617 2458 2691 2555 §-
2742 2459 2816 2533 3.

193 2582 320 2658 pag.
355 2571 465 2642 66.
507 2570 654 2646 Uni
689 2573 879 2645 enim
924 2574 1213 2644 Summo
1247 2568 1574 2644 Pontifici
1627 2577 1948 2663 potestas
1984 2578 2055 2645 et
2093 2573 2203 2643 ius
2237 2580 2677 2645 reservatum
2716 2577 2824 2645 est

194 2677 518 2773 delegandi
554 2686 865 2775 simplici
904 2685 1256 2757 sacerdoti
1294 2684 1738 2773 facultatem,
1782 2691 1861 2755 ut
1904 2684 2150 2756 fideles
2186 2685 2568 2758 chrismate
2621 2702 2822 2756 sacro

188 2797 368 2879 possit
416 2801 796 2891 inungere.
857 2797 1072 2870 Cuius
1124 2800 1222 2870 rei
1289 2799 1642 2888 permulta
1706 2803 1877 2869 sunt
1930 2800 2257 2890 exempla
2311 2820 2351 2869 a
2404 2798 2817 2871 doctoribus

187 2904 392 2996 relata,
432 2929 628 3000 quae
683 2917 999 3002 repetere
1051 2918 1392 3000 putamus
1444 2911 1725 2982 inutile.

291 3020 453 3090 129.
494 3020 717 3094 Iuvat
753 3021 868 3094 bic
903 3040 1028 3112 per
1064 3040 1343 3092 summa
1380 3023 1616 3114 capita
1653 3021 2020 3095 decretum
2065 3023 2367 3093 innuere
2402 3041 2444 3090 a
2483 3018 2554 3091 S.
2596 3017 2817 3112 Cong.

182 3122 250 3196 de
276 3124 470 3222 Prop.
519 3133 684 3205 Fid.
719 3134 993 3207 editum
1031 3133 1147 3204 die
1183 3135 1304 3203 21.
1337 3130 1547 3205 Mart.
1587 3134 1803 3205 1774.
1835 3140 1905 3206 et
1943 3154 1984 3203 a
2020 3152 2079 3204 s.
2118 3153 2212 3204 m.
2246 3131 2589 3204 Clement.
2628 3129 2818 3204 xlv.

183 3243 654 3334 approbatum,
695 3246 821 3316 ubi
879 3247 1144 3317 mentio
1196 3253 1304 3318 est
1358 3247 1447 3317 de
1510 3245 1646 3317 hac
1716 3245 2060 3318 facultate
2127 3246 2495 3318 nonnullis
2547 3246 2824 3318 missio-

178 3366 319 3423 num
367 3354 881 3447 Superioribus
933 3357 1236 3446 aliisque
1290 3357 1583 3429 tributa.
1648 3353 1735 3426 In
1789 3376 1872 3428 eo
1926 3357 2169 3446 itaque
2220 3356 2669 3449 prohibetur,
2734 3376 2826 3429 ne

176 3458 554 3552 Superiores
613 3468 717 3538 illi
771 3468 1090 3540 vestibus
1141 3475 1210 3540 et
1261 3470 1706 3540 ornamentis
1775 3466 2314 3541 Pontificalibus
2373 3471 2479 3541 uti
2530 3489 2830 3560 praesu-

172 3584 359 3647 mant.
398 3575 724 3670 Insuper
761 3581 1132 3652 instructio
1170 3580 1457 3652 additur
1507 3582 1671 3651 item
1710 3580 1801 3651 ab
1838 3582 2085 3653 eodem
2142 3578 2432 3654 Summo
2485 3579 2829 3654 Pontifice

167 3689 570 3779 approbata,
636 3710 822 3780 quae
874 3693 1180 3781 simplici
1234 3693 1583 3765 sacerdoti
1630 3691 2256 3766 Confirmationem
2292 3693 2828 3765 administranti

167 3812 456 3871 normam
485 3801 867 3893 praebeat,
903 3820 986 3873 ac
1023 3805 1498 3893 potissimum,
1533 3810 1611 3874 ut
1650 3803 1839 3875 idem
1876 3804 2193 3877 vestibus
2228 3804 2822 3894 sacerdotalibuS,

165 3909 253 3980 vel
299 3913 567 3985 saltem
625 3913 791 3984 alba
846 3920 916 3985 et
968 3914 1148 3985 stola
1195 3916 1560 4004 induatur,
1605 3922 1828 4005 utque
1878 3917 2228 4008 populum
2279 3918 2522 4007 lingua
2576 3934 2832 3987 verna-

164 4022 297 4092 cula
363 4026 458 4097 de
537 4027 910 4117 privilegio
962 4047 1004 4096 a
1057 4023 1128 4097 S.
1187 4025 1368 4100 Sede
1422 4029 1781 4117 impertito
1851 4029 2188 4117 edoceat,
2246 4029 2823 4116 admoneatque,

155 4149 355 4206 unum
406 4135 862 4230 Episcopum
916 4157 1072 4209 esse
1127 4139 1317 4209 illius
1370 4135 1813 4211 Sacramenti
1882 4139 2288 4210 ministrum
2354 4139 2824 4227 ordinarium,

153 4258 284 4318 sese
316 4267 487 4322 vero
527 4248 978 4320 solummodo
1017 4250 1687 4322 extraordinarium.
1724 4248 2047 4338 Denique
2077 4267 2323 4320 norma
2354 4250 2571 4321 etiam
2607 4247 2832 4320 subii-

152 4360 337 4449 citur,
381 4383 543 4454 qua
601 4364 932 4435 sacerdos
985 4365 1317 4453 privatim
1356 4365 1594 4455 pueris
1646 4370 1717 4435 et
1754 4363 2021 4435 adultis
2072 4363 2250 4436 illud
2287 4361 2833 4435 Sacramentum

145 4473 454 4549 conferre
517 4477 765 4548 valeat
811 4495 900 4574 ac
951 4477 1237 4550 debeat.
1279 4475 1479 4550 Idem
1516 4478 1967 4570 privilegium
2021 4479 2219 4549 iuxta
2256 4477 2531 4549 dictum
2584 4476 2833 4551 decre-

145 4589 279 4656 tum
314 4596 389 4661 et
428 4590 997 4662 instructionem
1032 4590 1169 4661 diei
1215 4591 1301 4660 12
1339 4587 1548 4664 Mart.
1597 4592 1810 4662 1838.
1847 4610 1888 4661 a
1925 4587 1999 4661 S.
2035 4587 2378 4682 Congreg.
2411 4588 2828 4679 Consistor.,

141 4702 608 4790 approbante
652 4721 712 4773 s.
755 4721 850 4773 m.
892 4699 1177 4794 Gregor.
1213 4699 1438 4792 XVL,
1480 4703 1857 4796 elargitum
1893 4710 2003 4777 est
2038 4701 2500 4778 Pro-vicario
2540 4703 2838 4795 Aposto-
