3497 5235
912 367 1035 441 Gap.
1058 365 1104 423 1.
1143 363 1216 422 Do
1257 365 1409 423 statu
1445 364 1707 424 nodedu
1745 366 2024 426 mutuanti.
2069 368 2123 443 g.
2151 369 2276 425 4-7.
2864 369 2947 432 67

436 524 477 567 ι
536 494 665 570 vl.
726 501 977 571 Status
1024 501 1487 573 ecclesiarum
1566 500 2108 593 collegiatarum
2184 519 2330 572 una
2408 519 2567 574 cum
2644 480 2949 575 numero

263 637 297 683 ι»
331 612 598 704 pariter
662 611 1174 684 canonicorum
1226 618 1297 684 et
1351 620 1780 709 ceterorum,
1838 612 1962 703 qui
1999 612 2230 683 choris
2265 632 2508 684 earum
2547 614 2934 705 intersunt,

262 750 298 791 ›
329 730 398 797 et
449 743 550 795 an
604 724 683 794 in
737 722 1134 814 collegiatis
1185 731 1425 796 erecta
1476 726 1568 796 sit
1621 722 2041 815 praebenda
2096 722 2540 815 theologalis.

392 860 431 904 ι
470 830 640 905 vu.
702 831 951 906 Status
999 840 1071 906 et
1123 853 1469 907 numerus
1504 835 1967 908 ecclesiarum
2004 833 2549 924 parochialium,
2606 855 2738 910 nec
2790 855 2937 910 non

262 972 298 1010 υ
332 948 639 1019 aliarum
692 946 1155 1019 ecclesiarum
1208 953 1280 1017 et
1332 948 1797 1018 oratoriorum
1835 945 1908 1015 in
1947 941 2407 1034 Episcopatu,
2449 944 2940 1038 Archiepisco-

258 1066 531 1150 ›patu,
609 1065 740 1130 aut
792 1054 1288 1130 Patriarchatu
1357 1059 1865 1144 existentium;
1924 1055 2299 1128 referendo
2375 1059 2770 1149 signanter,
2838 1079 2934 1132 an

258 1196 294 1237 ›
328 1169 795 1256 cathedralis,
839 1169 1414 1258 metropolitana,
1474 1175 1600 1240 aut
1645 1166 2144 1259 patriarchalis
2180 1173 2251 1239 et
2288 1168 2734 1260 collegiatae,
2776 1190 2938 1243 ora-

257 1306 293 1347 »
329 1283 507 1354 toria
537 1334 560 1368 ,
616 1298 904 1352 necnon
955 1281 1402 1370 parochiales
1453 1289 1878 1370 ceteraeque
1932 1278 2274 1351 ecclesiae
2328 1280 2475 1351 sint
2528 1283 2748 1353 sacris
2813 1303 2936 1355 su-

259 1418 296 1460 »
332 1392 820 1484 pellectilibus
869 1391 1305 1464 sufficienter
1341 1394 1764 1480 instructae,
1808 1397 1881 1463 et
1917 1408 2277 1481 quaenam
2333 1410 2422 1462 ex
2471 1392 2576 1463 eis
2611 1391 2930 1465 habeant

257 1529 294 1571 ›
330 1505 608 1576 reditus
663 1521 790 1593 pro
846 1501 1113 1575 fabrica
1151 1506 1578 1595 assignatos,
1627 1527 1663 1571 >

151 1680 158 1686 .
390 1619 514 1688 37.
577 1613 890 1698 Quartus
963 1617 1306 1688 articulus
1357 1617 1447 1688 de
1508 1634 1808 1688 numero
1878 1616 2275 1702 civitatum,
2361 1613 2930 1706 oppidorumque

251 1728 445 1800 nulla
483 1727 805 1818 profecto
841 1727 1449 1799 demonstratione
1502 1727 1804 1819 indiget3
1862 1746 1945 1799 ac
1996 1732 2368 1818 praeterea
2420 1725 2927 1798 nihilomnino

251 1857 412 1931 prae
450 1857 529 1911 se
572 1837 736 1926 fert,
779 1838 971 1929 quod
1009 1856 1169 1909 eum
1206 1838 1450 1929 aliquo
1489 1838 1826 1911 utilitatis
1862 1839 2098 1910 fructu
2136 1837 2565 1910 declaretur.
2625 1835 2725 1910 De
2762 1840 2933 1911 reli-

250 1951 407 2040 quis
458 1949 696 2021 tribus
745 1967 962 2039 super
1012 1956 1206 2021 statu
1243 1950 1530 2021 aedium
1567 1969 1962 2038 sacrarum,
2004 1952 2151 2022 sive
2190 1949 2736 2038 cathedralium,
2778 1952 2926 2023 sive

242 2061 829 2153 collegiatarum,
887 2062 1031 2132 sive
1085 2061 1652 2151 parochialium,
1709 2061 1917 2133 aliter
1977 2081 2052 2133 se
2107 2079 2218 2132 res
2271 2059 2516 2133 habet.
2576 2057 2926 2142 Quoniam

249 2190 439 2259 vero,
500 2172 561 2243 si
612 2172 831 2243 trium
885 2171 1136 2243 borum
1190 2173 1648 2244 articulorum
1701 2175 2218 2263 expositionem
2285 2173 2700 2263 singulatim
2767 2191 2930 2263 per-

248 2287 667 2369 tractemus,
711 2283 911 2353 iuxta
947 2282 1272 2354 ordinem
1311 2284 1383 2354 in
1419 2280 1888 2356 Benedictina
1944 2281 2422 2356 Instructione
2468 2284 2918 2375 dispositum,

247 2396 322 2466 in
373 2413 463 2466 ea
516 2395 947 2466 necessitate
1001 2413 1129 2465 nos
1166 2394 1445 2497 futuros
1496 2414 1654 2467 esse
1706 2396 2196 2487 intelligimus,
2253 2402 2332 2466 ut
2387 2413 2498 2482 ea,
2541 2412 2726 2483 quae
2780 2397 2927 2467 iam

245 2506 667 2592 dixerimuS,
728 2511 1077 2595 repetere,
1136 2512 1260 2578 aut
1328 2508 1743 2600 saepissime
1815 2508 1907 2578 ad
1962 2508 2218 2579 eadem
2284 2507 2619 2580 lectorem
2682 2510 2930 2582 remit-

243 2624 393 2689 tere
447 2625 829 2708 oporteat;
912 2615 1080 2690 hinc
1133 2620 1396 2691 rectius
1450 2639 1578 2691 nos
1634 2620 1946 2693 facturos
1998 2639 2154 2692 esse
2207 2620 2575 2709 ducimus,
2636 2623 2692 2692 si
2747 2642 2923 2695 cun-

244 2734 396 2800 ctos
446 2735 591 2799 tres
644 2728 983 2800 articulos
1036 2729 1319 2801 insimul
1376 2732 1851 2820 cumulemus,
1909 2732 2237 2821 adeoque
2291 2732 2514 2802 alium
2565 2733 2915 2821 ordinem,

240 2840 533 2931 qualem
586 2841 918 2912 videlicet
971 2843 1378 2934 argumenti
1429 2848 1689 2915 natura
1739 2844 2025 2932 suadet,
2086 2844 2221 2915 hac
2273 2844 2348 2915 in
2401 2863 2476 2915 re
2529 2861 2928 2934 persequa-

250 2970 432 3022 mur.

390 3065 508 3135 38.
567 3061 897 3135 Ceterum
950 3068 1202 3154 quanti
1256 3066 1596 3138 momenti
1648 3067 1742 3136 sit
1797 3068 2124 3155 materia,
2167 3085 2386 3158 quam
2424 3064 2690 3136 ibidem
2730 3084 2922 3137 com-

251 3175 663 3264 plectemur,
722 3195 933 3247 nemo
986 3183 1177 3248 certe
1234 3196 1374 3249 non
1411 3179 1631 3249 videt.
1678 3175 1888 3249 Porro
1949 3179 2317 3251 Antistites
2350 3176 2772 3269 plerumque
2808 3194 2924 3247 re-

256 3284 483 3359 ferunt
530 3306 772 3359 sacras
809 3289 1025 3359 aedes
1062 3287 1635 3378 reparationibus
1687 3296 1760 3361 et
1811 3307 2012 3361 sacra
2068 3288 2513 3382 supellectile
2567 3287 2912 3378 indigere,

258 3403 328 3466 et
362 3396 428 3467 S.
468 3395 540 3468 C.
582 3399 764 3469 solet
801 3400 1069 3470 eisdem
1108 3400 1424 3471 indicare
1465 3401 1804 3487 remedia,
1864 3420 2051 3490 quae
2109 3401 2275 3472 huie
2313 3400 2720 3473 necessitati
2758 3418 2921 3470 suc-

262 3511 639 3581 currendae
694 3510 767 3580 in
822 3512 975 3581 iure
1026 3513 1366 3582 canonico
1404 3516 1685 3601 praesto
1738 3517 1960 3596 sunt3
2020 3513 2264 3600 itaque
2317 3529 2540 3600 prono
2592 3511 2919 3599 sequitur

267 3618 477 3707 alve0,
534 3629 612 3692 ut
665 3621 1047 3712 diligenter
1097 3624 1527 3710 excutiatur,
1585 3623 1707 3711 qui
1763 3622 1854 3692 ad
1910 3623 2396 3711 reparationes
2435 3620 2919 3692 conficiendas

265 3735 333 3798 et
380 3749 641 3802 sacram
708 3732 1227 3822 supellectilem
1299 3733 1856 3823 comparandam
1925 3739 2336 3805 teneantur.
2397 3730 2771 3804 Praeterea
2841 3733 2918 3801 in

263 3836 494 3910 iisdem
544 3843 866 3913 articulis
921 3844 1288 3915 Antistites
1360 3843 1816 3933 praebendae
1883 3845 2508 3935 poenitentiariae,
2568 3849 2638 3914 et
2693 3842 2916 3914 multo

267 3945 690 4038 frequentius
752 3953 1170 4044 theologalis
1223 3954 1578 4026 defectum
1636 3958 2092 4043 renuntiant3
2152 3955 2649 4046 quaerendum
2701 3956 2917 4045 igitur

265 4066 393 4144 est,
442 4080 575 4152 qua
629 4066 907 4136 ratione
959 4065 1123 4136 huie
1179 4066 1275 4135 rei
1328 4065 1852 4137 consulendum
1905 4086 2058 4137 esse
2114 4067 2461 4138 rescribat
2527 4069 2741 4137 Sacra
2796 4088 2917 4138 ea·-

265 4169 414 4240 dem
445 4173 927 4268 Congregatio.
972 4173 1289 4247 Tandem
1347 4177 1537 4249 haud
1588 4178 2005 4267 infrequens
2041 4185 2174 4265 est,
2221 4186 2295 4249 ut
2334 4181 2404 4249 in
2443 4177 2916 4251 relationibus

260 4290 689 4359 renuntietur
740 4295 898 4360 tum
949 4286 1246 4359 SSrhum
1298 4285 1788 4362 Eucharistiae
1843 4287 2384 4361 Sacramentum
2438 4291 2782 4360 asservari
2837 4291 2912 4361 in

258 4390 393 4464 illis
421 4401 753 4486 eeclesiis,
817 4399 938 4469 ubi
993 4419 1133 4470 non
1191 4401 1352 4471 licet
1407 4400 1680 4489 absque
1727 4400 2118 4489 Apostolico
2157 4399 2436 4471 indulto
2474 4401 2708 4489 ipsum
2746 4403 2920 4473 reti-

259 4509 425 4593 neri,
464 4518 608 4584 tum
645 4513 916 4603 pariter
954 4509 1240 4582 Missam
1292 4511 1635 4583 celebrari
1691 4513 1763 4583 in
1817 4513 2113 4601 privatis
2168 4513 2493 4583 oratoriis
2547 4513 2693 4582 sola
2750 4531 2912 4584 cum

250 4611 560 4714 Episcopi
616 4625 866 4696 venia:
927 4642 1112 4713 quae
1164 4623 1306 4694 duo
1344 4642 1505 4694 cum
1542 4624 1632 4694 ab
1674 4629 1863 4695 recta
1902 4623 2225 4694 canonici
2279 4625 2454 4696 iuris
2509 4623 2734 4696 forma
2781 4623 2917 4694 ab-

245 4745 416 4803 sona
462 4737 625 4827 sint,
681 4736 980 4829 speciali
1035 4735 1253 4827 digna
1321 4736 1653 4807 videntur
1706 4737 2212 4825 explicatione.
