<?xml version="1.0" encoding="UTF-8"?>
<!DOCTYPE html PUBLIC "-//W3C//DTD XHTML 1.0 Transitional//EN"
    "http://www.w3.org/TR/xhtml1/DTD/xhtml1-transitional.dtd">
<html xmlns="http://www.w3.org/1999/xhtml" xml:lang="en" lang="en">
 <head>
  <title>
</title>
<meta http-equiv="Content-Type" content="text/html;charset=utf-8" />
  <meta name='ocr-system' content='tesseract 3.04.00' />
  <meta name='ocr-capabilities' content='ocr_page ocr_carea ocr_par ocr_line ocrx_word'/>
</head>
<body>
  <div class='ocr_page' id='page_1' title='image "./devisitationesa00popegoog_0214.png"; bbox 0 0 3497 5235; ppageno 0'>
   <div class='ocr_carea' id='block_1_1' title="bbox 562 294 2475 374">
    <p class='ocr_par' dir='ltr' id='par_1_1' title="bbox 562 294 2475 374">
     <span class='ocr_line' id='line_1_1' title="bbox 562 294 2475 374; baseline 0.002 -19"><span class='ocrx_word' id='word_1_1' title='bbox 562 294 676 357; x_wconf 66' lang='lat'>182</span> <span class='ocrx_word' id='word_1_2' title='bbox 1307 298 1677 357; x_wconf 65' lang='lat' dir='ltr'>Immani-</span> <span class='ocrx_word' id='word_1_3' title='bbox 1716 297 1771 355; x_wconf 82' lang='grc'>8.</span> <span class='ocrx_word' id='word_1_4' title='bbox 1799 297 1983 373; x_wconf 71' lang='lat' dir='ltr'>Oongr.</span> <span class='ocrx_word' id='word_1_5' title='bbox 2018 298 2167 357; x_wconf 66' lang='grc' dir='ltr'><strong>σου.</strong></span> <span class='ocrx_word' id='word_1_6' title='bbox 2205 299 2475 374; x_wconf 71' lang='lat' dir='ltr'>expositio.</span> 
     </span>
    </p>
   </div>
   <div class='ocr_carea' id='block_1_2' title="bbox 559 426 3276 4766">
    <p class='ocr_par' dir='ltr' id='par_1_2' title="bbox 559 426 3233 1061">
     <span class='ocr_line' id='line_1_2' title="bbox 559 426 3227 524; baseline 0.002 -23"><span class='ocrx_word' id='word_1_7' title='bbox 559 428 851 520; x_wconf 91' lang='lat' dir='ltr'>quidem</span> <span class='ocrx_word' id='word_1_8' title='bbox 903 426 1287 518; x_wconf 80' lang='lat' dir='ltr'>vicarium,</span> <span class='ocrx_word' id='word_1_9' title='bbox 1327 433 1440 504; x_wconf 82' lang='lat' dir='ltr'>vel</span> <span class='ocrx_word' id='word_1_10' title='bbox 1477 431 2129 505; x_wconf 80' lang='lat' dir='ltr'>administratorem</span> <span class='ocrx_word' id='word_1_11' title='bbox 2167 432 2414 524; x_wconf 84' lang='lat' dir='ltr'>eligat,</span> <span class='ocrx_word' id='word_1_12' title='bbox 2456 450 2831 523; x_wconf 91' lang='lat' dir='ltr'>nunquam</span> <span class='ocrx_word' id='word_1_13' title='bbox 2881 451 3050 506; x_wconf 83' lang='lat' dir='ltr'>vero</span> <span class='ocrx_word' id='word_1_14' title='bbox 3085 432 3227 506; x_wconf 89' lang='lat' dir='ltr'>ele-</span> 
     </span>
     <span class='ocr_line' id='line_1_3' title="bbox 560 539 3230 635; baseline 0 -20"><span class='ocrx_word' id='word_1_15' title='bbox 560 548 755 615; x_wconf 90' lang='lat' dir='ltr'>ctum</span> <span class='ocrx_word' id='word_1_16' title='bbox 807 543 881 612; x_wconf 95' lang='lat' dir='ltr'>in</span> <span class='ocrx_word' id='word_1_17' title='bbox 934 539 1366 635; x_wconf 81' lang='lat' dir='ltr'>Episcopum</span> <span class='ocrx_word' id='word_1_18' title='bbox 1401 564 1443 614; x_wconf 91' lang='lat' dir='ltr'>a</span> <span class='ocrx_word' id='word_1_19' title='bbox 1494 541 1869 635; x_wconf 80' lang='lat' dir='ltr'>CapituliS,</span> <span class='ocrx_word' id='word_1_20' title='bbox 1909 549 2037 615; x_wconf 89' lang='lat' dir='ltr'>aut</span> <span class='ocrx_word' id='word_1_21' title='bbox 2071 564 2112 615; x_wconf 90' lang='lat' dir='ltr'>a</span> <span class='ocrx_word' id='word_1_22' title='bbox 2165 544 2343 616; x_wconf 90' lang='lat' dir='ltr'>laica</span> <span class='ocrx_word' id='word_1_23' title='bbox 2380 549 2735 635; x_wconf 81' lang='lat' dir='ltr'><strong>potestate</strong></span> <span class='ocrx_word' id='word_1_24' title='bbox 2779 546 3230 618; x_wconf 89' lang='lat' dir='ltr'>nominatum</span> 
     </span>
     <span class='ocr_line' id='line_1_4' title="bbox 560 654 3233 745; baseline 0.001 -20"><span class='ocrx_word' id='word_1_25' title='bbox 560 671 689 725; x_wconf 92' lang='lat' dir='ltr'>seu</span> <span class='ocrx_word' id='word_1_26' title='bbox 741 660 1272 744; x_wconf 88' lang='lat' dir='ltr'>praesentatum</span> <span class='ocrx_word' id='word_1_27' title='bbox 1325 654 1415 727; x_wconf 99' lang='lat' dir='ltr'>ad</span> <span class='ocrx_word' id='word_1_28' title='bbox 1468 654 1733 727; x_wconf 89' lang='lat' dir='ltr'>dictam</span> <span class='ocrx_word' id='word_1_29' title='bbox 1786 655 2160 727; x_wconf 85' lang='lat' dir='ltr'>ecclesiam</span> <span class='ocrx_word' id='word_1_30' title='bbox 2212 663 2635 745; x_wconf 89' lang='lat' dir='ltr'>vacantem,</span> <span class='ocrx_word' id='word_1_31' title='bbox 2686 657 2888 729; x_wconf 91' lang='lat' dir='ltr'>cuius</span> <span class='ocrx_word' id='word_1_32' title='bbox 2941 657 3233 730; x_wconf 92' lang='lat' dir='ltr'>electio-</span> 
     </span>
     <span class='ocr_line' id='line_1_5' title="bbox 561 764 3225 860; baseline 0.002 -24"><span class='ocrx_word' id='word_1_33' title='bbox 561 782 728 837; x_wconf 90' lang='lat' dir='ltr'>nem</span> <span class='ocrx_word' id='word_1_34' title='bbox 782 783 866 837; x_wconf 90' lang='lat' dir='ltr'>ac</span> <span class='ocrx_word' id='word_1_35' title='bbox 915 766 1481 856; x_wconf 89' lang='lat' dir='ltr'>deputationem,</span> <span class='ocrx_word' id='word_1_36' title='bbox 1540 768 1603 837; x_wconf 92' lang='lat' dir='ltr'>si</span> <span class='ocrx_word' id='word_1_37' title='bbox 1653 784 1813 838; x_wconf 90' lang='lat' dir='ltr'>eam</span> <span class='ocrx_word' id='word_1_38' title='bbox 1865 765 2297 857; x_wconf 80' lang='lat' dir='ltr'><strong>Capitulum,</strong></span> <span class='ocrx_word' id='word_1_39' title='bbox 2354 764 2462 840; x_wconf 89' lang='lat' dir='ltr'>vel</span> <span class='ocrx_word' id='word_1_40' title='bbox 2515 768 2728 857; x_wconf 78' lang='lat' dir='ltr'>aliuS,</span> <span class='ocrx_word' id='word_1_41' title='bbox 2796 769 2901 840; x_wconf 93' lang='lat' dir='ltr'>uti</span> <span class='ocrx_word' id='word_1_42' title='bbox 2948 787 3168 860; x_wconf 89' lang='lat' dir='ltr'>supra</span> <span class='ocrx_word' id='word_1_43' title='bbox 3203 821 3225 858; x_wconf 94' lang='lat'>,</span> 
     </span>
     <span class='ocr_line' id='line_1_6' title="bbox 559 878 3232 972; baseline 0.001 -23"><span class='ocrx_word' id='word_1_44' title='bbox 559 895 901 969; x_wconf 79' lang='lat' dir='ltr'>peragere</span> <span class='ocrx_word' id='word_1_45' title='bbox 937 878 1521 972; x_wconf 80' lang='lat' dir='ltr'>praesumpserit,</span> <span class='ocrx_word' id='word_1_46' title='bbox 1562 896 1956 966; x_wconf 78' lang='lat' dir='ltr'>cassamus,</span> <span class='ocrx_word' id='word_1_47' title='bbox 1997 878 2484 968; x_wconf 82' lang='lat' dir='ltr'>annullamuS,</span> <span class='ocrx_word' id='word_1_48' title='bbox 2526 884 2598 951; x_wconf 92' lang='lat' dir='ltr'>et</span> <span class='ocrx_word' id='word_1_49' title='bbox 2632 881 2922 952; x_wconf 90' lang='lat' dir='ltr'>omnino</span> <span class='ocrx_word' id='word_1_50' title='bbox 2958 881 3232 952; x_wconf 88' lang='lat' dir='ltr'>irritam</span> 
     </span>
     <span class='ocr_line' id='line_1_7' title="bbox 563 989 1038 1061; baseline -0.004 0"><span class='ocrx_word' id='word_1_51' title='bbox 563 989 1038 1061; x_wconf 78' lang='lat' dir='ltr'>declaramus,</span> 
     </span>
    </p>

    <p class='ocr_par' dir='ltr' id='par_1_3' title="bbox 561 1099 3254 2871">
     <span class='ocr_line' id='line_1_8' title="bbox 711 1099 3235 1193; baseline 0.002 -20"><span class='ocrx_word' id='word_1_52' title='bbox 711 1126 750 1172; x_wconf 85' lang='lat'>›</span> <span class='ocrx_word' id='word_1_53' title='bbox 790 1100 1226 1175; x_wconf 85' lang='lat' dir='ltr'>Confidimus</span> <span class='ocrx_word' id='word_1_54' title='bbox 1260 1109 1528 1191; x_wconf 89' lang='lat' dir='ltr'>autem,</span> <span class='ocrx_word' id='word_1_55' title='bbox 1562 1099 1989 1193; x_wconf 84' lang='lat' dir='ltr'>Dignitates,</span> <span class='ocrx_word' id='word_1_56' title='bbox 2030 1108 2101 1173; x_wconf 91' lang='lat' dir='ltr'>et</span> <span class='ocrx_word' id='word_1_57' title='bbox 2136 1100 2527 1176; x_wconf 86' lang='lat' dir='ltr'>Canonicos</span> <span class='ocrx_word' id='word_1_58' title='bbox 2560 1102 3081 1176; x_wconf 77' lang='lat' dir='ltr'>cathedralium</span> <span class='ocrx_word' id='word_1_59' title='bbox 3116 1122 3235 1177; x_wconf 85' lang='lat' dir='ltr'>eo-</span> 
     </span>
     <span class='ocr_line' id='line_1_9' title="bbox 562 1213 3235 1308; baseline 0.001 -22"><span class='ocrx_word' id='word_1_60' title='bbox 562 1213 940 1287; x_wconf 90' lang='lat' dir='ltr'>clesiarum</span> <span class='ocrx_word' id='word_1_61' title='bbox 976 1216 1414 1303; x_wconf 76' lang='lat' dir='ltr'>vacantium,</span> <span class='ocrx_word' id='word_1_62' title='bbox 1455 1233 1539 1286; x_wconf 90' lang='lat' dir='ltr'>ac</span> <span class='ocrx_word' id='word_1_63' title='bbox 1574 1215 1760 1303; x_wconf 91' lang='lat' dir='ltr'>illos,</span> <span class='ocrx_word' id='word_1_64' title='bbox 1793 1214 1946 1305; x_wconf 93' lang='lat' dir='ltr'>qui,</span> <span class='ocrx_word' id='word_1_65' title='bbox 1979 1214 2483 1288; x_wconf 83' lang='lat' dir='ltr'>deficientibus</span> <span class='ocrx_word' id='word_1_66' title='bbox 2511 1214 2884 1308; x_wconf 88' lang='lat' dir='ltr'>Capitulis,</span> <span class='ocrx_word' id='word_1_67' title='bbox 2914 1213 3235 1290; x_wconf 80' lang='lat' dir='ltr'>vicarios</span> 
     </span>
     <span class='ocr_line' id='line_1_10' title="bbox 563 1325 3239 1420; baseline 0 -21"><span class='ocrx_word' id='word_1_68' title='bbox 563 1325 945 1416; x_wconf 89' lang='lat' dir='ltr'>deputant,</span> <span class='ocrx_word' id='word_1_69' title='bbox 987 1335 1112 1400; x_wconf 89' lang='lat' dir='ltr'>aut</span> <span class='ocrx_word' id='word_1_70' title='bbox 1148 1334 1489 1399; x_wconf 87' lang='lat' dir='ltr'>vacantes</span> <span class='ocrx_word' id='word_1_71' title='bbox 1524 1327 1863 1399; x_wconf 88' lang='lat' dir='ltr'>ecclesias</span> <span class='ocrx_word' id='word_1_72' title='bbox 1908 1328 2219 1420; x_wconf 84' lang='lat' dir='ltr'>legitime</span> <span class='ocrx_word' id='word_1_73' title='bbox 2255 1327 2785 1412; x_wconf 80' lang='lat' dir='ltr'>administrant,</span> <span class='ocrx_word' id='word_1_74' title='bbox 2847 1328 3057 1419; x_wconf 89' lang='lat' dir='ltr'>plene</span> <span class='ocrx_word' id='word_1_75' title='bbox 3108 1347 3239 1400; x_wconf 82' lang='lat' dir='ltr'>ex-</span> 
     </span>
     <span class='ocr_line' id='line_1_11' title="bbox 563 1434 3236 1529; baseline 0.001 -20"><span class='ocrx_word' id='word_1_76' title='bbox 563 1444 996 1527; x_wconf 90' lang='lat' dir='ltr'>sequuturos</span> <span class='ocrx_word' id='word_1_77' title='bbox 1032 1456 1218 1526; x_wconf 92' lang='lat' dir='ltr'>quae</span> <span class='ocrx_word' id='word_1_78' title='bbox 1254 1436 1452 1509; x_wconf 88' lang='lat' dir='ltr'>hisce</span> <span class='ocrx_word' id='word_1_79' title='bbox 1487 1434 1761 1510; x_wconf 87' lang='lat' dir='ltr'>Nostris</span> <span class='ocrx_word' id='word_1_80' title='bbox 1813 1436 2103 1510; x_wconf 88' lang='lat' dir='ltr'>Litteris</span> <span class='ocrx_word' id='word_1_81' title='bbox 2140 1438 2499 1512; x_wconf 88' lang='lat' dir='ltr'>declarata</span> <span class='ocrx_word' id='word_1_82' title='bbox 2553 1444 2625 1511; x_wconf 93' lang='lat' dir='ltr'>et</span> <span class='ocrx_word' id='word_1_83' title='bbox 2677 1440 2961 1512; x_wconf 88' lang='lat' dir='ltr'>decreta</span> <span class='ocrx_word' id='word_1_84' title='bbox 3012 1446 3236 1529; x_wconf 88' lang='lat' dir='ltr'>sunt;</span> 
     </span>
     <span class='ocr_line' id='line_1_12' title="bbox 561 1546 3243 1640; baseline 0.001 -19"><span class='ocrx_word' id='word_1_85' title='bbox 561 1548 689 1621; x_wconf 88' lang='lat' dir='ltr'>ubi</span> <span class='ocrx_word' id='word_1_86' title='bbox 742 1567 935 1638; x_wconf 79' lang='lat' dir='ltr'>vero,</span> <span class='ocrx_word' id='word_1_87' title='bbox 977 1550 1169 1639; x_wconf 89' lang='lat' dir='ltr'>quod</span> <span class='ocrx_word' id='word_1_88' title='bbox 1206 1546 1397 1621; x_wconf 89' lang='lat' dir='ltr'>Deus</span> <span class='ocrx_word' id='word_1_89' title='bbox 1442 1556 1745 1639; x_wconf 90' lang='lat' dir='ltr'>avertat,</span> <span class='ocrx_word' id='word_1_90' title='bbox 1788 1567 1871 1622; x_wconf 90' lang='lat' dir='ltr'>ea</span> <span class='ocrx_word' id='word_1_91' title='bbox 1909 1550 2208 1640; x_wconf 80' lang='lat' dir='ltr'>exsequi</span> <span class='ocrx_word' id='word_1_92' title='bbox 2242 1550 2823 1640; x_wconf 83' lang='lat' dir='ltr'>detrectaverint,</span> <span class='ocrx_word' id='word_1_93' title='bbox 2865 1570 2949 1624; x_wconf 92' lang='lat' dir='ltr'>ac</span> <span class='ocrx_word' id='word_1_94' title='bbox 2982 1569 3243 1625; x_wconf 85' lang='lat' dir='ltr'>conce-</span> 
     </span>
     <span class='ocr_line' id='line_1_13' title="bbox 563 1659 3241 1753; baseline -0 -19"><span class='ocrx_word' id='word_1_95' title='bbox 563 1660 732 1734; x_wconf 89' lang='lat' dir='ltr'>dere</span> <span class='ocrx_word' id='word_1_96' title='bbox 786 1667 855 1733; x_wconf 93' lang='lat' dir='ltr'>et</span> <span class='ocrx_word' id='word_1_97' title='bbox 931 1659 1316 1732; x_wconf 81' lang='lat' dir='ltr'>transferre</span> <span class='ocrx_word' id='word_1_98' title='bbox 1387 1661 1462 1731; x_wconf 92' lang='lat' dir='ltr'>in</span> <span class='ocrx_word' id='word_1_99' title='bbox 1515 1662 1962 1733; x_wconf 90' lang='lat' dir='ltr'>nominatum</span> <span class='ocrx_word' id='word_1_100' title='bbox 2016 1667 2086 1733; x_wconf 88' lang='lat' dir='ltr'>et</span> <span class='ocrx_word' id='word_1_101' title='bbox 2151 1667 2692 1753; x_wconf 89' lang='lat' dir='ltr'>praesentatum</span> <span class='ocrx_word' id='word_1_102' title='bbox 2745 1662 2836 1747; x_wconf 80' lang='lat' dir='ltr'>ad</span> <span class='ocrx_word' id='word_1_103' title='bbox 2905 1662 3241 1734; x_wconf 89' lang='lat' dir='ltr'>eamdem</span> 
     </span>
     <span class='ocr_line' id='line_1_14' title="bbox 563 1772 3241 1864; baseline 0 -19"><span class='ocrx_word' id='word_1_104' title='bbox 563 1772 939 1845; x_wconf 86' lang='lat' dir='ltr'>ecclesiam</span> <span class='ocrx_word' id='word_1_105' title='bbox 989 1773 1145 1844; x_wconf 91' lang='lat' dir='ltr'>eius</span> <span class='ocrx_word' id='word_1_106' title='bbox 1195 1790 1465 1858; x_wconf 90' lang='lat' dir='ltr'>curam,</span> <span class='ocrx_word' id='word_1_107' title='bbox 1524 1773 1843 1864; x_wconf 83' lang='lat' dir='ltr'>regimen</span> <span class='ocrx_word' id='word_1_108' title='bbox 1895 1778 1965 1845; x_wconf 87' lang='lat' dir='ltr'>et</span> <span class='ocrx_word' id='word_1_109' title='bbox 2029 1773 2720 1846; x_wconf 89' lang='lat' dir='ltr'>administrationem</span> <span class='ocrx_word' id='word_1_110' title='bbox 2790 1773 2925 1847; x_wconf 89' lang='lat' dir='ltr'>sub</span> <span class='ocrx_word' id='word_1_111' title='bbox 2979 1775 3241 1864; x_wconf 88' lang='lat' dir='ltr'>quovis</span> 
     </span>
     <span class='ocr_line' id='line_1_15' title="bbox 561 1883 3244 1977; baseline 0 -22"><span class='ocrx_word' id='word_1_112' title='bbox 561 1884 799 1971; x_wconf 89' lang='lat' dir='ltr'>titulo,</span> <span class='ocrx_word' id='word_1_113' title='bbox 856 1883 1172 1972; x_wconf 89' lang='lat' dir='ltr'>nomine,</span> <span class='ocrx_word' id='word_1_114' title='bbox 1232 1886 1558 1974; x_wconf 90' lang='lat' dir='ltr'>quaesito</span> <span class='ocrx_word' id='word_1_115' title='bbox 1609 1884 1841 1957; x_wconf 92' lang='lat' dir='ltr'>colore</span> <span class='ocrx_word' id='word_1_116' title='bbox 1894 1885 2050 1957; x_wconf 94' lang='lat' dir='ltr'>ausi</span> <span class='ocrx_word' id='word_1_117' title='bbox 2103 1885 2425 1973; x_wconf 86' lang='lat' dir='ltr'>luerint,</span> <span class='ocrx_word' id='word_1_118' title='bbox 2490 1892 2775 1977; x_wconf 88' lang='lat' dir='ltr'>praeter</span> <span class='ocrx_word' id='word_1_119' title='bbox 2823 1887 3244 1958; x_wconf 89' lang='lat' dir='ltr'>nullitatem</span> 
     </span>
     <span class='ocr_line' id='line_1_16' title="bbox 563 1996 3243 2088; baseline 0.001 -21"><span class='ocrx_word' id='word_1_120' title='bbox 563 1996 709 2067; x_wconf 90' lang='lat' dir='ltr'>iam</span> <span class='ocrx_word' id='word_1_121' title='bbox 763 1996 1121 2067; x_wconf 88' lang='lat' dir='ltr'>decretam</span> <span class='ocrx_word' id='word_1_122' title='bbox 1175 1996 1585 2086; x_wconf 88' lang='lat' dir='ltr'>praedictae</span> <span class='ocrx_word' id='word_1_123' title='bbox 1655 1998 2134 2070; x_wconf 90' lang='lat' dir='ltr'>concessionis</span> <span class='ocrx_word' id='word_1_124' title='bbox 2186 2004 2258 2069; x_wconf 92' lang='lat' dir='ltr'>et</span> <span class='ocrx_word' id='word_1_125' title='bbox 2326 1998 2819 2069; x_wconf 89' lang='lat' dir='ltr'>translationis</span> <span class='ocrx_word' id='word_1_126' title='bbox 2871 1996 3243 2088; x_wconf 81' lang='lat' dir='ltr'>praelatos</span> 
     </span>
     <span class='ocr_line' id='line_1_17' title="bbox 564 2104 3249 2199; baseline -0 -20"><span class='ocrx_word' id='word_1_127' title='bbox 564 2105 955 2179; x_wconf 90' lang='lat' dir='ltr'>Canonicos</span> <span class='ocrx_word' id='word_1_128' title='bbox 1009 2125 1093 2178; x_wconf 92' lang='lat' dir='ltr'>ac</span> <span class='ocrx_word' id='word_1_129' title='bbox 1144 2104 1543 2199; x_wconf 84' lang='lat' dir='ltr'>Dignitates</span> <span class='ocrx_word' id='word_1_130' title='bbox 1594 2108 2347 2180; x_wconf 84' lang='lat' dir='ltr'>excommunicationis</span> <span class='ocrx_word' id='word_1_131' title='bbox 2386 2109 2700 2197; x_wconf 79' lang='lat' dir='ltr'>maioriS,</span> <span class='ocrx_word' id='word_1_132' title='bbox 2739 2127 2874 2182; x_wconf 90' lang='lat' dir='ltr'>nec</span> <span class='ocrx_word' id='word_1_133' title='bbox 2909 2126 3055 2179; x_wconf 91' lang='lat' dir='ltr'>non</span> <span class='ocrx_word' id='word_1_134' title='bbox 3094 2108 3249 2199; x_wconf 91' lang='lat' dir='ltr'>pri-</span> 
     </span>
     <span class='ocr_line' id='line_1_18' title="bbox 565 2216 3242 2308; baseline 0 -17"><span class='ocrx_word' id='word_1_135' title='bbox 565 2221 874 2292; x_wconf 82' lang='lat' dir='ltr'>vationis</span> <span class='ocrx_word' id='word_1_136' title='bbox 926 2220 1284 2292; x_wconf 75' lang='lat' dir='ltr'>fructuum</span> <span class='ocrx_word' id='word_1_137' title='bbox 1338 2219 1978 2292; x_wconf 88' lang='lat' dir='ltr'>ecclesiasticorum</span> <span class='ocrx_word' id='word_1_138' title='bbox 2031 2216 2551 2291; x_wconf 80' lang='lat' dir='ltr'>Beneficiorum</span> <span class='ocrx_word' id='word_1_139' title='bbox 2592 2236 3242 2308; x_wconf 89' lang='lat' dir='ltr'>quorumcumque,</span> 
     </span>
     <span class='ocr_line' id='line_1_19' title="bbox 569 2328 3249 2423; baseline -0 -22"><span class='ocrx_word' id='word_1_140' title='bbox 569 2330 1011 2421; x_wconf 92' lang='lat' dir='ltr'>aliorumque</span> <span class='ocrx_word' id='word_1_141' title='bbox 1061 2332 1424 2403; x_wconf 91' lang='lat' dir='ltr'>redituum</span> <span class='ocrx_word' id='word_1_142' title='bbox 1476 2330 2118 2403; x_wconf 88' lang='lat' dir='ltr'>ecclesiasticorum</span> <span class='ocrx_word' id='word_1_143' title='bbox 2187 2348 2314 2421; x_wconf 91' lang='lat' dir='ltr'>per</span> <span class='ocrx_word' id='word_1_144' title='bbox 2365 2348 2487 2403; x_wconf 92' lang='lat' dir='ltr'>eos</span> <span class='ocrx_word' id='word_1_145' title='bbox 2537 2332 2930 2423; x_wconf 83' lang='lat' dir='ltr'>respective</span> <span class='ocrx_word' id='word_1_146' title='bbox 2982 2328 3249 2402; x_wconf 87' lang='lat' dir='ltr'>obten-</span> 
     </span>
     <span class='ocr_line' id='line_1_20' title="bbox 567 2441 3252 2534; baseline -0.001 -20"><span class='ocrx_word' id='word_1_147' title='bbox 567 2448 829 2529; x_wconf 91' lang='lat' dir='ltr'>torum,</span> <span class='ocrx_word' id='word_1_148' title='bbox 870 2443 1196 2516; x_wconf 86' lang='lat' dir='ltr'>similiter</span> <span class='ocrx_word' id='word_1_149' title='bbox 1245 2461 1328 2515; x_wconf 93' lang='lat' dir='ltr'>eo</span> <span class='ocrx_word' id='word_1_150' title='bbox 1381 2444 1534 2534; x_wconf 90' lang='lat' dir='ltr'>ipso</span> <span class='ocrx_word' id='word_1_151' title='bbox 1589 2441 2040 2516; x_wconf 82' lang='lat' dir='ltr'>incurrendis</span> <span class='ocrx_word' id='word_1_152' title='bbox 2093 2444 2342 2533; x_wconf 90' lang='lat' dir='ltr'>poenis</span> <span class='ocrx_word' id='word_1_153' title='bbox 2393 2441 2851 2531; x_wconf 87' lang='lat' dir='ltr'>innodamus,</span> <span class='ocrx_word' id='word_1_154' title='bbox 2908 2447 2980 2513; x_wconf 92' lang='lat' dir='ltr'>et</span> <span class='ocrx_word' id='word_1_155' title='bbox 3033 2441 3252 2512; x_wconf 87' lang='lat' dir='ltr'>inno-</span> 
     </span>
     <span class='ocr_line' id='line_1_21' title="bbox 568 2551 3251 2646; baseline -0.001 -18"><span class='ocrx_word' id='word_1_156' title='bbox 568 2555 776 2628; x_wconf 90' lang='lat' dir='ltr'>datos</span> <span class='ocrx_word' id='word_1_157' title='bbox 831 2554 975 2628; x_wconf 83' lang='lat' dir='ltr'>lore</span> <span class='ocrx_word' id='word_1_158' title='bbox 1028 2554 1479 2627; x_wconf 89' lang='lat' dir='ltr'>decernimus</span> <span class='ocrx_word' id='word_1_159' title='bbox 1514 2561 1584 2628; x_wconf 89' lang='lat' dir='ltr'>et</span> <span class='ocrx_word' id='word_1_160' title='bbox 1621 2555 2113 2644; x_wconf 82' lang='lat' dir='ltr'>declaramus3</span> <span class='ocrx_word' id='word_1_161' title='bbox 2171 2556 2636 2646; x_wconf 77' lang='lat' dir='ltr'>ipsarumque</span> <span class='ocrx_word' id='word_1_162' title='bbox 2674 2571 3071 2646; x_wconf 87' lang='lat' dir='ltr'>poenarum</span> <span class='ocrx_word' id='word_1_163' title='bbox 3109 2551 3251 2625; x_wconf 84' lang='lat' dir='ltr'>ab·</span> 
     </span>
     <span class='ocr_line' id='line_1_22' title="bbox 569 2663 3254 2757; baseline -0.001 -19"><span class='ocrx_word' id='word_1_164' title='bbox 569 2668 995 2739; x_wconf 89' lang='lat' dir='ltr'>solutionem</span> <span class='ocrx_word' id='word_1_165' title='bbox 1049 2686 1176 2739; x_wconf 90' lang='lat' dir='ltr'>seu</span> <span class='ocrx_word' id='word_1_166' title='bbox 1211 2668 1724 2739; x_wconf 85' lang='lat' dir='ltr'>relaxationem</span> <span class='ocrx_word' id='word_1_167' title='bbox 1778 2663 1999 2739; x_wconf 86' lang='lat' dir='ltr'>Nobis</span> <span class='ocrx_word' id='word_1_168' title='bbox 2034 2674 2105 2740; x_wconf 91' lang='lat' dir='ltr'>et</span> <span class='ocrx_word' id='word_1_169' title='bbox 2157 2664 2481 2739; x_wconf 85' lang='lat' dir='ltr'>Romano</span> <span class='ocrx_word' id='word_1_170' title='bbox 2518 2663 2843 2739; x_wconf 86' lang='lat' dir='ltr'>Pontifici</span> <span class='ocrx_word' id='word_1_171' title='bbox 2882 2683 3008 2757; x_wconf 93' lang='lat' dir='ltr'>pro</span> <span class='ocrx_word' id='word_1_172' title='bbox 3060 2671 3254 2737; x_wconf 89' lang='lat' dir='ltr'>tem-</span> 
     </span>
     <span class='ocr_line' id='line_1_23' title="bbox 570 2778 2546 2871; baseline -0.002 -20"><span class='ocrx_word' id='word_1_173' title='bbox 570 2797 739 2871; x_wconf 90' lang='lat' dir='ltr'>pore</span> <span class='ocrx_word' id='word_1_174' title='bbox 793 2780 1128 2852; x_wconf 80' lang='lat' dir='ltr'>existenti</span> <span class='ocrx_word' id='word_1_175' title='bbox 1183 2778 1559 2852; x_wconf 84' lang='lat' dir='ltr'>dumtaxat</span> <span class='ocrx_word' id='word_1_176' title='bbox 1610 2780 2017 2871; x_wconf 85' lang='lat' dir='ltr'>specialiter</span> <span class='ocrx_word' id='word_1_177' title='bbox 2065 2797 2546 2850; x_wconf 87' lang='lat' dir='ltr'>reservamus.</span> 
     </span>
    </p>

    <p class='ocr_par' dir='ltr' id='par_1_4' title="bbox 568 2888 3262 3651">
     <span class='ocr_line' id='line_1_24' title="bbox 719 2888 3248 2983; baseline -0 -22"><span class='ocrx_word' id='word_1_178' title='bbox 719 2917 755 2961; x_wconf 80' lang='lat'><strong>»</strong></span> <span class='ocrx_word' id='word_1_179' title='bbox 795 2888 883 2963; x_wconf 89' lang='lat' dir='ltr'>ln</span> <span class='ocrx_word' id='word_1_180' title='bbox 935 2893 1222 2965; x_wconf 89' lang='lat' dir='ltr'>easdem</span> <span class='ocrx_word' id='word_1_181' title='bbox 1292 2910 1560 2982; x_wconf 91' lang='lat' dir='ltr'>poenas</span> <span class='ocrx_word' id='word_1_182' title='bbox 1611 2892 1881 2982; x_wconf 89' lang='lat' dir='ltr'>pariter</span> <span class='ocrx_word' id='word_1_183' title='bbox 1948 2896 2345 2962; x_wconf 88' lang='lat' dir='ltr'>reservatas</span> <span class='ocrx_word' id='word_1_184' title='bbox 2398 2892 2551 2983; x_wconf 90' lang='lat' dir='ltr'>ipso</span> <span class='ocrx_word' id='word_1_185' title='bbox 2621 2889 2810 2961; x_wconf 81' lang='lat' dir='ltr'>facto</span> <span class='ocrx_word' id='word_1_186' title='bbox 2862 2890 3248 2960; x_wconf 89' lang='lat' dir='ltr'>incurrunt</span> 
     </span>
     <span class='ocr_line' id='line_1_25' title="bbox 570 3002 3246 3094; baseline -0.002 -20"><span class='ocrx_word' id='word_1_187' title='bbox 570 3004 921 3076; x_wconf 91' lang='lat' dir='ltr'>nominati</span> <span class='ocrx_word' id='word_1_188' title='bbox 973 3010 1045 3076; x_wconf 90' lang='lat' dir='ltr'>et</span> <span class='ocrx_word' id='word_1_189' title='bbox 1098 3003 1536 3094; x_wconf 90' lang='lat' dir='ltr'>praesentati</span> <span class='ocrx_word' id='word_1_190' title='bbox 1590 3003 1684 3074; x_wconf 88' lang='lat' dir='ltr'>ad</span> <span class='ocrx_word' id='word_1_191' title='bbox 1738 3008 2076 3074; x_wconf 79' lang='lat' dir='ltr'>vacantes</span> <span class='ocrx_word' id='word_1_192' title='bbox 2111 3002 2475 3090; x_wconf 88' lang='lat' dir='ltr'>ecclesias,</span> <span class='ocrx_word' id='word_1_193' title='bbox 2517 3003 2641 3091; x_wconf 92' lang='lat' dir='ltr'>qui</span> <span class='ocrx_word' id='word_1_194' title='bbox 2675 3019 2919 3073; x_wconf 90' lang='lat' dir='ltr'>earum</span> <span class='ocrx_word' id='word_1_195' title='bbox 2964 3011 3246 3086; x_wconf 90' lang='lat' dir='ltr'>curam,</span> 
     </span>
     <span class='ocr_line' id='line_1_26' title="bbox 568 3112 3255 3207; baseline -0.001 -22"><span class='ocrx_word' id='word_1_196' title='bbox 568 3117 884 3207; x_wconf 86' lang='lat' dir='ltr'>regimen</span> <span class='ocrx_word' id='word_1_197' title='bbox 922 3123 992 3188; x_wconf 88' lang='lat' dir='ltr'>et</span> <span class='ocrx_word' id='word_1_198' title='bbox 1045 3114 1738 3187; x_wconf 88' lang='lat' dir='ltr'>administrationem</span> <span class='ocrx_word' id='word_1_199' title='bbox 1775 3114 2136 3204; x_wconf 91' lang='lat' dir='ltr'>suscipere</span> <span class='ocrx_word' id='word_1_200' title='bbox 2190 3114 2462 3185; x_wconf 89' lang='lat' dir='ltr'>audent</span> <span class='ocrx_word' id='word_1_201' title='bbox 2505 3130 2593 3184; x_wconf 82' lang='lat' dir='ltr'>ex</span> <span class='ocrx_word' id='word_1_202' title='bbox 2644 3112 3136 3197; x_wconf 90' lang='lat' dir='ltr'>concessione,</span> <span class='ocrx_word' id='word_1_203' title='bbox 3178 3116 3255 3182; x_wconf 92' lang='lat' dir='ltr'>et</span> 
     </span>
     <span class='ocr_line' id='line_1_27' title="bbox 568 3221 3262 3318; baseline -0.002 -19"><span class='ocrx_word' id='word_1_204' title='bbox 568 3228 1039 3299; x_wconf 84' lang='lat' dir='ltr'>translatione</span> <span class='ocrx_word' id='word_1_205' title='bbox 1094 3246 1134 3295; x_wconf 88' lang='lat' dir='ltr'>a</span> <span class='ocrx_word' id='word_1_206' title='bbox 1188 3223 1673 3318; x_wconf 81' lang='lat' dir='ltr'>Dignitatibus</span> <span class='ocrx_word' id='word_1_207' title='bbox 1727 3233 1800 3297; x_wconf 93' lang='lat' dir='ltr'>et</span> <span class='ocrx_word' id='word_1_208' title='bbox 1850 3221 2226 3297; x_wconf 89' lang='lat' dir='ltr'>Canonicis</span> <span class='ocrx_word' id='word_1_209' title='bbox 2280 3224 2610 3314; x_wconf 88' lang='lat' dir='ltr'>aliisque,</span> <span class='ocrx_word' id='word_1_210' title='bbox 2652 3223 2741 3295; x_wconf 93' lang='lat' dir='ltr'>de</span> <span class='ocrx_word' id='word_1_211' title='bbox 2793 3221 3064 3313; x_wconf 89' lang='lat' dir='ltr'>quibus</span> <span class='ocrx_word' id='word_1_212' title='bbox 3129 3240 3262 3294; x_wconf 87' lang='lat' dir='ltr'>su·</span> 
     </span>
     <span class='ocr_line' id='line_1_28' title="bbox 569 3332 3257 3429; baseline -0.002 -20"><span class='ocrx_word' id='word_1_213' title='bbox 569 3356 728 3429; x_wconf 90' lang='lat' dir='ltr'>pra,</span> <span class='ocrx_word' id='word_1_214' title='bbox 770 3339 844 3409; x_wconf 93' lang='lat' dir='ltr'>in</span> <span class='ocrx_word' id='word_1_215' title='bbox 897 3356 1018 3410; x_wconf 92' lang='lat' dir='ltr'>eos</span> <span class='ocrx_word' id='word_1_216' title='bbox 1069 3345 1457 3428; x_wconf 87' lang='lat' dir='ltr'>peractam,</span> <span class='ocrx_word' id='word_1_217' title='bbox 1499 3356 1630 3410; x_wconf 91' lang='lat' dir='ltr'>nec</span> <span class='ocrx_word' id='word_1_218' title='bbox 1685 3356 1827 3409; x_wconf 94' lang='lat' dir='ltr'>non</span> <span class='ocrx_word' id='word_1_219' title='bbox 1881 3338 1955 3425; x_wconf 90' lang='lat' dir='ltr'>ii,</span> <span class='ocrx_word' id='word_1_220' title='bbox 2014 3337 2137 3426; x_wconf 92' lang='lat' dir='ltr'>qui</span> <span class='ocrx_word' id='word_1_221' title='bbox 2200 3337 2612 3427; x_wconf 88' lang='lat' dir='ltr'>praemissis</span> <span class='ocrx_word' id='word_1_222' title='bbox 2663 3334 3080 3428; x_wconf 90' lang='lat' dir='ltr'>paruerint,</span> <span class='ocrx_word' id='word_1_223' title='bbox 3139 3332 3257 3406; x_wconf 85' lang='lat' dir='ltr'>vel</span> 
     </span>
     <span class='ocr_line' id='line_1_29' title="bbox 573 3449 3253 3540; baseline -0.002 -18"><span class='ocrx_word' id='word_1_224' title='bbox 573 3450 949 3536; x_wconf 81' lang='lat' dir='ltr'>auxilium,</span> <span class='ocrx_word' id='word_1_225' title='bbox 990 3451 1367 3521; x_wconf 92' lang='lat' dir='ltr'>consilium</span> <span class='ocrx_word' id='word_1_226' title='bbox 1419 3457 1543 3522; x_wconf 89' lang='lat' dir='ltr'>aut</span> <span class='ocrx_word' id='word_1_227' title='bbox 1597 3449 1910 3521; x_wconf 79' lang='lat' dir='ltr'>favorem</span> <span class='ocrx_word' id='word_1_228' title='bbox 1974 3449 2506 3540; x_wconf 90' lang='lat' dir='ltr'>praestiterint,</span> <span class='ocrx_word' id='word_1_229' title='bbox 2565 3449 2911 3536; x_wconf 91' lang='lat' dir='ltr'>cuiusque</span> <span class='ocrx_word' id='word_1_230' title='bbox 2963 3450 3253 3533; x_wconf 81' lang='lat' dir='ltr'>statuS,</span> 
     </span>
     <span class='ocr_line' id='line_1_30' title="bbox 575 3558 2572 3651; baseline -0.003 -16"><span class='ocrx_word' id='word_1_231' title='bbox 575 3560 1031 3649; x_wconf 87' lang='lat' dir='ltr'>conditionis,</span> <span class='ocrx_word' id='word_1_232' title='bbox 1075 3562 1680 3651; x_wconf 86' lang='lat' dir='ltr'>praeeminentiae</span> <span class='ocrx_word' id='word_1_233' title='bbox 1733 3567 1803 3632; x_wconf 90' lang='lat' dir='ltr'>et</span> <span class='ocrx_word' id='word_1_234' title='bbox 1857 3559 2227 3651; x_wconf 84' lang='lat' dir='ltr'>dignitatis</span> <span class='ocrx_word' id='word_1_235' title='bbox 2282 3558 2572 3631; x_wconf 81' lang='lat' dir='ltr'>luerint.</span> 
     </span>
    </p>

    <p class='ocr_par' dir='ltr' id='par_1_5' title="bbox 571 3668 3261 3987">
     <span class='ocr_line' id='line_1_31' title="bbox 725 3668 3261 3763; baseline 0 -23"><span class='ocrx_word' id='word_1_236' title='bbox 725 3695 761 3739; x_wconf 83' lang='lat'>›</span> <span class='ocrx_word' id='word_1_237' title='bbox 802 3668 1174 3743; x_wconf 89' lang='lat' dir='ltr'>Praeterea</span> <span class='ocrx_word' id='word_1_238' title='bbox 1233 3673 1638 3743; x_wconf 92' lang='lat' dir='ltr'>nominatos</span> <span class='ocrx_word' id='word_1_239' title='bbox 1674 3678 1745 3743; x_wconf 94' lang='lat' dir='ltr'>et</span> <span class='ocrx_word' id='word_1_240' title='bbox 1784 3678 2278 3763; x_wconf 87' lang='lat' dir='ltr'>praesentatos</span> <span class='ocrx_word' id='word_1_241' title='bbox 2314 3672 2495 3757; x_wconf 90' lang='lat' dir='ltr'>iure,</span> <span class='ocrx_word' id='word_1_242' title='bbox 2536 3669 2729 3760; x_wconf 93' lang='lat' dir='ltr'>quod</span> <span class='ocrx_word' id='word_1_243' title='bbox 2781 3668 2886 3740; x_wconf 87' lang='lat' dir='ltr'>eis</span> <span class='ocrx_word' id='word_1_244' title='bbox 2938 3686 3069 3758; x_wconf 89' lang='lat' dir='ltr'>per</span> <span class='ocrx_word' id='word_1_245' title='bbox 3119 3687 3261 3740; x_wconf 89' lang='lat' dir='ltr'>no·</span> 
     </span>
     <span class='ocr_line' id='line_1_32' title="bbox 573 3780 3261 3876; baseline -0.002 -19"><span class='ocrx_word' id='word_1_246' title='bbox 573 3786 1042 3857; x_wconf 89' lang='lat' dir='ltr'>minationem</span> <span class='ocrx_word' id='word_1_247' title='bbox 1095 3791 1164 3856; x_wconf 92' lang='lat' dir='ltr'>et</span> <span class='ocrx_word' id='word_1_248' title='bbox 1220 3785 1876 3876; x_wconf 90' lang='lat' dir='ltr'>praesentationem</span> <span class='ocrx_word' id='word_1_249' title='bbox 1928 3783 2108 3856; x_wconf 75' lang='lat' dir='ltr'>torte</span> <span class='ocrx_word' id='word_1_250' title='bbox 2163 3784 2570 3873; x_wconf 90' lang='lat' dir='ltr'>quaesitum</span> <span class='ocrx_word' id='word_1_251' title='bbox 2624 3781 2873 3871; x_wconf 81' lang='lat' dir='ltr'>fuerit,</span> <span class='ocrx_word' id='word_1_252' title='bbox 2924 3780 3261 3853; x_wconf 91' lang='lat' dir='ltr'>decerni-</span> 
     </span>
     <span class='ocr_line' id='line_1_33' title="bbox 571 3897 1466 3987; baseline 0 -20"><span class='ocrx_word' id='word_1_253' title='bbox 571 3915 732 3969; x_wconf 92' lang='lat' dir='ltr'>mus</span> <span class='ocrx_word' id='word_1_254' title='bbox 783 3914 864 3968; x_wconf 91' lang='lat' dir='ltr'>eo</span> <span class='ocrx_word' id='word_1_255' title='bbox 919 3897 1071 3987; x_wconf 88' lang='lat' dir='ltr'>ipso</span> <span class='ocrx_word' id='word_1_256' title='bbox 1124 3897 1466 3986; x_wconf 86' lang='lat' dir='ltr'>privatos.</span> 
     </span>
    </p>

    <p class='ocr_par' dir='ltr' id='par_1_6' title="bbox 575 4002 3273 4432">
     <span class='ocr_line' id='line_1_34' title="bbox 728 4002 3266 4100; baseline -0.001 -23"><span class='ocrx_word' id='word_1_257' title='bbox 728 4033 764 4077; x_wconf 83' lang='lat'>›</span> <span class='ocrx_word' id='word_1_258' title='bbox 808 4006 880 4078; x_wconf 90' lang='lat' dir='ltr'>Si</span> <span class='ocrx_word' id='word_1_259' title='bbox 933 4026 1096 4079; x_wconf 88' lang='lat' dir='ltr'>vero</span> <span class='ocrx_word' id='word_1_260' title='bbox 1150 4008 1372 4097; x_wconf 87' lang='lat' dir='ltr'>aliqui</span> <span class='ocrx_word' id='word_1_261' title='bbox 1425 4027 1511 4080; x_wconf 81' lang='lat' dir='ltr'>ex</span> <span class='ocrx_word' id='word_1_262' title='bbox 1564 4006 1949 4100; x_wconf 89' lang='lat' dir='ltr'>praedictis</span> <span class='ocrx_word' id='word_1_263' title='bbox 2000 4002 2406 4098; x_wconf 90' lang='lat' dir='ltr'>Episcopali</span> <span class='ocrx_word' id='word_1_264' title='bbox 2477 4005 2886 4078; x_wconf 84' lang='lat' dir='ltr'>charactere</span> <span class='ocrx_word' id='word_1_265' title='bbox 2938 4004 3087 4075; x_wconf 92' lang='lat' dir='ltr'>sint</span> <span class='ocrx_word' id='word_1_266' title='bbox 3140 4004 3266 4075; x_wconf 89' lang='lat' dir='ltr'>in-</span> 
     </span>
     <span class='ocr_line' id='line_1_35' title="bbox 583 4114 3272 4216; baseline -0 -28"><span class='ocrx_word' id='word_1_267' title='bbox 583 4118 853 4216; x_wconf 84' lang='lat' dir='ltr'>signiti,</span> <span class='ocrx_word' id='word_1_268' title='bbox 911 4119 986 4189; x_wconf 92' lang='lat' dir='ltr'>in</span> <span class='ocrx_word' id='word_1_269' title='bbox 1037 4136 1345 4209; x_wconf 89' lang='lat' dir='ltr'>poenam</span> <span class='ocrx_word' id='word_1_270' title='bbox 1398 4120 1890 4210; x_wconf 91' lang='lat' dir='ltr'>suspensionis</span> <span class='ocrx_word' id='word_1_271' title='bbox 1926 4117 2016 4189; x_wconf 90' lang='lat' dir='ltr'>ab</span> <span class='ocrx_word' id='word_1_272' title='bbox 2055 4119 2393 4189; x_wconf 86' lang='lat' dir='ltr'>exercitio</span> <span class='ocrx_word' id='word_1_273' title='bbox 2444 4114 2995 4204; x_wconf 82' lang='lat' dir='ltr'>Pontificalium,</span> <span class='ocrx_word' id='word_1_274' title='bbox 3036 4120 3109 4186; x_wconf 84' lang='lat' dir='ltr'>et</span> <span class='ocrx_word' id='word_1_275' title='bbox 3150 4117 3272 4187; x_wconf 92' lang='lat' dir='ltr'>in-</span> 
     </span>
     <span class='ocr_line' id='line_1_36' title="bbox 575 4226 3273 4321; baseline -0.001 -20"><span class='ocrx_word' id='word_1_276' title='bbox 575 4230 860 4302; x_wconf 76' lang='lat' dir='ltr'>terdicti</span> <span class='ocrx_word' id='word_1_277' title='bbox 899 4229 990 4301; x_wconf 91' lang='lat' dir='ltr'>ab</span> <span class='ocrx_word' id='word_1_278' title='bbox 1046 4231 1368 4321; x_wconf 80' lang='lat' dir='ltr'>ingressu</span> <span class='ocrx_word' id='word_1_279' title='bbox 1406 4231 1750 4303; x_wconf 89' lang='lat' dir='ltr'>ecclesiae</span> <span class='ocrx_word' id='word_1_280' title='bbox 1794 4230 1949 4320; x_wconf 93' lang='lat' dir='ltr'>ipso</span> <span class='ocrx_word' id='word_1_281' title='bbox 2001 4227 2213 4317; x_wconf 81' lang='lat' dir='ltr'>lacto,</span> <span class='ocrx_word' id='word_1_282' title='bbox 2255 4228 2531 4318; x_wconf 86' lang='lat' dir='ltr'>absque</span> <span class='ocrx_word' id='word_1_283' title='bbox 2587 4228 2731 4299; x_wconf 91' lang='lat' dir='ltr'>ulla</span> <span class='ocrx_word' id='word_1_284' title='bbox 2769 4226 3273 4300; x_wconf 82' lang='lat' dir='ltr'>declaratione</span> 
     </span>
     <span class='ocr_line' id='line_1_37' title="bbox 580 4337 2092 4432; baseline 0 -22"><span class='ocrx_word' id='word_1_285' title='bbox 580 4339 934 4428; x_wconf 89' lang='lat' dir='ltr'>incidunt,</span> <span class='ocrx_word' id='word_1_286' title='bbox 979 4337 1052 4411; x_wconf 92' lang='lat' dir='ltr'>S.</span> <span class='ocrx_word' id='word_1_287' title='bbox 1095 4337 1257 4412; x_wconf 85' lang='lat' dir='ltr'>Sedi</span> <span class='ocrx_word' id='word_1_288' title='bbox 1316 4343 1580 4432; x_wconf 88' lang='lat' dir='ltr'>pariter</span> <span class='ocrx_word' id='word_1_289' title='bbox 1631 4347 2092 4412; x_wconf 85' lang='lat' dir='ltr'>reservatam.</span> 
     </span>
    </p>

    <p class='ocr_par' dir='ltr' id='par_1_7' title="bbox 581 4447 3276 4766">
     <span class='ocr_line' id='line_1_38' title="bbox 730 4447 3272 4542; baseline 0.002 -26"><span class='ocrx_word' id='word_1_290' title='bbox 730 4475 768 4516; x_wconf 80' lang='lat'><strong>›</strong></span> <span class='ocrx_word' id='word_1_291' title='bbox 812 4447 1115 4542; x_wconf 86' lang='lat' dir='ltr'>Insuper</span> <span class='ocrx_word' id='word_1_292' title='bbox 1169 4471 1666 4542; x_wconf 90' lang='lat' dir='ltr'>quaecumque</span> <span class='ocrx_word' id='word_1_293' title='bbox 1704 4474 1744 4523; x_wconf 89' lang='lat' dir='ltr'>a</span> <span class='ocrx_word' id='word_1_294' title='bbox 1783 4452 1886 4523; x_wconf 91' lang='lat' dir='ltr'>sic</span> <span class='ocrx_word' id='word_1_295' title='bbox 1921 4451 2306 4524; x_wconf 89' lang='lat' dir='ltr'>nominatis</span> <span class='ocrx_word' id='word_1_296' title='bbox 2360 4460 2431 4525; x_wconf 93' lang='lat' dir='ltr'>et</span> <span class='ocrx_word' id='word_1_297' title='bbox 2485 4451 2963 4542; x_wconf 86' lang='lat' dir='ltr'>praesentatis</span> <span class='ocrx_word' id='word_1_298' title='bbox 3017 4450 3090 4521; x_wconf 94' lang='lat' dir='ltr'>in</span> <span class='ocrx_word' id='word_1_299' title='bbox 3129 4450 3272 4522; x_wconf 89' lang='lat' dir='ltr'>ad-</span> 
     </span>
     <span class='ocr_line' id='line_1_39' title="bbox 582 4561 3265 4651; baseline 0.001 -21"><span class='ocrx_word' id='word_1_300' title='bbox 582 4561 1102 4634; x_wconf 87' lang='lat' dir='ltr'>ministratione</span> <span class='ocrx_word' id='word_1_301' title='bbox 1173 4565 1583 4635; x_wconf 79' lang='lat' dir='ltr'>vacantium</span> <span class='ocrx_word' id='word_1_302' title='bbox 1636 4564 2096 4636; x_wconf 87' lang='lat' dir='ltr'>ecclesiarum</span> <span class='ocrx_word' id='word_1_303' title='bbox 2151 4565 2446 4636; x_wconf 89' lang='lat' dir='ltr'>intrusis</span> <span class='ocrx_word' id='word_1_304' title='bbox 2498 4563 2721 4650; x_wconf 85' lang='lat' dir='ltr'>fiant,</span> <span class='ocrx_word' id='word_1_305' title='bbox 2787 4561 3265 4651; x_wconf 89' lang='lat' dir='ltr'>mandentur,</span> 
     </span>
     <span class='ocr_line' id='line_1_40' title="bbox 581 4673 3276 4766; baseline -0 -19"><span class='ocrx_word' id='word_1_306' title='bbox 581 4674 1060 4747; x_wconf 88' lang='lat' dir='ltr'>decernantur</span> <span class='ocrx_word' id='word_1_307' title='bbox 1109 4681 1180 4747; x_wconf 90' lang='lat' dir='ltr'>et</span> <span class='ocrx_word' id='word_1_308' title='bbox 1230 4677 1651 4749; x_wconf 89' lang='lat' dir='ltr'>ordinentur</span> <span class='ocrx_word' id='word_1_309' title='bbox 1702 4695 1864 4749; x_wconf 89' lang='lat' dir='ltr'>cum</span> <span class='ocrx_word' id='word_1_310' title='bbox 1917 4675 2254 4748; x_wconf 89' lang='lat' dir='ltr'>omnibus</span> <span class='ocrx_word' id='word_1_311' title='bbox 2303 4681 2376 4747; x_wconf 92' lang='lat' dir='ltr'>et</span> <span class='ocrx_word' id='word_1_312' title='bbox 2429 4674 2731 4766; x_wconf 82' lang='lat' dir='ltr'>singulis</span> <span class='ocrx_word' id='word_1_313' title='bbox 2777 4673 2946 4746; x_wconf 89' lang='lat' dir='ltr'>inde</span> <span class='ocrx_word' id='word_1_314' title='bbox 3000 4673 3276 4762; x_wconf 84' lang='lat' dir='ltr'>quovis</span> 
     </span>
    </p>
   </div>
  </div>
 </body>
</html>
