3497 5235
591 265 711 340 ⁰⁸1³·
737 265 809 325 11.
854 266 927 323 De
960 265 1227 340 lpiuoep,
1265 265 1674 340 hubini-copo.
1711 265 1943 324 Primte
1982 263 2041 322 ot
2078 263 2402 322 Potrimht.
2445 263 2499 336 ξ.
2525 262 2575 319 2.
2798 257 2918 322 167

389 402 512 474 55.
571 399 745 474 Cum
796 399 1194 494 Episcopus
1247 403 1490 476 visitat
1539 402 1688 474 loca
1744 401 2059 476 civitatis
2108 400 2222 473 vel
2273 398 2544 490 oppidi,
2585 397 2707 469 ubi
2745 398 2927 470 resi-

248 514 563 589 dentiam
616 515 1054 598 ordinariam
1109 514 1415 602 obtinet‚
1472 514 1651 585 nihil
1704 520 1938 605 potest
1989 513 2296 603 exigere.
2357 506 2533 581 Nam
2574 509 2648 581 id
2684 510 2926 582 decla-

247 634 474 700 ratum
531 626 802 717 pluries
852 625 1072 704 luisse
1141 632 1451 700 testatur
1503 624 1824 717 Fagnan.
1889 627 2058 717 C1p.
2116 621 2525 696 Venerabili
2579 621 2662 694 de
2717 620 2916 696 Gens.

248 735 601 812 Consonat
637 734 980 830 NicoliuS‚
1022 739 1144 828 qui
1184 738 1318 811 loc.
1362 739 1484 811 cit.
1544 738 1731 810 idem
1771 757 1811 808 a
1850 734 1924 809 S.
1956 734 2033 809 C.
2065 733 2307 827 Episc.
2347 743 2421 808 et
2454 731 2715 825 Regni.
2755 752 2926 805 con·

248 849 606 924 firmatum
662 851 881 924 luisse
917 850 1162 937 refert,
1203 851 1394 943 apud
1432 847 1737 941 Crispin.
1779 850 1917 921 loc.
1952 849 2073 921 cit.
2115 867 2190 920 n.
2225 848 2346 919 36.
2388 848 2613 920 Telese
2646 848 2768 919 21.
2803 841 2927 916 Iu-

249 963 340 1036 nii
393 963 652 1036 1590.:
714 988 752 1030 ‹
789 960 1052 1039 Caveat
1100 960 1524 1054 Episcopus,
1580 981 1673 1035 ne
1726 979 1854 1052 pro
1907 960 2283 1034 visitandis
2326 959 2697 1032 beneficiis
2731 959 2923 1030 intra

251 1098 284 1141 ›
316 1073 524 1147 urhis
555 1077 836 1148 moenia
864 1076 1273 1149 constitutis
1299 1074 1694 1165 quidquam
1727 1073 1993 1164 capiat.
2017 1073 2139 1145 27.
2166 1071 2569 1164 Aug.1603.
2591 1070 2918 1144 Nardo.»

247 1181 429 1267 Quae
485 1185 789 1277 quidem
840 1188 1307 1278 praescriptio
1341 1205 1551 1258 suam
1585 1187 1803 1258 etiam
1851 1186 1990 1257 vim
2028 1184 2276 1271 habet,
2317 1185 2603 1257 tametsi
2642 1184 2925 1255 adesset

249 1299 601 1369 contraria
654 1298 1143 1386 consuetudo;
1217 1298 1395 1372 haec
1448 1299 1637 1371 enim
1706 1297 2051 1389 abrogata
2104 1304 2214 1369 est
2265 1315 2306 1366 a
2358 1293 2668 1367 Concilio
2721 1291 2917 1367 Trid.

249 1405 427 1481 Sess.
470 1409 600 1480 24.
643 1429 709 1480 c.
751 1411 823 1481 3.
863 1408 952 1483 de
988 1407 1185 1499 Rei„
1234 1413 1406 1500 Cap.
1444 1406 1854 1482 Venerabili
1908 1407 1991 1480 de
2031 1407 2414 1489 censibus„
2449 1402 2675 1478 Nicol.
2717 1408 2920 1481 Man.

248 1518 474 1610 Episc.
537 1520 758 1593 verbo
821 1521 1147 1595 Visitatio
1200 1541 1274 1592 n.
1318 1523 1440 1593 45.
1500 1522 1692 1612 apud
1744 1519 1972 1610 Crisp.
2030 1519 2167 1591 loc.
2208 1520 2331 1593 cit.

383 1633 512 1705 56.
575 1629 662 1705 In
717 1633 1187 1706 Volaterrana
1243 1635 1359 1705 13.
1402 1629 1744 1705 Novemb.
1794 1632 2009 1703 1638.
2068 1627 2231 1727 (lib.
2281 1631 2397 1703 16.
2439 1629 2704 1702 decret.
2752 1630 2917 1701 116.

248 1763 280 1815 a
329 1741 568 1841 tergo)
621 1747 697 1818 S.
738 1745 814 1817 C.
854 1744 1146 1819 Concilii
1197 1748 1479 1821 censuit
1534 1770 1572 1812 ι
1603 1741 1956 1839 Episcopo
2007 1745 2326 1817 visitanti
2366 1743 2736 1816 ecclesiam
2778 1760 2925 1814 mo·

250 1881 281 1922 v
315 1856 656 1943 nialium,
711 1858 774 1929 si
826 1859 898 1928 in
934 1876 1017 1930 ea
1055 1877 1198 1930 non
1245 1859 1436 1930 adsit
1486 1857 1946 1944 beneficium,
2003 1875 2150 1946 non
2203 1855 2447 1929 deberi
2487 1855 2928 1946 procuratio-

249 1991 282 2035 >
316 1986 513 2055 nem,
574 1986 704 2040 seu
757 1986 1111 2060 expensas
1160 1969 1579 2043 victualium
1632 1964 1771 2064 (1).
1817 1994 1855 2034 ι

378 2081 507 2151 57.
567 2077 906 2163 Quamvis
958 2082 1157 2153 iuxta
1210 2078 1425 2153 Conc.
1468 2077 1660 2153 Trid.
1702 2087 1948 2152 contra
1991 2077 2426 2170 Episcopum
2479 2079 2923 2152 valeatcon-

246 2191 547 2265 suetudo
601 2193 1026 2268 universalis
1093 2211 1233 2265 non
1304 2194 1625 2265 solvendi
1695 2194 2306 2284 procurationem,
2361 2198 2434 2264 et
2494 2189 2971 2266 visitationis,

245 2319 624 2395 expensas,
682 2311 998 2378 attamen
1053 2306 1495 2380 consuetudo
1548 2306 2003 2397 particularis
2054 2322 2197 2376 non
2248 2305 2644 2376 sustinetur
2677 2308 2926 2374 contra

242 2423 637 2503 consortes,
696 2418 988 2507 quando
1040 2419 1376 2489 nimirum
1432 2417 1584 2488 loca
1637 2417 1880 2507 aliqua
1934 2418 2081 2508 pia,
2122 2434 2308 2507 quae
2348 2416 2922 2507 procurationem

245 2525 377 2599 iam
430 2528 760 2615 solvunt,
818 2536 1094 2602 certant
1147 2537 1395 2602 contra
1450 2529 1590 2600 alia
1644 2529 1800 2601 loca
1857 2530 2003 2621 pia,
2043 2547 2227 2620 quae
2263 2529 2535 2600 solvere
2576 2544 2715 2598 non
2754 2545 2924 2598 con-

241 2650 662 2715 sueverunt.
703 2637 814 2714 Ita
867 2644 940 2714 S.
982 2641 1058 2713 C.
1098 2641 1312 2715 Conc.
1355 2643 1432 2713 in
1476 2642 1790 2715 Pientin.
1830 2643 1953 2713 29.
1986 2638 2333 2713 Novemb.
2381 2641 2628 2728 1756„
2659 2640 2914 2731 Aquip.

241 2751 356 2823 21.
397 2752 631 2843 April.
680 2753 928 2841 1787.,
968 2753 1294 2826 Nursina
1345 2756 1420 2825 8.
1463 2751 1625 2825 Maii
1667 2754 1884 2827 1824.
1942 2751 2117 2825 Tum
2171 2753 2362 2825 enim
2417 2754 2671 2825 eadem
2723 2753 2795 2823 S.
2839 2749 2915 2824 C.

240 2865 418 2955 cogit
470 2865 656 2936 haec
705 2864 985 2952 ultima,
1041 2872 1123 2938 ut
1177 2885 1322 2938 una
1377 2884 1541 2938 cum
1577 2867 1825 2957 primis
1875 2871 2303 2938 concurrant
2353 2864 2426 2935 in
2483 2862 2918 2954 praestanda

237 2978 768 3066 procuratione,
803 2994 989 3066 quae
1016 2974 1366 3068 Episcopo
1396 2979 1717 3050 visitanti
1746 2977 2075 3050 debetur.
2109 2973 2220 3050 Ita
2248 2977 2324 3046 in
2356 2975 2662 3066 Siqnina
2688 2974 2761 3044 2.
2785 2974 2924 3045 Διι-

240 3091 421 3178 gusti
457 3090 677 3161 1670.
712 3084 874 3181 (lib.
906 3090 1023 3162 19.
1059 3092 1327 3162 decret.
1364 3087 1666 3186 p.399.)
1696 3107 1882 3179 quae
1919 3090 2217 3161 refertur
2252 3090 2324 3158 in
2364 3087 2528 3158 folio
2561 3086 2915 3178 Senoqnll.

239 3198 544 3273 Procur.
593 3201 710 3272 14.
753 3199 919 3273 Dec.
956 3202 1173 3274 1765.
1213 3199 1288 3296 ἓ.
1331 3205 1405 3276 S.
1443 3202 1698 3295 Conq„
1734 3209 1807 3274 et
1842 3203 1915 3273 in
1957 3202 2166 3276 Civit.
2212 3201 2402 3275 Cast.
2449 3198 2656 3270 Proc.
2698 3199 2772 3270 9.
2808 3193 2925 3269 Ia-

237 3313 469 3384 nuarii
513 3312 769 3397 1734„
828 3314 899 3384 in
954 3331 1098 3403 qua
1149 3315 1240 3385 ad
1293 3315 1600 3405 primum
1640 3314 1939 3387 dubium
1977 3314 2352 3386 edixerat:
2414 3335 2452 3377 ‹
2495 3312 2717 3384 teneri
2752 3329 2925 3384 con·

236 3421 810 3497 »fraternitates
861 3430 933 3496 et
987 3425 1138 3497 loca
1184 3427 1298 3516 pia
1337 3422 1627 3499 Gallesii
1683 3427 1774 3497 ad
1828 3423 2427 3497 contributionem
2484 3423 2922 3514 procuratio-

236 3557 276 3600 »
313 3534 430 3607 nis
468 3554 561 3623 »3
618 3537 980 3626 proposito
1032 3538 1348 3609 secundo
1383 3537 1645 3609 dubio:
1706 3560 1745 3603 ι
1783 3536 1887 3608 An
1937 3536 2175 3610 obstet
2229 3537 2585 3608 conlraria
2622 3552 2926 3608 consue-

235 3668 275 3709 »
313 3640 541 3718 tudo?
582 3672 622 3714 »
696 3648 1109 3735 rescripsit:
1189 3672 1227 3714 ι
1268 3644 1637 3736 Negative.
1674 3673 1712 3716 »
1786 3645 2142 3720 Consonat
2196 3648 2466 3720 Fanen.
2537 3647 2914 3719 Procurat.

227 3756 356 3828 24.
399 3757 706 3848 Augusti
749 3758 962 3830 1743.
1022 3778 1303 3833 necnon
1349 3761 1795 3835 camerinen.
1841 3760 2219 3834 Procurat.
2279 3762 2349 3832 7.
2392 3757 2791 3850 Septemb„
2848 3764 2922 3830 et

227 3871 359 3943 33.
401 3866 754 3942 Novemb.
799 3871 1050 3958 1793.,
1107 3860 1506 3947 Ariminen.
1564 3874 1688 3945 27.
1728 3870 1897 3945 Maii
1955 3875 2171 3945 1837.

383 3982 508 4054 58.
563 3978 720 4055 Etsi
770 3982 940 4055 olim
995 3980 1068 4054 S.
1110 3980 1186 4055 C.
1244 3985 1683 4057 declarasset
1733 4003 1942 4075 passe
1997 3982 2428 4076 Episcopum
2484 3982 2924 4073 procuratio-

221 4108 402 4165 nem
454 4093 764 4184 exigere,
818 4112 980 4167 cum
1036 4096 1128 4166 ad
1179 4091 1756 4169 Confirmationis
1817 4096 2357 4169 Sacramentum
2412 4095 2922 4166 administran-

222 4201 411 4275 dum
463 4203 758 4293 aliquod
811 4204 1160 4277 dioecesis
1213 4209 1555 4299 oppidum
1609 4209 1816 4299 petit,
1872 4210 1930 4280 si
1986 4209 2173 4281 adsit
2215 4204 2686 4295 consuetudo,
2726 4213 2807 4277 ut
2843 4207 2918 4277 in

376 4502 459 4575 (1)
496 4508 573 4560 Ut
611 4508 740 4559 haec
781 4508 1057 4559 resolutio
1095 4509 1430 4561 concilietur
1466 4525 1588 4562 cnm
1628 4511 1746 4562 alia.
1787 4528 1841 4562 n.
1872 4512 1960 4574 48,
2006 4513 2239 4576 supponi
2278 4512 2460 4575 debet,
2494 4510 2633 4578 qnod
2671 4512 2829 4564 alind
2859 4512 2924 4563 de

218 4593 602 4643 monasteriis
625 4594 972 4657 monialium,
1006 4592 1164 4643 aliud
1196 4592 1260 4643 de
1286 4609 1475 4644 earnm
1501 4596 1760 4647 ecclesiis
1790 4596 2145 4648 iudicandum
2174 4598 2276 4648 sit.
2308 4597 2708 4663 Inquirendum
2735 4602 2922 4650 tamen

216 4681 336 4740 est,
385 4690 465 4729 an
499 4677 618 4729 alia
655 4682 917 4743 suppetat
958 4678 1057 4728 via
1095 4677 1181 4729 rei
1220 4677 1449 4729 huiusce
1485 4680 1893 4733 conciliandae.
