3497 5235
529 343 667 407 502.
1296 344 1664 405 Instructionin
1705 345 1759 403 S.
1788 344 1972 419 Congr.
2000 343 2147 403 Ocno.
2186 341 2457 419 expositio.

536 479 937 553 clericalem
988 481 1137 552 sive
1188 487 1351 553 actu
1409 481 1562 571 ipso
1619 480 2056 567 vocationis,
2113 497 2240 552 seu
2293 485 2610 569 tempore
2664 477 3208 566 nominationis,

532 591 644 663 vel
701 592 1325 681 praesentationis,
1369 609 1496 662 seu
1550 591 1949 663 collationis
1986 592 2329 680 requirat.
2389 585 2701 661 Huiusce
2739 590 2841 660 rei
2877 587 3213 659 conside·-

532 704 716 775 ratio
754 721 1091 795 magnum
1129 710 1567 775 momentum
1609 721 1692 774 ac
1731 701 2013 793 pondus
2049 701 2297 789 babet,
2339 706 2491 772 tum
2526 700 3005 792 potissimum,
3045 718 3210 771 cum

534 812 873 885 fundator
924 814 1033 885 ius
1085 815 1447 905 passivum
1504 814 1597 886 ad
1649 812 2079 885 beneficium
2134 833 2174 884 a
2228 830 2302 884 se
2355 819 2669 885 erectum
2723 817 2915 884 certo
2963 811 3210 902 generi

533 940 997 1014 personarum
1054 927 1482 1012 reservavit,
1559 925 1806 997 addita
1867 923 2273 996 conditione
2343 924 2755 1012 clericatus,
2832 942 2977 1013 qua
3029 921 3217 993 defi-

535 1036 793 1122 ciente,
851 1034 1348 1108 substitutioni
1400 1035 1599 1108 locus
1647 1037 1741 1110 sit
1793 1038 1866 1108 iu
1921 1037 2234 1108 favorem
2288 1036 2581 1107 alterius
2637 1037 2916 1126 generis
2967 1052 3217 1125 perso-

533 1164 817 1217 narum.
875 1142 967 1218 Et
1017 1164 1190 1219 sane
1241 1148 1301 1219 si
1353 1164 1418 1218 e.
1464 1168 1530 1239 g.
1575 1148 1650 1219 in
1706 1147 1970 1219 familia
2008 1148 2237 1240 primo
2288 1155 2538 1219 vocata
2575 1147 2873 1220 clericus
2907 1164 2993 1218 eo
3031 1153 3213 1218 tem-

533 1258 725 1349 poris
781 1276 923 1328 non
993 1259 1242 1346 adest,
1322 1267 1392 1330 et
1445 1259 1653 1332 adest
1714 1261 1788 1330 in
1855 1258 2126 1331 familia
2189 1259 2504 1330 secundo
2557 1264 2856 1346 vocata,
2930 1259 3212 1329 seclusa

533 1374 1072 1466 dispensatione
1125 1372 1526 1461 Pontificia,
1583 1391 2098 1465 saepenumero
2151 1373 2373 1442 oritur
2424 1369 2779 1460 quaesti0‚
2813 1388 2907 1439 an
2941 1368 3216 1440 substi-

532 1486 789 1557 tutioni
846 1485 1043 1557 locus
1095 1484 1328 1556 factus
1381 1483 1621 1571 fuerit,
1684 1485 1989 1573 ideoque
2052 1483 2347 1555 clericus
2401 1481 2713 1552 familiae
2767 1478 3216 1552 substitutae

531 1596 621 1668 ad
674 1595 1102 1667 beneficium
1157 1596 1267 1666 ius
1320 1594 1669 1667 obtineat.
1727 1590 1813 1666 Iu
1869 1595 2001 1667 boc
2053 1595 2267 1685 igitur
2331 1599 2788 1684 argumeut0‚
2864 1596 2945 1662 ut
2999 1608 3216 1663 omne

528 1706 762 1778 litium
820 1724 1108 1797 germen
1164 1712 1603 1797 amputetur,
1660 1712 1934 1777 attente
1989 1705 2243 1796 inspici
2298 1703 2540 1791 debet,
2582 1722 2724 1794 quo
2760 1703 2848 1774 de
2890 1709 3213 1792 tempore

529 1818 868 1907 loquatur
932 1817 1315 1888 fundator:
1374 1836 1542 1888 nam
1600 1840 1634 1882 α
1668 1818 1981 1909 qualitas
2030 1811 2167 1908 (uti
2219 1834 2594 1889 commune
2648 1814 2785 1886 fert
2837 1808 3216 1908 adagium)

534 1952 573 1996 ι»
615 1928 892 2000 adiecta
960 1929 1162 2000 verbo
1238 1930 1594 2018 verificari
1662 1930 1854 2002 debet
1904 1936 2205 2021 tempore
2254 1929 2470 2001 verbi.
2508 1950 2545 1995 ›
2603 1924 2857 2015 ltaque
2928 1925 3218 2017 egregie

534 2037 608 2111 S.
649 2037 903 2130 Congr.
946 2038 1156 2112 Conc.
1218 2041 1292 2112 in
1345 2042 1770 2115 Milevitana
1839 2043 2106 2115 Canon.
2163 2041 2282 2111 22.
2326 2038 2535 2112 Febr.
2583 2039 2796 2110 1845.
2837 2035 2911 2133 ἓ.
2956 2037 3213 2110 ultima

534 2152 662 2222 ait:
729 2174 763 2216 α
804 2148 1123 2225 Tradunt
1174 2157 1646 2226 communiter
1697 2172 2059 2225 sacrorum
2113 2172 2468 2225 canonum
2505 2152 2856 2239 doctores,
2898 2152 3216 2240 quatita-

539 2285 576 2330 »
617 2271 758 2335 tem
815 2262 1026 2334 verbo
1080 2265 1430 2336 adiectam
1487 2260 1622 2360 (uti
1678 2272 1789 2337 est
1840 2266 2153 2354 qualitas
2206 2263 2747 2357 presbyteralis)
2786 2264 3212 2335 adiunctam

538 2398 576 2444 ›
616 2376 888 2447 censeri
943 2377 1077 2467 ipsi
1133 2375 1348 2447 verbo
1401 2377 1598 2447 iuxta
1655 2383 1940 2470 tempus
1993 2377 2209 2447 illius.
2268 2374 2498 2457 Quare
2538 2374 3066 2465 inspiciendum
3101 2379 3217 2445 est

536 2509 575 2553 ν
618 2485 958 2574 verbum,
1015 2506 1189 2558 num
1241 2489 1333 2561 sit
1387 2508 1692 2571 vacare,
1737 2495 2227 2580 praesentare,
2282 2488 2599 2576 conferre
2650 2492 2720 2558 et
2772 2486 3080 2571 similia,
3137 2489 3220 2557 et

536 2622 575 2666 ν
618 2603 790 2670 tunc
860 2599 1171 2688 qualitas
1241 2602 1629 2691 requiritur
1697 2606 2013 2691 tempore
2085 2601 2156 2671 in
2211 2598 2429 2672 verbo
2481 2616 2843 2689 expresSO.
2916 2596 3208 2686 Abbas,

538 2732 575 2777 ›
615 2706 925 2782 Massob.
986 2718 1055 2783 et
1106 2708 1393 2786 Garcias
1463 2714 1547 2786 de
1597 2714 1752 2785 ben.
1786 2732 1861 2804 p.
1906 2712 1977 2784 7.
2018 2732 2175 2804 cap.
2222 2710 2291 2783 1.
2334 2731 2408 2782 n.
2452 2708 2573 2782 58.
2614 2718 2675 2783 et
2729 2730 2868 2801 seq.
2924 2735 2961 2775 »
3016 2706 3215 2790 Qua-

532 2826 819 2914 propter
855 2823 927 2893 in
966 2823 1218 2894 eadem
1273 2843 1487 2896 causa
1527 2822 1964 2911 Milevitana‚
2003 2843 2164 2897 cum
2206 2829 2502 2896 testator
2535 2823 3070 2905 canonicatum,
3112 2820 3210 2892 de

533 2952 677 3023 quo
730 2952 842 3005 res
894 2943 1071 3025 erat,
1132 2938 1233 3008 eis
1287 2939 1610 3009 iussisset
1661 2938 2005 3026 conferri,
2041 2938 2163 3028 qui
2216 2943 2380 3009 actu
2430 2942 2597 3007 sunt
2649 2935 2724 3004 in
2762 2953 2967 3004 sacro
3013 2951 3213 3024 pres-

534 3045 887 3136 byteratus
930 3047 1195 3121 Ordine
1247 3049 1643 3130 constituti,
1697 3055 1767 3121 et
1822 3055 2328 3139 quaereretur:
2389 3070 2426 3112 «ι
2457 3046 2565 3117 An
2605 3051 2677 3117 et
2712 3063 2853 3134 quo
2890 3050 3213 3136 tempore

538 3179 577 3223 ν
620 3159 931 3247 qualitas
967 3160 1354 3233 sacerdotis
1409 3163 1815 3249 requiratur
1866 3160 1937 3231 in
1994 3154 2211 3231 casu?
2245 3184 2282 3224 »
2340 3156 2413 3229 S.
2456 3155 2530 3228 C.
2575 3157 2690 3230 die
2728 3156 2915 3227 dicta
2958 3154 3209 3226 rescri-

533 3271 717 3359 psit:
780 3294 817 3336 «ι
855 3270 1286 3344 Affirmative
1355 3272 1443 3343 de
1498 3279 1815 3362 tempore
1880 3271 2303 3343 collationis.
2357 3294 2395 3338 >
2450 3265 2542 3340 Et
2593 3267 3038 3358 reproposita
3092 3266 3206 3337 die

539 3381 657 3451 14.
701 3379 907 3453 Febr.
958 3384 1171 3455 1846.
1228 3385 1417 3456 stetit
1470 3385 1545 3454 in
1598 3383 1883 3464 decisis,
1935 3390 1999 3456 et
2053 3383 2384 3475 amplius.

684 3496 850 3566 451.
909 3493 1171 3578 Quarto
1225 3498 1374 3570 loco
1431 3497 2054 3589 frequentissimae
2106 3507 2302 3588 sunt,
2363 3500 2434 3571 in
2489 3495 2696 3570 Italia
2749 3498 3196 3589 praesertim,

536 3607 980 3700 capellaniae
1033 3609 1345 3698 laicales,
1405 3628 1591 3700 quae
1648 3611 1812 3683 licet
1863 3613 2006 3684 sint
2060 3612 2383 3684 adinstar
2421 3609 2931 3682 beneficiorum
2985 3609 3204 3682 eccle·

535 3719 1008 3808 siasticorum,
1067 3739 1232 3792 vera
1288 3720 1635 3794 beneficia
1692 3741 1825 3794 nec
1877 3728 2073 3811 sunt,
2132 3742 2266 3795 nec
2318 3722 2567 3794 baberi
2612 3720 2922 3793 debent:
2982 3721 3201 3793 nemi·

536 3847 699 3901 nem
740 3849 945 3921 porro
984 3832 1181 3920 latet,
1239 3833 1332 3904 ad
1383 3832 1815 3905 beneficium
1865 3834 2423 3906 ecclesiasticum
2463 3833 3046 3906 constituendum
3088 3850 3200 3925 po-

535 3942 887 4013 tissimum
926 3945 1191 4032 requiri
1247 3946 1667 4016 canonicum
1724 3947 2103 4017 erectionis
2152 3945 2543 4031 decretum,
2587 3963 2669 4016 ac
2705 3945 3006 4035 insuper
3042 3962 3200 4017 cou-

534 4053 907 4138 ditionem‚
950 4062 1030 4127 ut
1082 4056 1237 4126 sine
1292 4056 1637 4127 canonica
1674 4056 2124 4129 institutione
2160 4056 2587 4131 beneficium
2629 4058 2860 4147 ipsum
2901 4054 3196 4128 conferri

535 4165 960 4254 neutiquam
997 4169 1246 4258 possit.
1307 4164 1628 4238 Iamvero
1676 4167 1747 4237 in
1803 4169 2324 4240 constituendis
2376 4168 2794 4258 capellaniis
2830 4166 3199 4240 laicalibus

534 4296 769 4366 neque
820 4281 1241 4352 canonicum
1299 4280 1675 4351 erectionis
1728 4280 2137 4368 decretum,
2182 4298 2416 4369 neque
2454 4280 2796 4350 canonica
2849 4278 3196 4351 institutio

534 4388 939 4462 intercedit.
1002 4390 1192 4463 Satis
1242 4391 1429 4461 euim
1485 4397 1596 4462 est
1647 4391 1719 4461 in
1787 4390 2233 4479 fundatione,
2292 4398 2369 4463 ut
2422 4388 2753 4481 Episcopi
2810 4388 3195 4482 acceptatio

535 4500 857 4588 accedat,
916 4509 1124 4592 prout
1182 4503 1259 4574 fit
1312 4503 1400 4573 de
1454 4501 1706 4593 legatis
1759 4504 1922 4593 piiS‚
1966 4502 2230 4592 quibus
2283 4502 2417 4573 bae
2464 4503 2906 4592 capellaniae
2962 4500 3195 4590 aequi-

535 4621 924 4700 parantur:
984 4620 1051 4685 et
1105 4616 1174 4684 in
1218 4614 1664 4703 possessione
1716 4617 2153 4704 acquirenda
2200 4614 2464 4686 sufficit
2498 4620 2699 4686 actus
2737 4611 3191 4704 possessionis

533 4721 735 4791 iuxta
789 4731 1100 4795 mentem
1158 4724 1555 4797 fundatoris
1607 4728 2057 4816 impetratus.
