3497 5235
579 260 699 334 ⁰⁸1²·
725 261 795 319 11.
833 260 907 318 Do
943 259 1207 335 Episcopo,
1249 259 1655 332 Archiopimpo,
1695 259 1924 318 Primi·
1965 260 2022 318 ot
2060 258 2388 318 Putria-eho.
2436 258 2493 333 ἓ.
2524 258 2575 314 4.
2795 256 2913 320 233

293 421 321 465 ›
355 395 455 467 lib.
489 398 558 466 3.
621 414 782 487 cap.
820 396 936 467 10.
996 414 1071 466 n.
1117 395 1220 483 4.,
1280 394 1403 484 qui
1443 402 1685 467 tamen
1723 413 1810 466 ex
1849 395 2020 487 ipsis
2073 392 2147 465 S.
2190 390 2265 465 C.
2307 392 2913 465 declarationibus

288 534 317 569 ι
347 508 546 579 addit:
595 529 632 572 ‹
667 507 802 578 nisi
832 502 1107 578 Vicario
1145 507 1433 577 assistat
1470 506 1912 578 consuetudo
1941 508 2158 578 etiam
2196 512 2367 578 tunc
2402 504 2909 596 praecedendi,

285 628 447 692 ›aut
495 622 631 692 nisi
688 621 837 711 ipse
891 621 1158 711 pariter
1227 620 1320 691 sit
1372 618 1668 690 indutus
1735 618 1991 689 babitu
2046 618 2479 710 praelatitio,
2556 617 2915 691 rocchetto

287 758 316 798 ›
344 731 650 815 videlicet
686 751 770 804 ac
805 732 1284 818 mantelletta,
1327 731 1526 801 iuxta
1562 731 1740 801 alias
1771 731 2087 803 eiusdem
2119 728 2275 803 S.C.
2309 731 2909 802 declarationes.»

397 842 496 914 An
547 844 623 914 in
676 841 960 933 Synodo
1013 843 1437 914 dioecesana
1505 839 1910 933 Capitulum
1968 843 2385 933 collegiatae
2453 842 2545 915 sit
2603 840 2914 932 parocho

283 956 555 1027 matricis
608 955 950 1027 ecclesiae
1004 948 1609 1044 praeferendum?
1665 951 1736 1024 S.
1781 950 1855 1023 C.
1898 951 2197 1025 Rituum
2250 953 2670 1044 respondit:
2749 975 2785 1016 ι
2825 948 2912 1022 In

282 1089 310 1133 ›
339 1066 603 1156 Synodo
641 1065 1021 1138 canonicos
1057 1065 1474 1155 collegiatae
1513 1063 2017 1155 praeferendos
2046 1083 2201 1136 esse
2240 1065 2530 1137 cuilibet
2568 1065 2907 1157 parocho,

279 1178 534 1248 »etiam
586 1178 901 1249 matricis
955 1177 1298 1249 ecclesiae
1352 1176 1674 1248 eiusdem
1727 1176 1889 1247 loci.
1928 1200 1963 1242 ›
2021 1177 2280 1250 Montis
2324 1177 2601 1269 Regalis
2656 1176 2727 1246 4.
2770 1176 2916 1249 Au·-

278 1289 425 1377 gusti
484 1288 702 1359 1657.
765 1288 857 1358 ad
911 1288 981 1359 3.
2208 1324 2215 1331 ·

391 1399 550 1470 174.
616 1421 655 1466 ‹
696 1401 770 1471 S.
813 1395 887 1469 C.
946 1400 1262 1487 censuit,
1320 1396 1751 1489 Episcopum
1808 1417 1952 1470 non
2003 1417 2212 1490 posse
2266 1416 2514 1490 cogere
2568 1399 2660 1469 ad
2713 1416 2916 1470 acce—

272 1533 300 1577 »
330 1509 634 1582 dendum
691 1510 783 1580 ad
839 1509 1206 1599 Synodum
1241 1509 1596 1583 babentes
1631 1508 1985 1582 beneficia
2021 1511 2401 1602 simplicia,
2446 1512 2583 1582 nisi
2620 1530 2707 1584 ex
2745 1530 2920 1584 con-

263 1614 298 1687 ‘›
328 1621 699 1694 suetudine
754 1620 950 1692 aliud
1004 1620 1460 1694 observatum
1515 1622 1758 1695 fuerit.
1809 1622 2052 1693 Tulen.
2102 1624 2217 1693 17.
2262 1620 2470 1695 Mart.
2518 1625 2733 1694 1593.
2774 1619 2914 1719 (Ex

270 1755 299 1794 ι
331 1732 441 1803 tib.
485 1734 557 1804 7.
597 1732 867 1804 decret.
908 1751 980 1824 p.
1016 1733 1135 1803 69.
1178 1733 1399 1805 relata
1438 1753 1479 1805 a
1515 1731 1786 1806 Bened.
1831 1729 2022 1803 XIV.
2065 1733 2149 1805 de
2187 1735 2359 1824 Syn.
2402 1733 2618 1807 dioec.
2661 1735 2791 1807 lib.
2832 1736 2903 1806 3.

271 1868 299 1909 ι
329 1861 478 1935 cap.
521 1840 593 1915 6:
654 1861 856 1914 num.
904 1840 1037 1938 1.).
1075 1869 1110 1911 »

382 1954 736 2047 Episcopo
787 1952 1367 2047 Balneoregiensi
1435 1958 1707 2047 petenti
1778 1956 1916 2027 sibi
1979 1956 2439 2048 responderi:
2517 1980 2556 2025 ‹
2603 1958 2705 2029 An
2758 1959 2911 2048 ipse

267 2090 295 2134 ›
326 2086 565 2159 cogere
615 2074 857 2160 posset
909 2068 1266 2158 simplices
1317 2070 1722 2140 sacerdotes
1779 2087 1922 2139 non
1977 2067 2442 2140 beneficiatos
2493 2087 2665 2141 suae
2717 2069 2914 2141 dioe-

264 2202 296 2246 ›
329 2180 499 2251 cesis
551 2178 645 2251 ad
697 2180 1271 2252 interessendum
1322 2180 1606 2270 Synodo
1659 2176 2179 2252 dioecesanae?
2237 2186 2308 2253 et
2369 2182 2573 2271 quid,
2629 2182 2688 2253 si
2743 2199 2913 2253 con-

265 2313 295 2356 »
328 2296 555 2362 currat
610 2285 1098 2363 consuetudo?
1155 2293 1227 2363 S.
1269 2288 1522 2382 Congr.
1582 2293 1992 2382 respondit:
2057 2291 2158 2363 Ad
2219 2293 2283 2364 1.
2344 2313 2488 2365 non
2541 2312 2748 2384 posse
2794 2311 2912 2365 co-

261 2424 291 2468 >
326 2421 505 2493 gere,
570 2402 862 2492 quando
915 2403 988 2473 in
1041 2399 1325 2493 Synodo
1377 2404 1738 2494 agendum
1790 2404 1883 2475 sit
1935 2403 2024 2474 de
2061 2403 2563 2477 reformatione
2601 2423 2903 2494 morum,

264 2535 294 2578 ›
327 2515 466 2585 sive
517 2514 607 2586 de
661 2515 904 2604 aliqua
955 2533 1031 2586 re
1085 2522 1557 2587 concernente
1608 2522 1840 2588 totum
1878 2515 2172 2603 clerum,
2214 2515 2326 2587 vel
2363 2517 2451 2588 de
2487 2517 2911 2588 intimandis

263 2646 296 2690 ›
328 2625 627 2698 decretis
680 2625 885 2697 factis
937 2627 1012 2697 in
1066 2625 1350 2717 Synodo
1404 2627 1867 2719 provinciali,
1924 2628 2058 2698 boc
2111 2634 2350 2699 autem
2404 2648 2574 2700 casu
2629 2629 2701 2699 in
2756 2629 2911 2721 ipsa

260 2757 291 2797 ν
325 2732 584 2827 Synodi
637 2738 1147 2809 convocatione
1199 2738 1603 2811 faciendam
1639 2757 1796 2811 esse
1848 2739 2306 2827 mentionem,
2348 2740 2541 2829 quod
2578 2739 2666 2810 de
2705 2756 2914 2828 prae-

257 2869 290 2912 »
325 2846 524 2920 dictis
576 2851 669 2921 sit
728 2849 1205 2920 tractandum.
1273 2850 1374 2923 Ad
1409 2852 1481 2920 2.
1524 2857 1993 2922 concurrente
2031 2851 2577 2938 consuetudine,
2620 2867 2905 2941 posse.»

259 2957 363 3029 15.
393 2959 556 3033 Dec.
600 2962 816 3032 1629.
850 2956 1009 3055 (lib.
1050 2962 1165 3032 14.
1203 2962 1460 3034 decret.
1494 2964 1700 3035 relat.
1734 2983 1776 3032 a
1805 2960 2074 3035 Bened.
2102 2959 2292 3033 XIV.
2327 2962 2377 3032 l.
2402 2981 2463 3033 c.
2498 2958 2733 3056 n.2.).

392 3073 552 3143 175.
615 3070 1008 3161 Utramque
1060 3074 1598 3164 responsionem
1653 3074 2099 3144 confirmavit
2155 3075 2225 3144 in
2282 3075 2579 3145 Ianuen.
2629 3074 2743 3145 10.
2787 3070 2913 3145 Se-

249 3183 581 3270 ptembris
639 3184 888 3270 1633„
948 3184 1222 3256 addens
1274 3186 1350 3254 in
1403 3186 1999 3274 circumstantiiS,
2074 3185 2150 3255 in
2214 3183 2479 3274 quibus
2548 3184 2909 3275 simplices

248 3291 704 3384 beneficiarii,
762 3296 1027 3386 aliique
1081 3297 1170 3369 de
1221 3297 1408 3369 clero
1462 3297 1747 3387 Synodo
1801 3296 2052 3368 adesse
2104 3301 2510 3387 coguntur3
2588 3314 2709 3367 eos
2761 3313 2910 3366 non

249 3423 400 3479 esse
449 3408 935 3481 admittendos
986 3408 1078 3480 ad
1130 3413 1368 3479 votum
1424 3407 1798 3480 ferendum
1855 3428 1981 3500 pro
2019 3409 2556 3481 confirmatione
2595 3408 2913 3480 iudicum

253 3523 321 3588 et
354 3521 918 3591 examinatorum
963 3520 1416 3609 synodalium
1468 3514 1623 3616 (Ex
1663 3520 1783 3591 lib.
1830 3518 1946 3592 14.
1990 3518 2244 3592 decret.
2290 3539 2464 3611 paq.
2507 3517 2676 3591 780.
2719 3517 2913 3609 apud

244 3623 503 3702 Bened.
541 3626 730 3701 XIV.
774 3632 903 3702 loc.
940 3631 1063 3704 cit.
1105 3649 1181 3701 η.
1210 3626 1357 3726 3.).
1416 3629 1797 3722 Repetitae
1850 3639 2019 3704 sunt
2075 3632 2389 3721 denique
2444 3631 2518 3701 in
2556 3630 2915 3718 Forosem-

237 3757 527 3845 prouert.
569 3743 686 3814 17.
723 3738 881 3813 Ian.
915 3742 1162 3829 1654„
1205 3742 1544 3816 adiuncta
1584 3743 1675 3814 ad
1711 3740 2142 3835 Episcopum
2178 3749 2450 3816 secreta
2489 3743 2906 3828 monitione,

248 3869 338 3923 ne
390 3853 656 3944 absque
711 3855 1138 3926 necessitate
1190 3860 1474 3945 cogeret
1536 3855 1829 3925 clericos
1882 3861 1953 3926 et
2005 3856 2412 3938 sacerdotes
2465 3855 2557 3925 ad
2608 3854 2914 3925 interes-

243 3965 538 4036 sendum
578 3963 867 4056 Synodo
890 3960 1045 4062 (Ex
1073 3966 1195 4038 lib.
1234 3963 1631 4038 19.decret.
1662 3986 1745 4058 p.
1779 3964 1948 4038 302.
1979 3967 2173 4058 apud
2201 3963 2472 4037 Bened.
2498 3958 2906 4060 XIV.l.c.).
2991 3994 2997 4000 v

396 4077 552 4149 176.
616 4079 690 4148 S.
732 4075 805 4150 C.
870 4077 1149 4149 censuit
1202 4094 1360 4148 esse
1414 4077 1938 4169 iniungendum
1991 4076 2327 4149 omnibus
2394 4073 2905 4167 RegularibuS,
3057 4119 3065 4126 -

243 4186 371 4273 qui
421 4189 524 4259 vel
577 4186 923 4278 Capitulis
975 4187 1423 4278 regularibus
1487 4206 1630 4259 non
1682 4188 2121 4276 subduntur,
2178 4188 2289 4258 vel
2342 4205 2585 4259 curam
2638 4188 2913 4258 anima-

239 4314 399 4367 rum
447 4305 826 4387 exercent,
884 4304 963 4369 ut
1017 4300 1111 4371 ad
1162 4297 1486 4390 Synodos
1539 4299 2001 4372 dioecesanas
2070 4299 2418 4370 accedant
2489 4297 2624 4370 sub
2680 4316 2911 4389 poena

239 4407 656 4496 privationis
693 4410 883 4482 vocis
920 4411 1198 4482 activae
1234 4429 1318 4483 ac
1354 4412 1682 4502 passivae
1733 4412 1888 4503 ipso
1928 4409 2113 4482 facto
2148 4409 2652 4499 incurrendae,
2694 4418 2912 4502 atque

242 4517 405 4590 aliis
451 4523 703 4612 poenis
755 4520 1049 4593 arbitrio
1103 4520 1620 4614 Episcoporum
1684 4520 2178 4614 imponendiS‚
2236 4522 2456 4594 etiam
2506 4541 2916 4596 excommu-

247 4628 658 4724 nicationi8‚
716 4633 893 4707 adeo
945 4639 1027 4706 ut
1077 4634 1190 4706 ius
1242 4633 1693 4723 declarandi,
1752 4638 1970 4724 atque
2023 4652 2295 4725 poenas
2326 4633 2765 4726 *imponendi
2818 4635 2913 4707 ad
