3497 5235
648 340 720 396 Do
760 338 920 397 libero
962 340 1202 413 ingrana
1242 340 1536 398 olorinorum
1576 342 1916 399 moulan-ium
1954 343 2008 400 in
2049 344 2260 403 Ordine·
2298 346 2582 418 regulares.
2823 348 2935 409 5¹11

286 496 325 539 ›
364 474 579 546 etiam
635 473 829 546 illam
885 474 1187 565 ingredi,
1230 495 1417 566 quae
1472 477 1543 547 in
1596 479 1739 549 vita
1797 495 1985 551 mere
2023 482 2600 573 contemplativa,
2644 490 2767 556 aut
2819 502 2945 575 po-

284 608 322 648 »
362 586 715 658 tissimum
769 586 842 656 in
893 587 1380 678 corporalibus
1415 589 1602 661 vitae
1640 591 1913 673 activae
1949 591 2199 664 officiis
2235 594 2326 664 sit
2362 602 2733 686 occupata,
2768 613 2945 685 quo-

285 720 322 762 >
362 698 558 768 niam
626 698 787 788 plus
853 699 1131 771 excedit
1201 705 1432 771 status
1502 700 1861 791 religionis
1923 704 2428 794 cuiuscumque
2498 713 2763 778 statum
2817 725 2944 778 seu

284 835 321 875 ›
360 811 599 900 potius
636 810 950 882 officium
1002 812 1481 885 archidiaconi
1525 816 1637 885 vel
1674 813 1996 905 plebani,
2039 834 2254 905 quam
2291 823 2521 889 status
2558 820 2943 892 altissimae

288 945 327 984 »
366 917 761 1013 Religionis
812 928 1077 994 statum
1132 925 1641 1017 cuiuscumque
1677 925 2004 1014 infimae3
2041 952 2077 995 ›
2134 935 2424 1018 propter
2457 930 2799 1002 solemnia
2834 931 2946 1002 ni-

284 1034 541 1105 mirum
594 1039 756 1105 vota
809 1035 1186 1123 castitatis,
1249 1037 1690 1126 paupertatis
1741 1044 1813 1110 et
1864 1037 2341 1129 obedientiae,
2399 1059 2583 1130 quae
2638 1042 2710 1111 in
2766 1061 2948 1112 una-

287 1163 575 1235 quaque
624 1143 996 1237 Religioue
1049 1148 1498 1219 emittuntur.

431 1256 521 1329 At
572 1257 901 1329 incidunt
951 1274 1163 1350 saepe
1217 1267 1560 1350 tempora,
1618 1260 1883 1351 quibus
1934 1269 2409 1352 opportunum
2450 1281 2593 1334 non
2632 1270 2766 1351 est,
2807 1264 2949 1335 cle-

285 1371 508 1443 ricum
561 1372 1002 1445 saecularem
1054 1392 1264 1444 suum
1317 1373 1551 1445 locum
1602 1373 1928 1445 deserere
1973 1380 2043 1445 et
2096 1374 2168 1443 in
2214 1375 2561 1465 religiosis
2616 1375 2945 1447 claustris

285 1501 361 1555 se
414 1481 719 1555 abdere:
780 1503 922 1574 qua
960 1485 1047 1556 de
1086 1503 1159 1556 re
1197 1485 1334 1556 nisi
1372 1485 1798 1556 consultatio
1851 1485 2246 1557 intercedat
2298 1487 2483 1558 inter
2517 1481 2946 1578 Episcopum

284 1598 355 1665 et
409 1595 855 1685 Superiorem
910 1597 1351 1687 regularem,
1417 1594 1853 1688 impossibile
1903 1596 2038 1668 erit
2107 1596 2280 1684 quid
2341 1597 2676 1687 expediat
2730 1615 2948 1688 agno-

284 1722 501 1776 scere.
562 1703 829 1776 Durum
902 1713 1142 1779 autem
1194 1708 1480 1778 omnino
1533 1714 1682 1794 est,
1741 1708 1970 1778 virum
2022 1708 2621 1796 ecclesiasticum,
2697 1712 2822 1799 qui
2872 1712 2947 1781 in

283 1818 737 1907 suscipiendo
775 1818 1197 1908 presbyterii
1236 1815 1499 1890 Ordine
1537 1821 1896 1909 conceptis
1934 1819 2166 1892 verbis
2203 1816 2551 1913 Episcopo
2586 1840 2713 1892 suo
2751 1839 2948 1893 reve-

284 1931 588 2003 rentiam
643 1938 714 2002 et
764 1929 1241 2002 obedientiam
1279 1932 1689 2023 spopondit,
1732 1933 2009 2021 quoties
2050 1934 2184 2023 ipsi
2237 1933 2548 2020 libuerit,
2594 1931 2944 2026 Episcopo

284 2043 686 2114 inconsulto
741 2048 955 2131 atque
1010 2043 1258 2129 inscio,
1315 2043 1406 2115 ad
1459 2044 1809 2134 regularia
1846 2044 2154 2115 claustra
2190 2045 2582 2132 discedere,
2622 2064 2704 2117 ac
2738 2064 2946 2137 regu-

284 2155 454 2225 laris
506 2155 813 2226 instituti
867 2156 1151 2226 servitio
1187 2163 1530 2247 perpetuo
1566 2173 1642 2227 se
1679 2157 2115 2246 mancipare.
2158 2157 2385 2247 Super
2422 2157 2685 2246 quibus
2721 2158 2950 2228 omni-

282 2266 420 2338 bus
465 2268 651 2338 inter
701 2284 775 2337 se
831 2265 1118 2353 iunctis,
1160 2273 1422 2338 certam
1461 2268 1776 2357 aliquam
1813 2268 2131 2359 regulam
2173 2268 2382 2355 tradi,
2435 2274 2506 2339 et
2543 2269 2945 2359 generalem

288 2379 514 2471 legem
567 2399 607 2449 a
658 2374 877 2449 Nobis
931 2378 1359 2469 promulgari
1412 2398 1591 2470 opus
1645 2397 1797 2451 esse
1852 2379 2248 2451 contendis.

432 2489 782 2581 Equidem
838 2490 1179 2599 fatemur,
1248 2508 1390 2562 non
1443 2492 1634 2561 omni
1695 2496 2011 2580 tempore
2063 2490 2396 2562 omnibus
2464 2499 2946 2583 opportunum

287 2622 440 2676 esse
491 2602 883 2694 regularem
923 2604 1141 2675 vitam
1180 2602 1538 2693 amplecti.
1580 2598 2032 2675 Meminimus
2069 2604 2410 2693 epistolae
2465 2604 2537 2675 S.
2576 2603 2950 2694 Augustini

287 2717 378 2788 ad
431 2711 869 2786 Bonilaciurn
934 2713 1315 2800 Comitem,
1385 2732 1569 2803 quae
1639 2716 1710 2785 in
1767 2715 2077 2786 editione
2131 2713 2633 2788 Monachorum
2706 2714 2948 2794 Sancti

288 2825 512 2898 Mauri
566 2829 907 2916 impressa
947 2830 1056 2897 est
1092 2845 1287 2897 num.
1328 2825 1499 2898 220.
1543 2833 1707 2897 tom.
1751 2827 1846 2897 ΙΙ.
1881 2845 2049 2915 paq.
2089 2825 2300 2906 202„
2355 2832 2424 2897 et
2479 2826 2680 2896 cuius
2733 2827 2949 2898 etiam

287 2956 454 3030 pars
492 2938 790 3010 refertur
829 2940 902 3009 in
937 2940 1109 3012 Can.
1154 2932 1491 3009 Novimus
1533 2936 1647 3009 17.
1682 2944 1948 3028 quaest.
1973 2938 2087 3019 2„
2124 2935 2245 3007 ubi
2285 2938 2619 3008 nimirum
2659 2943 2950 3008 sanctus

288 3047 545 3121 Doctor
597 3055 925 3135 testatur,
983 3069 1057 3122 se
1112 3069 1255 3121 una
1310 3068 1466 3120 cum
1523 3048 1769 3139 Alypio
1823 3049 2053 3138 ipsum
2108 3046 2549 3120 Boniiacium
2605 3070 2645 3120 a
2700 3067 2950 3121 mona-

289 3162 508 3233 sticae
545 3161 729 3231 vitae
769 3162 1128 3253 proposito
1167 3161 1585 3232 dissuasisse
1631 3159 1720 3230 ob
1758 3161 2223 3250 praeclaram,
2267 3180 2509 3250 quam,
2551 3162 2626 3231 in
2662 3161 2949 3232 saeculo

290 3291 617 3359 manenS,
674 3270 1032 3344 Ecclesiae
1086 3280 1155 3344 et
1209 3271 1642 3362 reipublicae
1696 3271 2009 3343 navabat
2062 3290 2377 3362 operam,
2435 3273 2605 3343 dum
2644 3271 2948 3344 Africam

291 3405 330 3456 a
384 3384 852 3456 barbarorum
925 3383 1451 3455 incursionibus
1503 3382 1882 3455 tuebatur:
1947 3405 1982 3448 «
2015 3381 2104 3454 Ut
2157 3391 2399 3455 autem
2450 3401 2594 3454 non
2649 3383 2944 3471 facereS,

293 3523 329 3565 >
374 3497 546 3587 quid
600 3504 670 3569 te
723 3497 1101 3584 revocavit,
1161 3497 1296 3567 nisi
1351 3497 1518 3585 quia
1571 3496 2062 3583 considerasti,
2116 3495 2658 3568 ostendentibus
2710 3495 2944 3583 nobis,

293 3637 329 3677 »
372 3615 720 3700 quantum
776 3611 1142 3699 prodesset
1179 3606 1434 3681 Christi
1478 3605 1813 3680 Ecclesiis
1864 3609 2054 3697 quod
2108 3608 2399 3699 agebas,
2441 3609 2501 3678 si
2536 3625 2619 3678 ea
2656 3606 2806 3677 sola
2842 3606 2953 3676 in-

294 3749 329 3788 »
374 3724 690 3793 tentione
762 3740 1049 3813 agereS,
1129 3727 1205 3793 ut
1263 3720 1598 3792 defensae
1670 3719 1760 3791 ab
1815 3718 2391 3792 infestationibus
2446 3718 2944 3804 barbarorum,

294 3860 330 3903 ›
374 3833 691 3922 quietam
746 3841 814 3905 et
868 3833 1332 3921 tranquillam
1386 3834 1603 3904 vitam
1658 3826 2064 3922 agerent‘l»
2119 3828 2441 3904 Vidimus
2488 3833 2702 3904 etiam
2758 3828 2951 3920 apud

291 3943 362 4017 S.
408 3942 746 4017 Thomam
780 3945 854 4015 2.
886 3945 960 4015 2.
994 3950 1259 4035 quaest.
1296 3943 1460 4017 101.
1503 3950 1644 4017 art.
1685 3944 1757 4015 4.
1797 3949 1864 4015 et
1898 3951 2164 4035 quaest.
2204 3943 2368 4017 189.
2404 3951 2545 4016 art.
2584 3943 2693 4025 6.,
2734 3959 2955 4032 quae-

288 4058 591 4129 stionem
632 4057 817 4128 hanc
854 4057 1095 4128 solidis
1150 4056 1548 4128 rationibus
1582 4056 2002 4142 examinari,
2038 4063 2275 4127 utrum
2312 4062 2550 4146 posset
2586 4054 2775 4125 filius
2813 4051 2954 4124 Re-

290 4169 624 4261 ligionem
699 4169 1018 4260 ingredi,
1075 4177 1146 4239 et
1196 4174 1531 4258 parentes
1585 4168 1658 4238 in
1710 4168 1993 4238 saeculo
2046 4168 2476 4257 relinquere,
2535 4167 2594 4236 si
2651 4165 2741 4235 ab
2796 4166 2948 4255 ipso

291 4281 551 4353 deserti
606 4281 845 4370 inopia
899 4280 1043 4352 sint
1096 4278 1513 4351 laboraturi.
1572 4275 1882 4350 Ulterius
1934 4279 2309 4368 inquirunt
2361 4277 2803 4364 moralistae,
2861 4292 2954 4346 au

288 4393 479 4464 idem
520 4392 903 4462 dicendum
955 4392 1045 4461 sit
1099 4392 1187 4462 de
1243 4409 1416 4477 avo3
1475 4396 1544 4462 et
1583 4409 1674 4459 an
1712 4389 1811 4477 id,
1853 4390 2044 4479 quod
2093 4389 2180 4461 de
2219 4388 2775 4462 ascendentibus
2811 4394 2959 4460 sta-

291 4505 559 4590 tuitur,
617 4503 846 4574 locum
904 4500 1163 4572 habeat
1217 4503 1431 4572 etiam
1488 4501 1723 4589 quoad
1778 4500 2000 4588 filios,
2058 4500 2311 4572 fratres
2364 4508 2433 4571 et
2487 4506 2827 4591 nepotes;
2886 4505 2956 4572 et

292 4621 653 4705 quatenus
708 4614 897 4684 illius
950 4630 1108 4702 ope,
1152 4613 1271 4701 qui
1320 4609 1758 4703 Religionem
1797 4611 1947 4683 vult
1983 4610 2287 4702 ingredi,
2330 4612 2673 4705 praedicti
2711 4629 2956 4683 omnes

288 4727 613 4817 indigere
665 4724 1003 4797 debeant.
