3497 5235
668 247 740 303 Do
779 244 939 303 libero
976 246 1218 321 ingrana
1258 247 1553 306 olorinorum
1593 247 1934 308 moulsrium
1970 251 2027 308 in
2065 250 2276 309 Ordine·
2315 252 2601 324 regulum.
2842 253 2961 316 543

299 383 476 474 quin
525 379 900 473 presbyter
964 381 1304 453 ecclesiae
1374 383 1731 473 regimen,
1790 389 1915 454 aut
1968 385 2437 457 ministerium
2490 385 2956 473 dimissuruS,

298 502 469 567 ante
520 493 756 564 omnia
810 491 1073 564 debeat
1126 483 1473 585 Episcopo
1528 494 1903 566 consilium
1957 516 2209 585 suum,
2265 499 2566 588 eiusque
2628 496 2961 589 capiendi
3058 575 3062 580 ,

298 608 641 690 rationeS,
699 612 1049 694 quantum
1103 624 1347 678 earum
1405 614 1660 678 natura
1714 606 1873 697 fert,
1932 609 2233 698 aperire.
2292 605 2377 680 In
2426 628 2565 699 quo
2620 628 2760 681 non
2816 617 2963 682 tam

299 716 530 789 officio
584 724 654 789 et
707 716 1111 805 honestati,
1167 736 1383 807 quam
1454 719 1802 790 naturalis
1869 720 2046 811 legis
2097 727 2474 812 praecepto
2543 721 2957 794 satisfaciet.

299 825 531 910 Quum
583 829 772 899 enim
829 826 1222 918 presbyteri
1277 829 1347 899 in
1405 831 1805 902 animarum
1843 849 2041 916 cura,
2085 833 2389 923 aliisque
2443 833 2775 924 gravibus
2812 852 2967 904 mu-

303 938 595 1011 neribus
622 939 713 1009 ad
750 940 1106 1031 pastorale
1144 941 1458 1031 regimen
1494 942 2020 1032 spectantibus,
2060 941 2393 1036 Episcopi
2433 946 2732 1016 ministri
2770 946 2960 1034 sint;

300 1052 399 1124 ita
454 1070 613 1123 cum
667 1070 750 1123 eo
801 1071 878 1123 se
934 1072 1177 1145 gerere
1231 1053 1535 1145 debent,
1597 1062 1673 1127 ut
1728 1056 1787 1127 is
1838 1057 2236 1128 animarum
2269 1110 2289 1146 ,
2349 1076 2528 1147 quas
2581 1058 2713 1149 ipsi
2768 1075 2967 1147 rege-

297 1163 506 1252 bant,
564 1170 636 1235 et
687 1166 1159 1255 negotiorum,
1200 1185 1385 1256 quae
1438 1166 2071 1254 administrabant,
2112 1169 2662 1241 necessitatibus
2711 1186 2969 1262 oppor-

299 1282 473 1349 tune
525 1276 895 1348 consulere
965 1278 1225 1349 valeat.
1285 1276 1383 1349 De
1438 1297 1579 1369 quo
1642 1286 1830 1351 recte
1899 1281 2212 1370 loquitur
2263 1282 2740 1362 Passerinus,
2805 1282 2969 1352 licet

300 1384 585 1459 Ordinis
619 1389 964 1478 regularis
1000 1390 1324 1479 scriptor,
1357 1389 1440 1460 de
1466 1390 1762 1464 statibus
1799 1391 2102 1490 hominis
2140 1398 2306 1463 tom.
2343 1394 2474 1464 111.
2498 1399 2766 1484 quaest.
2796 1391 2963 1465 189.

300 1507 443 1572 art.
488 1499 560 1571 7.
623 1522 659 1566 ‹
700 1498 1046 1588 Minister,
1103 1502 1226 1591 qui
1278 1500 1501 1574 babet
1550 1503 1945 1574 custodiam
2004 1522 2264 1590 rerum,
2320 1511 2395 1575 et
2444 1503 2790 1575 bonorum
2845 1503 2972 1575 do-

305 1637 341 1680 »
387 1611 555 1682 mini
610 1611 765 1700 sui,
826 1629 1014 1701 quae
1066 1610 1364 1684 absente
1417 1613 1713 1684 custode
1768 1615 1999 1703 perire
2053 1620 2398 1704 possunt,
2458 1633 2599 1685 non
2652 1633 2737 1687 ex
2793 1633 2971 1704 pura

307 1747 344 1793 >
386 1723 741 1810 decentia,
800 1723 925 1793 sed
979 1740 1066 1794 ex
1119 1722 1361 1795 debito
1413 1724 1620 1825 officii
1676 1725 1788 1795 sui
1841 1730 2128 1796 tenetur
2176 1724 2366 1796 bona
2419 1725 2555 1797 sibi
2594 1727 2969 1797 commissa

307 1860 345 1903 ν
390 1833 685 1905 Domino
738 1832 1064 1922 reddere,
1107 1841 1178 1906 et
1216 1835 1414 1906 illum
1454 1853 1769 1921 monere,
1812 1843 1891 1906 ut
1927 1836 2016 1907 de
2053 1836 2191 1907 alio
2229 1838 2522 1909 custode
2558 1837 2964 1927 provideat;

311 1969 351 2019 ›
391 1953 461 2017 et
510 1946 567 2016 si
620 1945 757 2014 boc
810 1962 952 2015 non
993 1943 1230 2033 faciat,
1273 1948 1510 2036 puniri
1563 1953 1824 2038 potest.
1867 1945 2042 2019 Cum
2078 1966 2241 2038 ergo
2291 1948 2642 2037 parochus
2676 1948 2769 2020 sit
2805 1945 2970 2041 Epi-

305 2085 343 2128 »
385 2059 579 2149 scopi
632 2057 958 2129 minister
1011 2059 1084 2129 in
1138 2078 1303 2130 cura
1359 2059 1790 2147 animarum,
1847 2061 1903 2131 si
1960 2061 2244 2131 deserat
2296 2060 2572 2130 animas
2608 2059 2745 2131 sibi
2782 2078 2972 2130 com-

308 2200 348 2242 »
391 2174 683 2258 missas,
743 2171 1143 2243 inconsulto
1195 2168 1581 2261 Episcop0,
1643 2191 1786 2242 non
1841 2173 2077 2242 minus
2127 2178 2401 2261 peccat,
2461 2191 2675 2262 quam
2728 2171 2787 2242 si
2842 2172 2973 2241 mi-

308 2311 348 2353 »
387 2286 609 2356 nister
644 2284 979 2376 pastoris,
1028 2284 1265 2353 ovium
1301 2283 1588 2354 domino
1625 2302 1708 2354 ac
1745 2290 2030 2373 pastore
2066 2301 2208 2353 non
2258 2284 2647 2371 admonito,
2691 2300 2970 2373 gregem

315 2425 353 2468 ν
393 2407 747 2489 errantem
802 2399 958 2468 sine
1011 2396 1305 2467 custode
1354 2395 1782 2481 dimitteret3
1819 2420 1856 2462 >
1914 2414 2074 2468 cum
2126 2395 2264 2482 his,
2316 2413 2502 2485 quae
2539 2400 2968 2484 sequuntur.

454 2508 650 2581 Haec
702 2516 940 2581 autem
996 2508 1364 2597 permissio
1418 2507 1525 2577 vel
1582 2506 1674 2577 ab
1720 2504 2070 2600 Episcopo
2108 2508 2546 2593 conceditur,
2589 2508 2700 2579 vel
2756 2524 2976 2597 nega-

310 2631 452 2696 tur.
513 2620 581 2694 Si
636 2621 1113 2706 concedatur,
1188 2620 1327 2690 iam
1379 2622 1900 2691 controversiae
1975 2620 2169 2691 locus
2225 2639 2364 2690 non
2419 2622 2572 2692 erit.
2634 2617 2757 2690 Sin
2810 2637 2975 2690 vero

306 2736 729 2824 denegetur,
762 2730 1166 2803 huiusmodi
1198 2731 1591 2816 dissensus,
1632 2748 1718 2800 ex
1758 2731 2303 2802 auctoritatibus
2343 2731 2671 2821 superius
2708 2730 2970 2816 citatis,

312 2846 807 2938 presbyterum
849 2861 992 2913 non
1030 2841 1449 2932 adstringet,
1493 2842 1875 2929 quominus
1912 2838 2356 2931 Religionem
2398 2841 2671 2930 ingredi
2713 2839 2969 2911 valeat.

314 2955 563 3046 Neque
616 2956 688 3027 id
742 2957 996 3025 mirum
1052 2953 1274 3024 videri
1328 2952 1570 3023 debet.
1630 2943 1697 3022 Si
1754 2953 1939 3022 enim
1987 2952 2357 3043 presbyter
2395 2948 2743 3042 Episcopo
2780 2970 2975 3022 reve-

313 3070 620 3140 rentiam
691 3073 761 3137 et
812 3065 1295 3136 obedientiam
1351 3065 1424 3133 in
1475 3083 1605 3134 sua
1657 3063 2106 3134 ordinatione
2169 3065 2533 3154 promisit,
2593 3063 2813 3133 multo
2865 3079 2978 3133 so·

312 3181 620 3258 lemnius
673 3175 1067 3266 Regulares
1119 3192 1276 3246 eam
1311 3175 1790 3264 promiserunt
1827 3176 2106 3263 proprio
2145 3173 2503 3265 Superiori
2541 3176 2613 3245 in
2653 3174 2977 3263 religiosa

314 3298 632 3363 votorum
687 3287 1151 3379 professione.
1211 3284 1300 3358 Et
1354 3293 1593 3357 tamen
1650 3287 1929 3375 quoties
1981 3283 2360 3377 Regularis
2413 3289 2481 3358 in
2557 3283 2822 3358 Ordine
2876 3287 2982 3357 la-

256 3403 483 3473 ·xiori
541 3401 899 3491 protessus
953 3398 1044 3469 ad
1098 3399 1519 3470 strictiorem
1584 3399 1889 3468 transire
1957 3399 2197 3488 cupit,
2256 3406 2544 3470 tenetur
2595 3398 2881 3488 quidem
2939 3417 2981 3468 a

310 3513 687 3605 Superiore
719 3513 1004 3582 laxioris
1037 3509 1394 3581 licentiam
1422 3517 1708 3600 petere:
1752 3515 2273 3597 verumtamen,
2307 3528 2387 3581 ea
2420 3510 2554 3581 sibi
2594 3512 2974 3600 denegata,

310 3627 780 3699 nibilominus
833 3625 922 3696 ad
978 3624 1394 3696 strictiorem
1454 3623 1671 3694 libere
1712 3623 2012 3694 transire
2052 3630 2310 3713 potest,
2355 3630 2432 3696 ut
2469 3640 2801 3713 expresse
2835 3631 2984 3696 sta-

309 3737 536 3812 tditur
590 3739 663 3809 in
719 3738 888 3829 Cap.
932 3733 1153 3808 Licet.
1196 3736 1278 3807 de
1317 3735 1810 3825 Ray-alaribus,
1849 3734 1968 3805 ubi
2008 3735 2109 3804 sic
2149 3734 2445 3825 legitur:
2492 3758 2528 3799 «ι
2563 3731 2747 3804 Talis
2784 3750 2975 3823 erg0,

315 3876 353 3921 >
400 3857 779 3942 postquam
834 3870 874 3920 a
928 3846 1252 3919 Praelato
1304 3865 1431 3917 suo
1490 3847 1906 3917 transeundi
1962 3847 2317 3920 licentiam
2357 3845 2851 3938 postulaverit,
2893 3862 2980 3915 ex

315 3964 549 4051 »lege
603 3962 910 4054 privata,
969 3978 1153 4049 quae
1209 3957 1540 4050 publicae
1594 3959 1726 4048 legi
1786 3959 2256 4047 praeiudicat,
2315 3958 2717 4044 absolutus,
2761 3955 2981 4027 libere

317 4098 354 4144 >
396 4077 628 4164 potest
680 4072 1057 4142 sanctioris
1094 4071 1280 4141 vitae
1329 4070 1765 4159 propositum
1806 4071 2223 4159 adimplere,
2266 4088 2412 4140 non
2451 4068 2783 4140 obstante
2821 4084 2984 4157 pro-

316 4208 357 4251 ›
395 4188 598 4253 terva
651 4182 1014 4255 indiscreti
1083 4182 1648 4255 contradictione
1704 4177 2055 4268 Praelati3
2113 4182 2276 4269 quia
2333 4181 2780 4271 privilegium
2838 4195 2985 4249 me-

317 4318 356 4364 >
397 4300 594 4365 retur
645 4293 999 4382 amittere,
1058 4295 1180 4383 qui
1233 4310 1567 4367 concessa
1622 4291 1946 4364 abutitur
2000 4298 2380 4385 potestate.
2418 4318 2456 4358 »

464 4401 786 4492 Denique
839 4405 926 4475 de
979 4403 1487 4474 beneficiorum
1542 4406 1958 4491 vacatione,
2017 4405 2088 4473 in
2145 4405 2295 4474 iure
2356 4411 2704 4477 statutum
2759 4402 2985 4475 habe-

313 4534 518 4603 muS,
575 4535 733 4588 eam
788 4505 930 4586 non
989 4515 1228 4586 induci
1281 4534 1406 4605 per
1457 4515 1683 4586 solum
1739 4515 2139 4606 ingressum
2191 4517 2262 4586 in
2316 4513 2798 4608 Religionem,
2855 4516 2984 4588 sed

309 4648 438 4721 per
487 4629 1002 4720 professionem
1037 4628 1434 4719 regularem
1473 4629 1894 4715 dumtaxat3
1953 4629 2555 4719 quemadmodum
2597 4631 2837 4702 videre
2874 4636 2982 4702 est
