3497 5235
551 200 642 264 92
1312 196 1682 254 hott-notioni·
1720 193 1773 251 Β.
1804 193 1985 267 congr.
2012 192 2160 251 Ocno.
2200 193 2469 268 expositio.

709 334 829 405 89.
872 329 1029 404 Non
1066 331 1324 404 desunt
1363 329 1630 402 alicubi
1665 328 2034 416 ecclesiae,
2068 326 2156 400 de
2187 327 2450 418 quibus
2485 326 2818 400 dubitent
2856 321 3220 417 Episcopi,

561 461 656 517 an
693 462 855 518 vere
893 442 1309 535 collegiatae
1345 445 1515 533 sint,
1556 442 1837 514 etiamsi
1889 442 2024 514 hoc
2057 443 2342 513 nomine
2376 440 2589 533 vulgo
2624 446 2991 513 vocentur.
3034 435 3227 510 Iam-

558 573 723 630 vero
773 556 987 628 hodie
1037 561 1399 645 receptum
1454 560 1608 643 est,
1666 555 1789 626 uni
1853 552 2141 626 Summo
2202 550 2528 625 Pontifici
2579 559 3016 626 reservatum
3068 567 3227 623 esse

561 667 674 740 ius
724 665 1078 739 evehendi
1147 665 1504 757 simplices
1555 666 1893 739 ecclesias
1961 664 2050 736 ad
2105 665 2516 756 collegiatae
2569 664 2789 737 decus
2838 659 2977 760 (1).
3034 659 3225 735 Olim

558 778 828 852 discors
882 785 1036 851 erat
1086 778 1456 851 doctorum
1494 779 1762 870 opinio,
1820 795 2124 869 quorum
2159 775 2494 869 permulti
2530 781 2601 848 et
2636 776 2876 868 magni
2912 775 3225 848 nominis

559 889 696 962 hoc
755 891 943 963 idem
1012 892 1124 963 ius
1188 888 1558 983 Episcopis
1608 892 1822 963 etiam
1876 897 2273 982 competere
2324 888 2740 962 tuebantur.
2799 888 2888 960 At
2939 907 3225 963 omnem

557 1002 759 1076 litem
809 1003 1091 1078 diremit
1161 1006 1234 1076 S.
1275 1002 1352 1076 C.
1408 1002 1618 1077 Conc.
1677 1022 1806 1076 suo
1859 1003 2141 1075 decreto
2194 1003 2365 1074 anni
2425 1003 2674 1090 1623„
2731 1019 2871 1091 quo
2925 1000 3225 1072 firmiter

556 1120 906 1187 statutum
942 1123 1077 1204 est,
1136 1116 1472 1189 ecclesias
1508 1116 1925 1206 collegiatae
1961 1116 2169 1188 titulo
2206 1114 2298 1187 ad
2334 1113 2512 1187 illud
2553 1133 2779 1204 usque
2813 1120 3099 1205 tempus
3135 1132 3227 1186 ex

555 1223 1067 1319 Episcoporum
1112 1230 1535 1302 auctoritate
1572 1228 1946 1300 decoratas
1982 1227 2232 1316 utique
2284 1245 2448 1300 vere
2484 1226 2897 1318 collegiatas
2932 1224 3227 1318 agnosci

556 1356 642 1410 ac
675 1319 951 1427 haberi3
994 1341 1068 1412 in
1097 1348 1459 1432 posterum
1498 1345 1739 1411 tamen
1776 1346 2062 1431 tempus
2094 1341 2155 1411 si
2191 1339 2433 1430 aliqua
2462 1339 2760 1411 ecclesia
2796 1337 2929 1411 hoc
2953 1337 3225 1409 honore

436 1454 446 1464 ‘
553 1449 649 1521 ab
701 1447 1052 1544 Episcopo
1106 1457 1386 1524 tantum
1440 1451 1594 1523 eius
1647 1453 2098 1541 auctoritate,
2165 1458 2237 1524 et
2295 1450 2491 1522 nulla
2560 1449 3046 1522 intercedente
3097 1466 3227 1541 po-

555 1566 817 1634 testate
873 1561 1268 1653 Apostolica
1321 1569 1695 1654 augeatur,
1752 1562 2044 1634 nulliter
2111 1562 2324 1653 plane
2378 1564 2536 1653 agi3
2611 1578 2923 1651 namque
2974 1560 3231 1632 huius-

556 1672 747 1744 modi
801 1673 1095 1745 ecclesia
1151 1692 1293 1745 non
1349 1673 1609 1746 idcirco
1662 1675 1766 1746 uti
1818 1674 2186 1766 collegiata
2239 1674 2515 1747 censeri
2568 1672 2887 1745 debebit.
2931 1670 3227 1744 Accedit

501 1775 506 1778 ’
555 1785 819 1874 etiam,
876 1793 954 1856 ut
1006 1786 1079 1856 in
1136 1787 1504 1859 vetustatis
1567 1785 1865 1858 latebris
1927 1786 2387 1860 ecclesiarum
2455 1786 2647 1877 origo
2707 1785 3220 1870 obscurescat;

556 1914 784 1986 eoque
836 1896 911 1966 in
961 1916 1133 1971 casu
1184 1899 1241 1969 si
1295 1897 1594 1971 ecclesia
1647 1897 1739 1970 ab
1795 1897 2336 1970 immemorabili
2375 1898 2446 1970 in
2482 1898 2696 1969 huius
2731 1896 3020 1969 honoris
3054 1914 3227 1987 pos-

552 2009 872 2080 sessione
923 2016 1269 2098 versetur,
1311 2017 1382 2082 et
1416 2011 1712 2103 insuper
1744 2029 1992 2083 omnes
2029 2011 2414 2100 qualitates
2448 2010 2987 2101 complectatur,
3029 2025 3225 2099 quae

556 2121 648 2194 ad
703 2121 1076 2194 ecclesiam
1129 2122 1545 2214 collegiatae
1612 2125 1819 2197 titulo
1885 2122 2408 2197 honestandam
2462 2140 2550 2194 ex
2602 2121 2928 2192 instituto
2981 2120 3227 2209 requi-

551 2242 836 2324 runtur,
897 2254 1038 2307 non
1091 2242 1200 2307 est
1252 2235 1788 2329 ambigendum,
1845 2237 2021 2326 quin
2074 2254 2184 2323 eo,
2243 2234 2435 2324 quod
2485 2233 2827 2326 possidet,
2887 2232 3227 2321 collegia-

550 2346 775 2418 litatis
827 2347 977 2418 iure
1029 2348 1318 2420 minime
1371 2349 1698 2421 exuenda
1751 2350 1870 2420 sit.
1926 2344 2119 2430 Quae
2176 2347 2384 2419 modo
2445 2347 2900 2437 scripsimuS,
2957 2342 3230 2435 proba-

553 2456 821 2530 tionem
858 2458 1130 2532 habent
1158 2479 1245 2533 ex
1275 2461 1588 2558 quadam
1611 2462 2115 2554 Montisfalisci
2149 2461 2568 2550 collegiatae
2598 2460 2714 2530 15.
2742 2457 2938 2549 Sept.
2962 2457 3219 2545 1856„

556 2568 630 2640 in
683 2586 826 2659 qua
879 2570 1034 2643 iura
1084 2571 1200 2645 hic
1250 2573 1567 2649 indicata
1604 2573 1763 2646 fuse
1799 2580 2280 2664 exponuntur,
2322 2578 2392 2645 et
2428 2572 2657 2645 maius
2707 2571 2961 2660 utique
2998 2567 3225 2640 robur

552 2679 646 2752 ab
699 2699 784 2754 ea
839 2683 1347 2775 declaratione,
1407 2705 1593 2776 quae
1645 2694 1795 2759 tum
1850 2685 2136 2776 prodiit,
2196 2684 2488 2757 mirifice
2524 2683 2911 2773 accipiunt.
2954 2677 3223 2769 Itaque

550 2808 682 2883 per
732 2798 1109 2866 extensum
1159 2795 1495 2869 dabimus
1530 2798 1605 2869 in
1644 2795 1998 2867 volumine
2034 2792 2172 2866 111.
2214 2795 2348 2868 sub
2386 2813 2462 2865 n.
2496 2796 2566 2866 8.
2609 2793 2857 2865 folium
2893 2790 3224 2863 eiusdem

547 2920 841 2994 causae,
881 2923 969 2977 ex
1006 2925 1147 2996 qua
1191 2926 1337 2980 non
1371 2926 1623 2999 parum
1658 2907 1948 2978 luminis
1982 2908 2165 2979 circa
2201 2907 2336 2979 hoc
2371 2912 2900 2998 argumentum,
2942 2903 3032 2975 de
3071 2920 3254 2992 quo*

548 3032 662 3086 res
697 3022 830 3105 est,
872 3014 1259 3110 Episcopos
1296 3026 1747 3093 mutuaturos
1781 3038 1934 3091 esse
1971 3026 2161 3091 certo
2200 3018 2650 3090 confidimus

698 3128 821 3200 90.
877 3127 1151 3218 Cetera,
1209 3150 1396 3221 quae
1447 3138 1859 3223 supersunt,
1899 3132 1990 3204 de
2027 3148 2317 3203 munere
2364 3130 2686 3202 canonici
2739 3129 2887 3200 sive
2939 3126 3226 3198 theolo-

549 3238 756 3330 galis‚
811 3238 959 3313 sive
1011 3242 1567 3331 poenitentialis,
1610 3262 1772 3316 cum
1808 3244 2087 3334 proprie
2140 3242 2234 3316 ad
2284 3248 2551 3314 statum
2590 3238 3032 3311 materialem
3068 3254 3222 3308 non

550 3350 984 3440 pertineant,
1043 3352 1134 3424 de
1187 3372 1328 3443 quo
1380 3354 1496 3426 hic
1546 3356 1745 3427 iuxta
1801 3354 2119 3426 ordinem
2175 3361 2458 3425 nostrae
2492 3349 2999 3423 Instructionis
3053 3356 3222 3421 tan-

551 3464 703 3531 tum
749 3461 1051 3552 agimuS,
1085 3472 1534 3538 resumentur
1566 3475 1639 3540 et
1676 3465 2226 3557 explicabuntur
2262 3465 2336 3535 in
2374 3470 2566 3536 statu
2603 3462 2908 3551 formali,
2952 3479 3217 3552 nempe

550 3588 708 3662 cap.
751 3571 883 3643 III.
923 3569 996 3667 ξ.
1039 3575 1112 3646 5.
1155 3576 1228 3647 in
1265 3594 1407 3666 quo
1442 3577 1694 3649 eadem
1732 3557 2239 3649 Instructio'de
2275 3573 2505 3647 officio
2560 3574 2866 3666 theologi
2918 3580 2991 3646 et
3042 3591 3219 3664 poe-

548 3681 942 3757 nitentiarii
997 3689 1393 3779 appositam
1448 3690 1940 3778 quaestionem
1992 3689 2327 3760 instituit.
2426 3718 2433 3727 ·

1045 3895 1183 3949 Art.
1208 3896 1318 3950 111.
1358 3896 1451 3950 De
1491 3896 1730 3951 SSmae
1767 3897 2204 3951 Eucharistiae
2242 3897 2707 3951 asservatione.

682 4056 1107 4120 Summarum.
1160 4058 1268 4121 91.
1323 4057 1634 4122 Ecclesiae
1682 4054 2073 4140 parochiales
2122 4068 2185 4120 et
2231 4055 2621 4121 cathedrales
2682 4074 2759 4120 ex
2808 4054 2947 4118 iure
3016 4051 3221 4118 sacul-

544 4160 740 4217 tatem
788 4153 1021 4221 habent
1067 4160 1479 4224 asservandae
1528 4163 1755 4227 SSrhae
1806 4158 2256 4223 Eucharistiae.
2296 4162 2494 4223 Penes
2527 4157 2948 4223 cathedralem
3003 4156 3220 4220 taber-

546 4255 843 4321 naculum
877 4257 940 4322 in
976 4259 1209 4346 capella
1246 4270 1551 4346 separata,
1607 4278 1806 4345 penes
1837 4260 1984 4325 alias
2018 4261 2308 4326 ecclesias
2342 4260 2407 4325 in
2438 4260 2614 4325 altari
2647 4258 2865 4326 maiori
2901 4256 3228 4324 custodiri

687 4496 767 4573 (1)
807 4501 948 4552 Vide
1001 4503 1060 4553 in
1102 4502 1341 4557 Atrien.
1395 4468 1767 4567 Colleqiatrze
1814 4505 1882 4551 17
1930 4503 2087 4568 Sept.
2124 4502 2293 4556 1859.
2346 4502 2562 4569 qnando
2612 4503 2847 4555 ecclesia
2898 4501 3231 4567 reputanda.

546 4584 629 4635 sit
667 4584 1010 4650 receptitia.
