3497 5235
586 300 706 366 228
1349 301 1718 358 Instructionin
1761 300 1814 358 8.
1844 300 2027 373 Gongr.
2054 300 2202 358 Οοιιο.
2243 300 2515 375 expositio.

588 436 661 506 S.
703 430 778 504 C.
819 430 1359 524 Nonnunquam
1411 434 1602 505 enim
1657 435 1765 523 fit,
1822 439 1900 505 ut
1954 434 2240 525 aliquae
2294 434 2701 506 sanctiones
2737 436 2811 506 in
2846 436 3245 525 particulari

582 544 1137 632 irrationabileS,
1178 546 1290 618 vel
1329 563 1699 633 onerosae,
1761 546 1869 617 vel
1923 553 2295 636 utcunque
2348 547 2809 637 corrigendae
2850 548 3240 620 videantur.

582 652 754 727 Cum
807 658 1023 749 igitur
1076 659 1173 729 ita
1227 674 1304 728 se
1357 676 1471 728 res
1521 656 1813 744 habeat,
1854 657 2020 729 licet
2076 659 2169 729 ad
2220 655 2292 728 S.
2334 655 2407 729 C.
2451 658 3009 749 appellationem
3045 662 3247 733 inter·

578 785 872 859 ponere,
914 788 1126 859 quae,
1167 768 1578 840 rationabili
1634 770 2126 842 intercedente
2182 789 2427 858 causa,
2485 772 2890 844 admittitur
2939 773 3014 843 in
3054 774 3248 845 devo-

509 868 514 874 ’
580 881 807 954 lutivo
845 890 1152 969 tantum,
1195 883 1486 952 minime
1526 900 1687 952 vero
1726 883 1800 952 in
1838 882 2256 972 suspensivo
2295 877 2608 976 (Bened.
2652 879 2844 954 XIV.
2888 885 3009 956 lib.
3052 884 3239 956 XIII.

580 996 664 1068 de
719 999 889 1088 Syn.
941 998 1156 1069 dioec.
1217 1016 1375 1087 cap.
1419 998 1490 1068 5.
1552 1017 1627 1067 n.
1675 997 1791 1069 12.
1836 1016 1919 1069 ac
1975 992 2132 1091 13.)
2183 993 2336 1077 Qua
2391 998 2479 1069 de
2531 1016 2607 1070 re
2658 1017 2886 1091 penes
2938 999 3243 1072 eiusdem

582 1108 1051 1181 Secretarium
1107 1108 1590 1200 peculiaribus
1642 1108 2248 1201 appellationibus
2302 1110 2661 1200 capitibus
2705 1112 3038 1183 distincte
3090 1131 3247 1183 con-

580 1222 888 1307 stitutis,
948 1226 1018 1291 et
1071 1219 1204 1290 sub
1257 1222 1653 1310 respectiva
1707 1220 2090 1292 dubiorum
2142 1220 2448 1292 formula
2503 1224 2924 1312 propositiS‚
2994 1225 3245 1296 auditis

577 1334 939 1422 utrimque
992 1331 1367 1423 partibuS‚
1442 1350 1555 1403 res
1608 1333 1682 1403 in
1735 1333 1972 1422 plenis
2034 1334 2336 1404 comitiis
2406 1333 2849 1424 disceptatur
2915 1334 3008 1407 ab
3061 1333 3244 1406 Emis

577 1440 911 1515 Patribus
966 1444 1036 1514 S.
1080 1442 1685 1534 Coiigregationi5‚
1742 1462 1973 1533 eaque
2026 1446 2386 1516 sententia
2442 1444 2820 1535 profertur,
2878 1466 3065 1537 quae
3110 1467 3246 1519 me-

577 1553 707 1625 lior
743 1556 1268 1648 sapientissimo
1304 1574 1545 1626 eorum
1582 1556 1880 1627 consilio
1916 1557 2388 1628 existimatur.
2449 1554 2532 1629 Id
2570 1557 2837 1631 factum
2878 1579 3031 1632 esse
3069 1563 3244 1632 circa

577 1668 931 1740 celebrem
967 1664 1397 1759 Baptistelli,
1440 1665 1775 1759 Episcopi
1814 1666 2369 1758 FulginatensiS,
2412 1666 2776 1759 Synodum
2817 1674 2987 1743 anni
3033 1673 3236 1742 1722.

574 1785 880 1851 testatur
929 1777 1200 1849 Bened.
1242 1775 1433 1848 XIV.
1495 1780 1545 1849 l.
1588 1799 1650 1850 c.
1695 1780 1814 1851 lib.
1864 1780 2065 1852 XIII.
2107 1800 2266 1870 cap.
2310 1782 2383 1852 5.
2426 1801 2500 1852 η.
2547 1781 2703 1866 13.,
2757 1785 3093 1875 idemque
3144 1784 3245 1854 fa-

574 1896 899 1967 ctitatum
955 1894 1173 1965 fuisse
1227 1901 1505 1965 constat
1559 1895 1634 1963 in
1687 1895 2043 1966 similibus
2079 1895 2364 1968 casibus
2400 1895 2829 1985 subsecutiS,
2888 1903 2968 1969 ut
3018 1899 3090 1968 in
3137 1897 3243 1968 Vi·

574 2007 863 2078 terbien.
911 2006 1178 2094 synodi
1229 2005 1370 2077 diei
1431 2006 1546 2075 12.
1605 2001 1773 2076 Maii
1831 2006 2047 2076 1764.

726 2119 890 2188 165.
949 2114 1056 2187 Ob
1112 2118 1422 2187 locorum
1488 2135 1571 2188 ac
1622 2123 2024 2209 temporum
2090 2117 2717 2207 circumstantias,
2786 2118 3072 2208 aliaque
3124 2119 3244 2191 ad-

569 2229 814 2300 iuncta
881 2246 1225 2319 persaepe
1291 2246 1447 2299 sese
1516 2229 1843 2320 impediri
1916 2231 2335 2301 renuntiant
2399 2225 2783 2321 Episcopi,
2866 2232 3238 2319 quominus

571 2341 986 2429 synodalem
1041 2347 1467 2411 conventum
1512 2339 1779 2412 habere
1817 2341 2118 2432 possint.
2172 2337 2244 2411 S.
2287 2337 2361 2412 C.
2409 2359 2532 2431 pro
2585 2343 2917 2415 instituto
2953 2362 3241 2434 respon·

572 2450 739 2521 dere
794 2452 1019 2536 solet,
1092 2468 1242 2522 sese
1297 2451 1699 2539 confidere,
1778 2453 1969 2541 quod
2035 2452 2155 2524 ubi
2212 2454 2518 2543 primum
2575 2455 2750 2545 ipsis
2810 2474 3035 2547 prona
3090 2474 3237 2527 sese

565 2563 910 2654 praebeat
948 2564 1248 2652 occasio,
1308 2563 1637 2635 eumdem
1673 2582 2063 2637 convocare
2100 2583 2245 2635 non
2281 2566 2887 2655 praetermittant.
2947 2563 3240 2640 Interim

567 2694 735 2746 vero
790 2676 1037 2747 iisdem
1093 2677 1444 2762 inculcat,
1511 2682 1590 2747 ut
1643 2676 1962 2747 eiusdem
2019 2676 2327 2748 delectui
2382 2679 2764 2769 suppleant
2815 2681 2903 2750 iis
2955 2681 3243 2751 rationi·

566 2786 730 2875 bus,
774 2805 955 2877 quas
991 2788 1262 2858 indicat
1299 2785 1565 2857 Bened.
1605 2783 1791 2856 XIV.
1836 2789 1919 2859 de
1959 2790 2129 2878 Syn.
2165 2790 2381 2861 dz‘oec.
2427 2792 2546 2862 lib.
2586 2791 2654 2863 1.
2697 2810 2854 2882 cap.
2888 2792 2961 2863 2.
3014 2814 3089 2863 η.
3130 2795 3240 2874 5.,

566 2917 781 2989 quem
835 2900 1065 2970 locum
1119 2899 1592 2969 excribimus:
1656 2921 1692 2962 <r
1724 2896 1877 2979 Qua
1931 2902 2004 2972 in
2041 2918 2116 2971 re
2154 2909 2471 2991 praestat
2524 2901 2770 2975 audire
2825 2900 2897 2973 S.
2941 2901 3239 2994 Congre-

567 3037 604 3080 ›
649 3013 1002 3103 gationem
1058 3010 1378 3098 Concilii,
1437 3032 1622 3101 quae
1674 3015 2098 3103 praecipuas
2149 3015 2464 3104 suggerit
2519 3015 2908 3085 industrias
2976 3016 3236 3087 substi-

565 3125 953 3195 »tuendas
1007 3121 1335 3212 Synodo‚
1411 3143 1570 3194 cum
1625 3124 1716 3195 ab
1772 3122 2123 3216 Episcopo
2177 3126 2328 3196 sieri
2384 3126 2661 3214 nequit.
2735 3122 3023 3198 Etenim
3077 3145 3227 3198 cum

566 3260 604 3302 »
646 3232 1041 3325 Episcopus
1076 3233 1551 3323 Canariensis,
1595 3237 1967 3307 occasione
2002 3233 2448 3308 visitationis
2477 3238 2848 3308 Sacrorum
2880 3236 3228 3310 Liminum

562 3372 602 3414 »
643 3349 733 3417 ad
789 3347 1184 3438 praefatam
1240 3346 1873 3438 Congregationem
1944 3350 2453 3421 transmisisset
2525 3350 2946 3421 relationem
3008 3359 3227 3424 status

563 3483 601 3526 w
643 3478 813 3530 suae
852 3456 1218 3545 ecclesiae,
1254 3459 1627 3547 eidemque
1665 3459 2165 3550 significasset,
2202 3461 2633 3551 impossibile
2670 3462 2806 3532 sibi
2844 3481 3001 3536 esse
3046 3464 3230 3535 dioe-

561 3596 598 3636 »
641 3589 974 3641 cesanam
1003 3569 1364 3658 Synodum
1403 3590 1676 3661 cogere,
1712 3569 1785 3641 S.
1814 3572 1887 3642 C.
1922 3573 2144 3644 literis
2182 3573 2273 3642 ad
2315 3574 2545 3663 ipsum
2575 3574 2763 3646 datis
2792 3594 2983 3646 anno
3018 3575 3220 3646 1720.

562 3707 600 3750 w
642 3683 1045 3771 rescripsit:
1115 3680 1502 3771 Reliquum
1557 3693 1703 3770 ost,
1761 3691 1841 3755 ut
1896 3685 2036 3754 tuis
2087 3685 2468 3773 postulatis
2530 3686 3032 3775 respondeam.
3086 3684 3229 3756 Pri·

561 3817 599 3861 »
644 3813 836 3863 mum
889 3793 1349 3866 difficultates
1403 3795 1871 3866 dioecesanae
1941 3793 2486 3887 congregandae
2543 3797 2808 3886 Synodi
2877 3797 3086 3868 nobis
3136 3794 3221 3865 ob

559 3930 596 3973 ι»
638 3906 877 3975 oculos
932 3908 1162 3994 ponis,
1222 3911 1293 3976 et
1329 3924 1456 3976 cac
1496 3907 1789 3994 quidem
1842 3908 2195 3978 maximae
2248 3914 2443 3994 suut,
2489 3916 2878 3998 vetantque
2917 3909 3221 3999 proiecto

556 4040 594 4083 w
636 4035 917 4087 omnem
955 4017 1593 4088 ecclesiasticorum
1650 4027 2080 4090 conventum
2121 4019 2299 4089 lieri.
2358 4015 2622 4090 Verum
2664 4019 2735 4091 S.
2778 4017 2853 4091 C.
2898 4023 3149 4092 certior
3184 4037 3223 4087 a

556 4152 594 4196 »
636 4136 706 4202 te
761 4128 911 4200 fieri
962 4131 1186 4218 cupit,
1246 4150 1337 4199 an
1394 4129 1465 4199 iu
1505 4147 1945 4220 unaquaque
1999 4132 2233 4201 insula
2289 4139 2579 4222 possent
2633 4151 2761 4224 per
2807 4151 3035 4204 annos
3083 4132 3231 4202 sin·

555 4266 595 4308 »
639 4241 863 4332 gulos,
924 4243 1217 4314 definito
1271 4263 1311 4313 a
1365 4249 1435 4314 te
1488 4262 1615 4333 per
1667 4245 1977 4315 edictum
2032 4245 2184 4314 loco
2239 4263 2321 4316 ac
2373 4245 2515 4330 die,
2575 4251 2699 4315 aut
2755 4264 3037 4333 omneS,
3099 4247 3222 4314 aut

556 4377 593 4419 »
633 4354 857 4424 maior
911 4354 1325 4426 clericorum
1380 4373 1573 4444 pars,
1633 4356 1900 4445 quibus
1953 4356 2236 4446 Synodo
2291 4356 2635 4427 interesse
2693 4357 2803 4426 ius
2850 4366 2985 4445 est,
3041 4370 3223 4427 com—

553 4487 593 4529 »
635 4465 837 4534 mode
891 4465 1113 4554 coire,
1173 4468 1362 4538 vices
1414 4486 1581 4538 suas
1635 4469 1787 4555 uni,
1846 4474 1971 4539 aut
2023 4467 2351 4557 pluribus
2403 4468 2986 4557 procuratoribus
3038 4466 3228 4538 dele·

552 4600 589 4643 ι»
635 4576 905 4665 gaturi:
964 4583 1034 4648 et
1088 4597 1182 4648 an
1237 4578 1358 4667 qui
1416 4579 1618 4649 electi
1677 4580 1988 4667 fuerint,
2056 4586 2396 4670 possent,
2469 4586 2759 4671 accepto
2814 4578 3224 4653 authentico

547 4688 1006 4781 »legationis
1055 4707 1230 4760 suae
1283 4693 1725 4781 testimoniO,
1784 4699 2055 4765 statuto
2104 4694 2377 4786 pariter
2429 4702 2790 4788 tempore,
2847 4702 2920 4768 te
2972 4706 3228 4766 conve·
