3497 5235
549 249 665 324 0⁸).
691 249 760 307 11.
798 251 870 308 Do
910 247 1175 324 Βρίιοορο,
1213 249 1620 325 mptum,
1655 250 1886 311 Primae
1923 252 1983 311 ot
2020 252 2346 311 Patrium.
2385 253 2440 327 g.
2467 252 2518 311 ⁷.
2744 253 2859 315 251

269 384 632 474 cancellarii,
675 386 946 475 aliique
982 385 1322 459 officiales
1357 387 1860 461 ecclesiasticis
1896 390 2110 461 curiis
2146 390 2410 462 addicti
2467 389 2558 461 ab
2597 391 2873 463 aerario

265 496 494 587 publico
525 497 963 587 stipendium
1001 498 1393 588 recipiant;
1433 497 1558 569 sed
1598 498 1670 570 in
1706 496 1781 592 ἓ.
1822 517 1980 589 seq.
2020 502 2224 572 352:
2271 524 2309 568 ‹
2351 502 2542 591 quod
2578 521 2665 573 ex
2702 520 2877 574 can-

267 632 296 676 ›
324 608 730 680 cellariarum
759 609 946 681 taxis
973 610 1388 700 percipitur,
1422 610 1637 681 curiis
1677 612 2093 701 respectivis
2122 613 2381 685 editur.
2418 639 2456 681 »
2486 611 2655 685 Post
2695 612 2875 685 haec

265 720 405 790 circa
435 721 659 793 curias
696 720 1217 792 ecclesiasticas
1247 719 1321 814 ἓ.
1365 722 1532 795 358.
1574 721 1887 794 abolitae
1924 729 1994 795 et
2031 723 2416 816 abrogatae
2454 730 2626 797 sunt
2664 727 2876 817 Spor-

259 830 433 912 tutae,
464 849 762 920 quarum
815 834 1104 903 nomine
1155 834 1451 904 veniunt
1486 832 1865 903 honoraria
1903 833 2261 906 iudicibus
2314 854 2441 926 pro
2477 835 2713 906 causis
2764 837 2877 906 iu-

259 940 578 1014 dicialibus
631 944 705 1013 in
758 949 948 1014 certa
1003 952 1222 1032 quota
1279 944 1626 1034 pecuniae
1678 963 1720 1014 a
1774 944 2099 1035 partibus
2152 944 2603 1037 litigantibus
2663 964 2873 1037 prae-

256 1052 485 1124 standa.
540 1046 889 1145 (Ferraris
940 1054 1158 1126 verbo
1197 1055 1414 1127 Iudex
1464 1073 1540 1125 n.
1575 1051 1763 1150 462).
1809 1052 1894 1126 In
1945 1054 2019 1151 ξ.
2063 1054 2232 1129 361.
2292 1058 2610 1130 eiusdem
2662 1055 2875 1129 Gam-

251 1159 432 1234 berini
466 1165 680 1237 edicti
730 1166 1097 1254 statuitur,
1140 1172 1345 1237 taxas
1387 1166 1798 1238 iudiciarias
1836 1167 2294 1239 determinari
2331 1188 2373 1239 a
2409 1168 2872 1259 repartitione

251 1275 416 1366 vulgo
445 1278 742 1369 Tariffa,
773 1296 959 1368 quae
994 1277 1375 1349 exhibetur
1411 1279 1484 1349 in
1522 1277 1770 1350 eodem
1801 1276 2032 1350 edicto
2064 1278 2268 1352 titulo
2295 1278 2544 1352 eodem
2582 1281 2771 1351 Sect.
2795 1278 2866 1348 4.

247 1402 279 1455 a
316 1383 374 1479 g.
414 1387 576 1460 406.
629 1396 702 1460 et
749 1407 939 1479 seq.,
996 1408 1182 1479 quae
1236 1389 1603 1480 repartitio
1640 1410 1681 1461 a
1720 1389 1849 1461 sori
1888 1391 2349 1464 ecclesiastici
2403 1390 2763 1462 iudicibus
2802 1396 2876 1463 et

247 1496 682 1571 tribunalibus
734 1500 1186 1573 observanda
1238 1518 1394 1573 esse
1447 1502 1811 1592 conceptis
1865 1502 2100 1573 verbis
2152 1501 2591 1592 perhibetur.
2656 1500 2873 1574 Porro

242 1606 300 1677 in
327 1609 496 1683 dicta
530 1612 852 1684 sectione
889 1617 1147 1701 quarta
1185 1613 1410 1702 primo
1447 1612 1978 1702 praefiniuntur
2011 1620 2222 1686 taxae
2260 1632 2384 1706 pro
2413 1613 2866 1701 cancellariO,

247 1726 299 1791 et
336 1723 426 1794 sic
457 1724 798 1813 deinceps
836 1743 959 1815 pro
997 1724 1157 1794 aliis
1195 1725 1515 1813 personis
1567 1723 1915 1796 tribunali
1967 1724 2299 1814 addictis,
2357 1730 2567 1816 prout
2601 1724 2869 1797 ibidem

241 1832 437 1907 videre
485 1841 598 1908 est
649 1836 726 1906 in
778 1836 969 1907 dicta
1020 1833 1096 1929 ξ.
1140 1835 1308 1908 406.

351 1948 510 2020 224.
556 1948 965 2038 Antequam
1018 1948 1186 2019 huic
1252 1948 1344 2020 de
1395 1954 1566 2019 taxa
1628 1948 1927 2019 articulo
1978 1948 2143 2021 finis
2193 1949 2629 2038 imponatur,
2686 1954 2870 2020 tam-

237 2074 413 2146 quam
463 2063 749 2132 coronis
801 2060 1158 2148 adiicitur,
1201 2059 1394 2150 quod
1428 2060 1702 2132 ultimis
1754 2059 1946 2131 hisce
1993 2058 2436 2149 temporibus
2488 2058 2868 2148 quamplu-

232 2186 322 2240 res
351 2167 681 2263 Episcopi
721 2174 908 2244 intra
946 2178 1016 2244 et
1054 2178 1252 2244 extra
1289 2168 1601 2261 Italiam,
1636 2178 1707 2244 et
1743 2173 2167 2245 nominatim
2207 2192 2289 2244 ex
2329 2170 2578 2244 Galliis
2612 2179 2867 2263 sponte

232 2296 335 2350 sua
382 2289 619 2354 taxam
671 2283 747 2354 in
803 2284 1225 2355 cancellaria
1265 2302 1394 2355 sua
1446 2290 1802 2355 servatam
1840 2280 2097 2356 Sacrae
2151 2282 2689 2376 Congregationi
2744 2281 2869 2355 de-

224 2391 542 2483 tulerunt,
585 2402 668 2467 ut
727 2395 1198 2484 Apostolicam
1251 2394 1572 2467 eiusdem
1625 2396 2069 2468 sanctionem
2121 2383 2593 2486 reportarent.
2654 2392 2869 2467 Sacer

228 2497 383 2576 Ordo
428 2507 660 2599 probe
698 2525 1025 2594 noscenS,
1065 2507 1254 2578 hanc
1290 2509 1592 2579 Sanctae
1640 2506 1845 2579 Sedis
1897 2507 2276 2579 adeundae
2313 2507 2497 2578 viam
2535 2505 2867 2577 idoneam

220 2630 348 2687 csse
396 2627 625 2709 atque
677 2620 1277 2709 percommodam,
1318 2626 1398 2691 ut
1450 2619 1849 2691 animorum
1895 2621 2225 2691 anxietas
2274 2619 2520 2691 bacin
2573 2637 2647 2690 re
2699 2614 2870 2709 Epi-

215 2727 422 2817 scopis
472 2731 872 2818 adimatur,
913 2731 1268 2819 quaedam
1308 2729 1782 2817 uniformitaS,
1824 2729 2063 2819 quoad
2100 2731 2252 2803 fieri
2292 2736 2553 2822 potest,
2596 2727 2866 2818 ubique

214 2847 534 2929 servetur,
577 2847 653 2913 et
707 2841 1247 2914 immodicarum
1286 2848 1612 2913 taxarum
1664 2843 2061 2932 periculum
2098 2849 2575 2927 removeatur,
2618 2857 2865 2931 preces

210 2944 416 3023 libens
468 2954 835 3042 excipere,
879 2959 1299 3025 consuetum
1353 2951 1442 3022 de
1495 2953 1799 3044 singulis
1847 2954 2297 3043 praepositae
2349 2958 2558 3024 taxae
2614 2948 2868 3038 capiti-

211 3055 327 3132 bus
375 3081 687 3135 examen
740 3064 1139 3152 instituere,
1183 3081 1475 3153 remque
1527 3081 1810 3135 omnem
1866 3063 2079 3135 SSi‘no
2132 3062 2215 3134 D.
2258 3059 2344 3133 N.
2403 3059 2665 3133 referre
2718 3077 2864 3130 non

208 3170 468 3262 abnuit,
529 3175 661 3266 qui
717 3192 844 3264 pro
899 3182 1192 3266 paterna
1246 3194 1376 3246 sua
1429 3173 1876 3265 benignitate
1928 3172 2342 3247 Pontificiae
2394 3189 2569 3244 suae
2621 3177 2869 3242 aucto-

200 3281 411 3357 ritatis
463 3286 695 3358 robur
732 3285 1119 3376 adiungere
1156 3287 1495 3377 dignatus
1546 3293 1680 3358 est.
1723 3280 2033 3378 Insuper
2071 3287 2142 3357 in
2180 3285 2540 3376 responsis
2592 3283 2682 3354 ad
2727 3282 2867 3352 An-

199 3394 488 3468 tistitum
547 3397 965 3484 relationeS,
1021 3398 1315 3487 quando
1365 3398 1864 3491 opportunitas
1918 3399 2248 3487 occurrit,
2299 3396 2688 3488 Episcopos
2736 3412 2865 3484 pro

193 3521 365 3580 more
421 3508 661 3581 ferme
715 3509 998 3596 invitat,
1039 3515 1119 3581 ut
1168 3515 1438 3597 taxam,
1481 3509 1689 3580 modo
1740 3507 1876 3580 sibi
1932 3509 2241 3602 placeat,
2283 3511 2513 3581 eidem
2569 3509 2641 3580 S.
2685 3505 2866 3579 Con-

196 3623 588 3712 gregationi
628 3620 1186 3692 examinandam
1222 3620 1574 3708 deferant,
1618 3620 1927 3710 indeque
1971 3621 2440 3711 Apostolicam
2489 3618 2866 3693 confirma-

186 3730 440 3805 tionem
503 3740 1075 3822 consequantur.
1133 3730 1318 3804 Ilinc
1371 3731 1637 3804 factum
1690 3737 1842 3821 est,
1904 3738 1980 3804 ut
2034 3731 2241 3803 modo
2293 3732 2560 3826 passim
2611 3730 2865 3802 huius-

187 3844 359 3916 modi
400 3852 750 3917 taxarum
789 3862 1090 3915 examen
1129 3843 1548 3935 postuletur.
1594 3841 1851 3935 Itaque
1886 3845 1943 3915 si
1983 3845 2146 3933 quis
2183 3844 2386 3916 adest
2436 3841 2857 3934 Episcopus,

181 3947 424 4045 (idque
464 3955 568 4028 de
606 3952 980 4045 Episcopis
1014 3951 1268 4026 Italiae
1306 3973 1592 4045 quoque
1629 3954 1958 4043 dicimuS,
2000 3955 2124 4044 qui
2168 3954 2345 4027 [orte
2381 3956 2454 4025 in
2490 3955 2862 4044 sequenda

175 4059 715 4142 Innocentiana
771 4068 1200 4138 contrariam
1253 4067 1891 4154 consuetudinem,
1949 4072 2074 4138 aut
2124 4083 2617 4156 quascumque
2681 4066 2861 4138 alias

173 4175 651 4253 difficultates
685 4174 1120 4273 offendunt),
1163 4178 1284 4267 qui
1321 4184 1563 4250 taxam
1601 4173 2198 4252 Innocentianam
2239 4177 2673 4250 adamussim
2715 4195 2859 4248 non

167 4298 422 4380 servet,
472 4290 726 4379 deque
778 4308 862 4361 ea
916 4289 1229 4378 aliquem
1282 4291 1522 4361 animo
1571 4290 1988 4382 scrupulum
2043 4288 2319 4375 foveat,
2380 4305 2522 4358 non
2575 4286 2859 4361 dubitet

163 4398 350 4474 Sacr.
397 4401 1008 4492 Congregationis
1045 4401 1357 4473 examini
1411 4399 1733 4473 eamdem
1771 4398 2149 4471 subiicere.
2190 4396 2455 4471 Poterit
2492 4400 2736 4487 etiam,
2778 4405 2860 4473 ut

156 4515 499 4606 plerique
565 4512 865 4597 faciunt,
906 4531 1075 4583 suas
1108 4513 1505 4601 peculiares
1557 4512 1820 4583 addere
1857 4511 2540 4598 animadversioneS,
2582 4512 2639 4583 si
2678 4528 2860 4602 opus

152 4626 288 4718 sit;
367 4643 572 4699 nam
624 4622 948 4696 Pontifex
999 4640 1129 4713 pro
1179 4642 1310 4695 sua
1363 4624 1740 4697 clementia
1792 4623 1884 4696 ad
1937 4623 2359 4696 relationem
2412 4621 2499 4695 l).
2539 4624 2863 4697 Secreta-
