3497 5235
578 276 699 341 232
1328 274 1697 334 Imtruotionin
1737 273 1792 333 Β.
1820 272 2004 348 Ooagr.
2032 273 2179 332 Oeno.
2220 271 2493 347 expositio.

579 411 664 482 rii
718 409 967 502 procul
1018 408 1237 480 dubio
1289 427 1434 479 non
1486 406 2000 500 dedignabitur
2062 425 2307 479 earum
2373 403 3073 489 animadversionum
3121 401 3226 474 dc-

578 520 809 597 bitam
862 520 1132 594 babere
1183 521 1562 609 rationem,
1607 526 1822 611 prout
1875 519 2130 591 melius
2180 519 2257 589 in
2314 515 2608 589 Domino
2659 514 3048 588 videbitur.

1696 797 2131 851 APPENDIX.

1771 986 1866 1041 De
1899 988 2071 1040 taxa.

716 1162 1145 1226 Suuuamuu.
1180 1156 1333 1219 225.
1373 1151 1717 1220 Adduntnr
1764 1150 2009 1237 aliquae
2056 1171 2306 1228 causae,
2357 1172 2521 1236 quae
2568 1153 2644 1220 ad
2681 1154 3079 1219 cancellarias
3114 1152 3237 1239 epi-

576 1259 864 1344 scopales
927 1256 1319 1322 reseruntur.
1374 1291 1418 1303 -
1464 1258 1617 1321 226.
1657 1257 1811 1319 227.
1852 1258 2004 1321 228.
2044 1259 2201 1320 229.
2254 1256 2503 1323 Literae
2564 1263 2628 1326 S.
2684 1261 2754 1324 C.
2807 1269 2872 1323 et
2921 1259 3240 1324 decretum

580 1361 868 1429 eiusdem
914 1378 1114 1444 super
1159 1356 1587 1423 asservatione
1632 1357 2093 1441 scripturarum
2145 1357 2385 1424 editum
2437 1379 2601 1425 anno
2663 1360 2881 1436 1625»,
2919 1358 3239 1424 confirma-

580 1476 713 1530 tum
770 1468 960 1531 1825.
1016 1461 1243 1526 Notula
1291 1460 1687 1547 singularum
1735 1460 2471 1544 scripturarum-2:30.
2504 1465 2658 1527 231.
2691 1465 2844 1527 232.
2895 1462 3056 1526 Facti
3112 1480 3240 1546 spe-

581 1567 711 1631 cies
744 1582 964 1629 causae
1004 1564 1326 1627 Romanae
1356 1572 1415 1626 et
1450 1560 1735 1625 aliarum
1780 1559 1948 1626 inter
1979 1564 2382 1628 cancellarios
2416 1576 2480 1629 et
2514 1566 2812 1629 notarios.
2851 1602 2895 1614 -
2926 1567 3083 1630 233.
3125 1568 3243 1631 lura

578 1686 700 1752 pro
764 1665 1022 1732 notariis
1085 1663 1385 1730 deducta.
1432 1700 1476 1712 -
1540 1665 1692 1727 231.
1748 1665 1902 1727 Item
1967 1682 2088 1748 pro
2150 1666 2563 1731 cancellariis.
2615 1703 2659 1714 -
2708 1670 2859 1732 235.
2922 1668 3125 1732 Dubia
3190 1667 3247 1733 in

579 1770 795 1859 specie
845 1766 1219 1834 resolvenda
1268 1766 1590 1852 proposita
1640 1785 1785 1830 cum
1832 1765 1963 1830 suis
2011 1768 2530 1844 resolutionibus,
2583 1789 2662 1834 ex
2712 1770 2947 1854 quibus
2980 1771 3240 1847 eruitur,

583 1872 759 1959 quod
807 1870 1189 1947 cancellarii,
1244 1869 1650 1935 tabellionum
1701 1881 2014 1947 carentes,
2070 1888 2283 1956 neque
2333 1872 2395 1936 in
2445 1873 2570 1937 vim
2626 1874 2783 1960 legis
2843 1893 3008 1938 anno
3061 1876 3243 1939 1822.

580 1994 702 2062 pro
753 1971 1200 2039 tabellionibus
1249 1984 1594 2048 emanatae,
1646 1991 1861 2058 neque
1913 1973 2407 2040 declarationum
2459 1978 2681 2042 Sacrae
2732 1975 3250 2063 congregationis

581 2094 808 2163 rogare
863 2085 1128 2159 possunt
1188 2084 1320 2137 acta
1384 2073 1666 2138 notarilia
1737 2074 2140 2159 respicientia
2200 2087 2558 2142 contractus
2620 2079 2905 2143 locorum
2974 2078 3244 2164 piorum,

582 2177 770 2245 dotes
802 2176 1192 2253 Monialium,
1231 2175 1605 2261 patrimonia
1642 2176 2172 2255 ordinandorum,
2209 2179 2454 2264 aliaque
2488 2178 2875 2245 huiusmodi.
2914 2182 3074 2256 Quin
3116 2180 3250 2265 Epi-

578 2282 760 2366 ¹scopi
811 2300 939 2346 non
987 2289 1250 2365 possunt
1299 2298 1416 2364 per
1449 2280 1654 2365 legem
1689 2280 2141 2358 antedictum,
2192 2293 2300 2346 aut
2344 2300 2465 2367 per
2509 2281 2694 2346 aliam
2746 2284 3053 2348 rationem
3094 2282 3252 2348 dire-

589 2395 750 2448 ctam
802 2393 908 2447 aut
956 2381 1331 2447 indirectam
1382 2381 1748 2467 iniungere,
1802 2392 1872 2447 ut
1919 2394 2051 2447 acta
2100 2382 2420 2468 praedicta
2473 2386 2660 2450 unice
2719 2404 2837 2469 per
2881 2405 3071 2450 suum
3122 2404 3256 2450 cau-

589 2484 912 2551 cellarium
962 2483 1397 2549 celebrentur.
1453 2484 1688 2551 Notarii
1742 2495 1950 2549 tamen
2000 2487 2273 2572 simplex
2323 2488 2608 2552 omnium
2649 2500 2902 2553 actuum
2939 2490 3255 2576 exemplar

588 2589 799 2654 curiae
851 2586 1098 2654 tradere
1150 2598 1475 2654 tenentur.
1527 2625 1569 2636 -
1617 2591 1773 2654 236.
1829 2589 2192 2654 Cancellarii
2260 2589 2755 2676 appellationem
2807 2592 3247 2679 interponunt.

589 2727 634 2740 -
664 2694 817 2756 237.
854 2690 1016 2768 Quid
1067 2691 1275 2777 egerit
1326 2697 1388 2759 S.
1432 2694 1501 2757 C.
1544 2691 1835 2756 Concilii.
1873 2728 1917 2739 -
1957 2696 2112 2758 238.
2166 2694 2360 2757 Dubia
2414 2692 2642 2757 iterum
2697 2707 3153 2778 proponuntur
3196 2705 3255 2759 et

590 2793 1074 2870 confirmantur,
1126 2792 1338 2859 addita
1375 2806 1590 2858 mente
1623 2792 1699 2858 ad
1736 2793 2016 2878 primum
2053 2793 2344 2869 dubium,
2387 2808 2453 2861 ut
2484 2808 2858 2860 sanarentur
2889 2809 3021 2862 acta
3060 2798 3120 2862 in
3154 2815 3257 2861 an·

593 2907 902 2962 tecessum
937 2916 966 2960 a
1004 2895 1389 2961 cancellariis
1435 2894 1746 2961 confecta.
1771 2934 1814 2945 -
1847 2897 1993 2961 239.
2029 2899 2158 2962 Cur
2192 2895 2253 2962 id
2292 2897 2521 2962 sactum
2561 2897 2773 2963 suerit.
2805 2935 2848 2946 -
2876 2902 3028 2964 240.
3072 2902 3257 2964 Causa

593 3001 983 3073 Ariminen„
1038 3000 1142 3064 ubi
1183 3010 1310 3064 acta
1350 2998 1767 3066 licitationum
1805 3000 1879 3065 ad
1919 2998 2018 3085 pia
2054 2999 2181 3064 loca
2217 3000 2600 3083 pertinentia
2654 3003 2867 3065 curiae
2918 2997 3257 3085 episcopali

595 3101 1064 3168 adiudicantur.
1121 3103 1208 3165 De
1256 3112 1473 3167 cetero
1508 3121 1667 3186 qnae
1702 3100 1960 3186 posthac
1992 3101 2366 3167 solemniter
2412 3124 2441 3165 a
2492 3104 2556 3168 S.
2596 3104 2666 3167 C.
2708 3105 2902 3167 Cone.
2959 3101 3259 3166 declarata

593 3211 765 3280 sunt,
819 3209 885 3272 S.
926 3208 999 3270 C.
1038 3203 1247 3290 Episc.
1287 3216 1350 3269 et
1393 3204 1619 3290 [legul.
1674 3204 2188 3291 praeoccupavit.
2223 3241 2267 3253 -
2300 3207 2453 3269 2¹41.
2493 3206 2639 3268 Acta
2692 3203 3091 3291 respicientia
3124 3203 3263 3267 lici-

593 3309 863 3371 tationes
896 3305 1236 3382 bonorum,
1273 3325 1434 3391 quae
1466 3303 1543 3372 ad
1577 3305 1957 3392 capellanias
1992 3325 2167 3372 mere
2206 3307 2450 3372 laicales
2484 3319 2798 3393 spectant,
2838 3325 2965 3372 non
3000 3327 3029 3371 a
3065 3307 3257 3381 curia,

593 3407 707 3474 sed
757 3408 833 3472 ab
880 3427 984 3485 eo,
1038 3408 1144 3492 qui
1198 3407 1356 3472 bona
1408 3409 1793 3494 capellaniae
1841 3406 2262 3486 administrat,
2301 3409 2662 3495 peragenda
2710 3419 2880 3473 sunt.
2911 3445 2955 3457 -
2987 3413 3139 3474 242.
3177 3412 3265 3473 De

596 3509 920 3575 tabulariis
965 3530 998 3573 a
1047 3509 1225 3575 Sixto
1273 3511 1348 3574 V.
1405 3511 1468 3575 in
1518 3512 1800 3596 qnalibet
1847 3510 2217 3576 dioecesana
2253 3512 2452 3588 curia,
2504 3530 2753 3577 necnon
2805 3513 3092 3577 instituto
3128 3529 3265 3575 sae-

597 3612 796 3679 culari
845 3612 943 3676 vel
997 3611 1268 3698 regulari
1320 3616 1751 3700 praescriptis,
1807 3613 1870 3680 in
1919 3614 2154 3698 quibus
2202 3614 2554 3679 inventaria
2611 3597 2898 3679 omnium
2960 3615 3265 3679 bonorum

597 3716 1169 3783 ecclesiasticorum
1218 3714 1655 3801 deponantur.
1707 3719 1794 3782 De
1842 3718 2090 3804 legibus
2138 3715 2299 3781 circa
2348 3714 2708 3781 huiusmodi
2780 3716 3079 3781 tabularia
3129 3734 3268 3779 ser-

595 3819 818 3885 vandis
865 3819 1034 3883 iuxta
1078 3819 1344 3884 Constit.
1385 3818 1625 3884 Bened.
1667 3821 1819 3885 ΧΙΙΙ.
1862 3818 2165 3906 incipien.
2208 3820 2500 3884 Maxima
2533 3819 2883 3902 viyi'lantia
2920 3817 3261 3884 remissive.

598 3958 642 3970 -
673 3924 830 3986 243.
865 3921 1313 3985 Emolumenta
1348 3938 1426 3984 ex
1464 3920 1904 3986 iurisdictione
1940 3935 2004 3986 et
2036 3920 2269 4008 sigillo,
2305 3921 2459 3986 sede
2501 3935 2786 3996 vacante,
2827 3917 3265 4006 provenientia

599 4023 769 4088 iuxta
820 4023 1141 4090 Clement.
1192 4026 1253 4088 6.
1309 4041 1449 4107 cap.
1488 4025 1855 4089 statuimus
1901 4023 1973 4089 de
2006 4022 2237 4097 Elect„
2289 4023 2632 4089 successori
2683 4022 3060 4089 reservanda
3090 4030 3262 4086 sunt.

597 4124 905 4192 Deductis
954 4136 1163 4190 tamen
1214 4129 1508 4210 expensis
1555 4145 1675 4211 pro
1723 4127 1972 4202 charta,
2024 4146 2205 4203 cera,
2259 4128 2600 4201 ministriS,
2653 4125 2996 4191 honorario
3045 4119 3269 4190 vicarii

600 4228 979 4311 capitularis
1027 4247 1094 4293 ac
1141 4228 1479 4293 similibus.
1533 4230 1702 4306 Quae
1750 4228 2209 4293 confirmantur
2272 4231 2649 4293 auctoritate
2715 4232 2778 4296 S.
2830 4231 3030 4315 Cong.
3072 4229 3268 4291 Cone.

599 4365 643 4378 -
675 4333 828 4395 244.
867 4333 1019 4394 225.
1074 4329 1531 4418 Distinguenda
1578 4341 1725 4397 sunt
1772 4332 2204 4396 emolumenta
2258 4331 2502 4396 Vicario
2554 4332 2796 4396 ratione
2835 4330 3019 4395 officii
3057 4326 3275 4394 debita

601 4430 679 4496 ab
735 4432 833 4509 iis,
893 4452 1054 4518 quae
1107 4434 1421 4520 Episcopo
1486 4435 1728 4500 ratione
1780 4433 2232 4500 iurisdictionis
2301 4434 2722 4499 debebantur.
2777 4432 2980 4498 Prima
3030 4429 3275 4497 vicario

606 4532 947 4617 Capitulari
998 4534 1276 4613 cedunt,
1327 4537 1604 4602 secunda
1659 4536 2003 4602 successori
2055 4550 2503 4613 reservantur,
2564 4535 2670 4600 vel
2718 4555 2750 4599 a
2802 4539 3060 4602 Camera
3106 4537 3281 4616 Apo-

602 4635 822 4701 stolica
877 4639 1346 4724 percipiuntur.
1401 4642 1490 4705 De
1544 4659 1721 4705 causa
1772 4642 2046 4706 Ianuen.
2104 4640 2168 4705 in
2224 4660 2346 4725 qua
2393 4636 2791 4706 consuetudo
2839 4639 3276 4704 emolumenta
