<?xml version="1.0" encoding="UTF-8"?>
<!DOCTYPE html PUBLIC "-//W3C//DTD XHTML 1.0 Transitional//EN"
    "http://www.w3.org/TR/xhtml1/DTD/xhtml1-transitional.dtd">
<html xmlns="http://www.w3.org/1999/xhtml" xml:lang="en" lang="en">
 <head>
  <title>
</title>
<meta http-equiv="Content-Type" content="text/html;charset=utf-8" />
  <meta name='ocr-system' content='tesseract 3.04.00' />
  <meta name='ocr-capabilities' content='ocr_page ocr_carea ocr_par ocr_line ocrx_word'/>
</head>
<body>
  <div class='ocr_page' id='page_1' title='image "./devisitationesa00popegoog_0128.png"; bbox 0 0 3497 5235; ppageno 0'>
   <div class='ocr_carea' id='block_1_1' title="bbox 675 277 2569 357">
    <p class='ocr_par' dir='ltr' id='par_1_1' title="bbox 675 277 2569 357">
     <span class='ocr_line' id='line_1_1' title="bbox 675 277 2569 357; baseline -0.001 -16"><span class='ocrx_word' id='word_1_1' title='bbox 675 277 789 343; x_wconf 81' lang='lat'>100</span> <span class='ocrx_word' id='word_1_2' title='bbox 1337 293 1390 346; x_wconf 59' lang='grc' dir='ltr'><strong><em>θ</em></strong></span> <span class='ocrx_word' id='word_1_3' title='bbox 1414 277 1782 340; x_wconf 69' lang='lat' dir='ltr'>Instructionin</span> <span class='ocrx_word' id='word_1_4' title='bbox 1823 278 1876 340; x_wconf 82' lang='grc'>8.</span> <span class='ocrx_word' id='word_1_5' title='bbox 1905 279 2086 356; x_wconf 67' lang='lat' dir='ltr'>Gom.</span> <span class='ocrx_word' id='word_1_6' title='bbox 2113 280 2259 341; x_wconf 73' lang='lat' dir='ltr'>Ocno.</span> <span class='ocrx_word' id='word_1_7' title='bbox 2299 280 2569 357; x_wconf 70' lang='lat' dir='ltr'>expositio.</span> 
     </span>
    </p>
   </div>
   <div class='ocr_carea' id='block_1_2' title="bbox 625 413 3313 4332">
    <p class='ocr_par' dir='ltr' id='par_1_2' title="bbox 631 413 3313 3885">
     <span class='ocr_line' id='line_1_2' title="bbox 668 413 3304 514; baseline 0 -23"><span class='ocrx_word' id='word_1_8' title='bbox 668 413 1112 510; x_wconf 81' lang='lat' dir='ltr'>supellectile</span> <span class='ocrx_word' id='word_1_9' title='bbox 1164 425 1446 512; x_wconf 89' lang='lat' dir='ltr'>praeter</span> <span class='ocrx_word' id='word_1_10' title='bbox 1498 420 1636 492; x_wconf 91' lang='lat' dir='ltr'>alia</span> <span class='ocrx_word' id='word_1_11' title='bbox 1686 420 2083 514; x_wconf 89' lang='lat' dir='ltr'>praeditus,</span> <span class='ocrx_word' id='word_1_12' title='bbox 2142 422 2341 493; x_wconf 89' lang='lat' dir='ltr'>cuius</span> <span class='ocrx_word' id='word_1_13' title='bbox 2392 418 2702 491; x_wconf 91' lang='lat' dir='ltr'>amicitia</span> <span class='ocrx_word' id='word_1_14' title='bbox 2742 417 3148 510; x_wconf 83' lang='lat' dir='ltr'>gloriamur,</span> <span class='ocrx_word' id='word_1_15' title='bbox 3188 436 3304 510; x_wconf 91' lang='lat' dir='ltr'>pu-</span> 
     </span>
     <span class='ocr_line' id='line_1_3' title="bbox 662 531 3303 625; baseline 0 -21"><span class='ocrx_word' id='word_1_16' title='bbox 662 531 828 604; x_wconf 88' lang='lat' dir='ltr'>blici</span> <span class='ocrx_word' id='word_1_17' title='bbox 881 532 1053 603; x_wconf 90' lang='lat' dir='ltr'>iuris</span> <span class='ocrx_word' id='word_1_18' title='bbox 1105 532 1242 603; x_wconf 91' lang='lat' dir='ltr'>iam</span> <span class='ocrx_word' id='word_1_19' title='bbox 1302 532 1466 605; x_wconf 81' lang='lat' dir='ltr'>fecit</span> <span class='ocrx_word' id='word_1_20' title='bbox 1518 533 1592 605; x_wconf 90' lang='lat' dir='ltr'>in</span> <span class='ocrx_word' id='word_1_21' title='bbox 1644 550 1846 604; x_wconf 89' lang='lat' dir='ltr'>sacra</span> <span class='ocrx_word' id='word_1_22' title='bbox 1889 531 2368 625; x_wconf 83' lang='lat' dir='ltr'>ephemeride,</span> <span class='ocrx_word' id='word_1_23' title='bbox 2410 549 2593 623; x_wconf 89' lang='lat' dir='ltr'>quae</span> <span class='ocrx_word' id='word_1_24' title='bbox 2628 532 2805 604; x_wconf 82' lang='lat' dir='ltr'>Acta</span> <span class='ocrx_word' id='word_1_25' title='bbox 2837 532 3049 604; x_wconf 78' lang='lat' dir='ltr'>exiis</span> <span class='ocrx_word' id='word_1_26' title='bbox 3084 532 3303 604; x_wconf 83' lang='lat' dir='ltr'>decer·</span> 
     </span>
     <span class='ocr_line' id='line_1_4' title="bbox 653 637 3302 736; baseline -0 -20"><span class='ocrx_word' id='word_1_27' title='bbox 653 649 880 736; x_wconf 85' lang='lat' dir='ltr'>pta...</span> <span class='ocrx_word' id='word_1_28' title='bbox 938 643 1375 733; x_wconf 75' lang='lat' dir='ltr'>inscribitur,</span> <span class='ocrx_word' id='word_1_29' title='bbox 1431 644 1809 735; x_wconf 89' lang='lat' dir='ltr'>editurque</span> <span class='ocrx_word' id='word_1_30' title='bbox 1862 648 2049 736; x_wconf 87' lang='lat' dir='ltr'>typis</span> <span class='ocrx_word' id='word_1_31' title='bbox 2101 644 2427 718; x_wconf 84' lang='lat' dir='ltr'>officinae</span> <span class='ocrx_word' id='word_1_32' title='bbox 2495 640 2567 714; x_wconf 90' lang='lat' dir='ltr'>S.</span> <span class='ocrx_word' id='word_1_33' title='bbox 2609 640 2684 714; x_wconf 91' lang='lat' dir='ltr'>C.</span> <span class='ocrx_word' id='word_1_34' title='bbox 2739 641 2827 714; x_wconf 93' lang='lat' dir='ltr'>de</span> <span class='ocrx_word' id='word_1_35' title='bbox 2879 637 3087 733; x_wconf 89' lang='lat' dir='ltr'>Prop.</span> <span class='ocrx_word' id='word_1_36' title='bbox 3144 641 3302 716; x_wconf 85' lang='lat' dir='ltr'>Fide</span> 
     </span>
     <span class='ocr_line' id='line_1_5' title="bbox 661 750 3303 853; baseline -0.002 -24"><span class='ocrx_word' id='word_1_37' title='bbox 661 750 858 850; x_wconf 88' lang='lat' dir='ltr'>(Vol.</span> <span class='ocrx_word' id='word_1_38' title='bbox 886 753 954 829; x_wconf 96' lang='grc'>1.</span> <span class='ocrx_word' id='word_1_39' title='bbox 984 758 1168 851; x_wconf 82' lang='lat' dir='ltr'>fasc.</span> <span class='ocrx_word' id='word_1_40' title='bbox 1199 755 1266 829; x_wconf 91' lang='grc'>1.</span> <span class='ocrx_word' id='word_1_41' title='bbox 1297 776 1468 850; x_wconf 76' lang='lat' dir='ltr'>paq.</span> <span class='ocrx_word' id='word_1_42' title='bbox 1493 755 1612 831; x_wconf 82' lang='lat'>38.</span> <span class='ocrx_word' id='word_1_43' title='bbox 1617 752 1683 853; x_wconf 93' lang='lat'>).</span> <span class='ocrx_word' id='word_1_44' title='bbox 1729 758 2106 849; x_wconf 86' lang='lat' dir='ltr'>Synopsim</span> <span class='ocrx_word' id='word_1_45' title='bbox 2147 758 2436 846; x_wconf 89' lang='lat' dir='ltr'>insuper</span> <span class='ocrx_word' id='word_1_46' title='bbox 2472 754 2657 826; x_wconf 92' lang='lat' dir='ltr'>idem</span> <span class='ocrx_word' id='word_1_47' title='bbox 2693 753 3023 826; x_wconf 79' lang='lat' dir='ltr'>sacerdos</span> <span class='ocrx_word' id='word_1_48' title='bbox 3059 753 3303 827; x_wconf 90' lang='lat' dir='ltr'>adiecit</span> 
     </span>
     <span class='ocr_line' id='line_1_6' title="bbox 661 867 3302 960; baseline -0 -21"><span class='ocrx_word' id='word_1_49' title='bbox 661 867 1258 942; x_wconf 89' lang='lat' dir='ltr'>elucubratissimi</span> <span class='ocrx_word' id='word_1_50' title='bbox 1310 871 1489 958; x_wconf 84' lang='lat' dir='ltr'>voti,</span> <span class='ocrx_word' id='word_1_51' title='bbox 1549 869 1739 960; x_wconf 92' lang='lat' dir='ltr'>quod</span> <span class='ocrx_word' id='word_1_52' title='bbox 1795 871 1868 942; x_wconf 89' lang='lat' dir='ltr'>in</span> <span class='ocrx_word' id='word_1_53' title='bbox 1922 888 2066 942; x_wconf 90' lang='lat' dir='ltr'>rem</span> <span class='ocrx_word' id='word_1_54' title='bbox 2120 887 2204 940; x_wconf 81' lang='lat' dir='ltr'>ex</span> <span class='ocrx_word' id='word_1_55' title='bbox 2256 869 2485 942; x_wconf 85' lang='lat' dir='ltr'>officio</span> <span class='ocrx_word' id='word_1_56' title='bbox 2537 867 2627 941; x_wconf 89' lang='lat' dir='ltr'>de</span> <span class='ocrx_word' id='word_1_57' title='bbox 2680 885 2870 940; x_wconf 89' lang='lat' dir='ltr'>more</span> <span class='ocrx_word' id='word_1_58' title='bbox 2922 867 3302 940; x_wconf 87' lang='lat' dir='ltr'>elaboravit</span> 
     </span>
     <span class='ocr_line' id='line_1_7' title="bbox 657 979 3295 1075; baseline -0 -24"><span class='ocrx_word' id='word_1_59' title='bbox 657 997 848 1052; x_wconf 91' lang='lat' dir='ltr'>unus</span> <span class='ocrx_word' id='word_1_60' title='bbox 896 997 979 1052; x_wconf 78' lang='lat' dir='ltr'>ex</span> <span class='ocrx_word' id='word_1_61' title='bbox 1032 979 1566 1054; x_wconf 82' lang='lat' dir='ltr'>consultoribus</span> <span class='ocrx_word' id='word_1_62' title='bbox 1631 983 1815 1055; x_wconf 92' lang='lat' dir='ltr'>sacri</span> <span class='ocrx_word' id='word_1_63' title='bbox 1878 979 2163 1055; x_wconf 87' lang='lat' dir='ltr'>Consilii</span> <span class='ocrx_word' id='word_1_64' title='bbox 2231 982 2489 1055; x_wconf 89' lang='lat' dir='ltr'>ritibus</span> <span class='ocrx_word' id='word_1_65' title='bbox 2556 981 2842 1053; x_wconf 89' lang='lat' dir='ltr'>tuendis</span> <span class='ocrx_word' id='word_1_66' title='bbox 2893 982 3295 1075; x_wconf 83' lang='lat' dir='ltr'>praepositi.</span> 
     </span>
     <span class='ocr_line' id='line_1_8' title="bbox 655 1087 3306 1185; baseline 0.001 -22"><span class='ocrx_word' id='word_1_67' title='bbox 655 1087 867 1163; x_wconf 89' lang='lat' dir='ltr'>Porro</span> <span class='ocrx_word' id='word_1_68' title='bbox 917 1092 1647 1180; x_wconf 81' lang='lat' dir='ltr'>animadvertebatur,</span> <span class='ocrx_word' id='word_1_69' title='bbox 1705 1090 2097 1167; x_wconf 87' lang='lat' dir='ltr'>Ecclesiam</span> <span class='ocrx_word' id='word_1_70' title='bbox 2150 1097 2394 1185; x_wconf 88' lang='lat' dir='ltr'>utpote</span> <span class='ocrx_word' id='word_1_71' title='bbox 2446 1094 3077 1165; x_wconf 89' lang='lat' dir='ltr'>retinentissimam</span> <span class='ocrx_word' id='word_1_72' title='bbox 3130 1094 3306 1166; x_wconf 88' lang='lat' dir='ltr'>anti·</span> 
     </span>
     <span class='ocr_line' id='line_1_9' title="bbox 654 1204 3305 1297; baseline 0 -21"><span class='ocrx_word' id='word_1_73' title='bbox 654 1221 840 1294; x_wconf 88' lang='lat' dir='ltr'>quae</span> <span class='ocrx_word' id='word_1_74' title='bbox 892 1205 1311 1297; x_wconf 90' lang='lat' dir='ltr'>disciplinae</span> <span class='ocrx_word' id='word_1_75' title='bbox 1363 1207 1435 1277; x_wconf 94' lang='lat' dir='ltr'>in</span> <span class='ocrx_word' id='word_1_76' title='bbox 1492 1208 1807 1280; x_wconf 87' lang='lat' dir='ltr'>materiis</span> <span class='ocrx_word' id='word_1_77' title='bbox 1860 1205 2333 1294; x_wconf 78' lang='lat' dir='ltr'>adhibendiS,</span> <span class='ocrx_word' id='word_1_78' title='bbox 2391 1223 2577 1296; x_wconf 89' lang='lat' dir='ltr'>quae</span> <span class='ocrx_word' id='word_1_79' title='bbox 2628 1204 2718 1277; x_wconf 91' lang='lat' dir='ltr'>ad</span> <span class='ocrx_word' id='word_1_80' title='bbox 2771 1222 3051 1278; x_wconf 90' lang='lat' dir='ltr'>sacrum</span> <span class='ocrx_word' id='word_1_81' title='bbox 3103 1223 3305 1277; x_wconf 90' lang='lat' dir='ltr'>usum</span> 
     </span>
     <span class='ocr_line' id='line_1_10' title="bbox 651 1317 3306 1409; baseline 0.001 -21"><span class='ocrx_word' id='word_1_82' title='bbox 651 1317 1040 1408; x_wconf 86' lang='lat' dir='ltr'>pertinent,</span> <span class='ocrx_word' id='word_1_83' title='bbox 1099 1337 1241 1392; x_wconf 92' lang='lat' dir='ltr'>non</span> <span class='ocrx_word' id='word_1_84' title='bbox 1293 1321 1393 1390; x_wconf 89' lang='lat' dir='ltr'>ita</span> <span class='ocrx_word' id='word_1_85' title='bbox 1446 1318 1652 1391; x_wconf 81' lang='lat' dir='ltr'>facile</span> <span class='ocrx_word' id='word_1_86' title='bbox 1687 1320 1999 1409; x_wconf 88' lang='lat' dir='ltr'>recipere</span> <span class='ocrx_word' id='word_1_87' title='bbox 2037 1324 2108 1390; x_wconf 90' lang='lat' dir='ltr'>et</span> <span class='ocrx_word' id='word_1_88' title='bbox 2144 1318 2483 1409; x_wconf 90' lang='lat' dir='ltr'>adoptare</span> <span class='ocrx_word' id='word_1_89' title='bbox 2522 1337 2742 1391; x_wconf 89' lang='lat' dir='ltr'>novas</span> <span class='ocrx_word' id='word_1_90' title='bbox 2779 1319 3111 1390; x_wconf 88' lang='lat' dir='ltr'>materias</span> <span class='ocrx_word' id='word_1_91' title='bbox 3148 1335 3306 1390; x_wconf 92' lang='lat' dir='ltr'>con-</span> 
     </span>
     <span class='ocr_line' id='line_1_11' title="bbox 648 1429 3304 1522; baseline -0.001 -20"><span class='ocrx_word' id='word_1_92' title='bbox 648 1434 756 1502; x_wconf 88' lang='lat' dir='ltr'>tra</span> <span class='ocrx_word' id='word_1_93' title='bbox 810 1430 910 1520; x_wconf 93' lang='lat' dir='ltr'>id,</span> <span class='ocrx_word' id='word_1_94' title='bbox 969 1430 1159 1521; x_wconf 91' lang='lat' dir='ltr'>quod</span> <span class='ocrx_word' id='word_1_95' title='bbox 1209 1433 1288 1505; x_wconf 89' lang='lat' dir='ltr'>ob</span> <span class='ocrx_word' id='word_1_96' title='bbox 1341 1432 1560 1503; x_wconf 84' lang='lat' dir='ltr'>reales</span> <span class='ocrx_word' id='word_1_97' title='bbox 1613 1436 1679 1502; x_wconf 85' lang='lat' dir='ltr'>et</span> <span class='ocrx_word' id='word_1_98' title='bbox 1727 1432 2062 1522; x_wconf 79' lang='lat' dir='ltr'>mysticas</span> <span class='ocrx_word' id='word_1_99' title='bbox 2114 1430 2658 1522; x_wconf 78' lang='lat' dir='ltr'>siqnificationes</span> <span class='ocrx_word' id='word_1_100' title='bbox 2728 1429 3104 1501; x_wconf 89' lang='lat' dir='ltr'>inductum</span> <span class='ocrx_word' id='word_1_101' title='bbox 3172 1431 3304 1501; x_wconf 91' lang='lat' dir='ltr'>iam</span> 
     </span>
     <span class='ocr_line' id='line_1_12' title="bbox 649 1531 3298 1636; baseline 0 -24"><span class='ocrx_word' id='word_1_102' title='bbox 649 1531 888 1632; x_wconf 81' lang='lat' dir='ltr'>fuerit,</span> <span class='ocrx_word' id='word_1_103' title='bbox 926 1549 1008 1634; x_wconf 82' lang='lat' dir='ltr'>ut</span> <span class='ocrx_word' id='word_1_104' title='bbox 1044 1543 1233 1616; x_wconf 92' lang='lat' dir='ltr'>idem</span> <span class='ocrx_word' id='word_1_105' title='bbox 1268 1562 1468 1616; x_wconf 88' lang='lat' dir='ltr'>sacer</span> <span class='ocrx_word' id='word_1_106' title='bbox 1501 1540 1689 1616; x_wconf 87' lang='lat' dir='ltr'>Ordo</span> <span class='ocrx_word' id='word_1_107' title='bbox 1725 1545 1946 1616; x_wconf 78' lang='lat' dir='ltr'>edixit</span> <span class='ocrx_word' id='word_1_108' title='bbox 1983 1542 2071 1615; x_wconf 91' lang='lat' dir='ltr'>de</span> <span class='ocrx_word' id='word_1_109' title='bbox 2105 1545 2422 1636; x_wconf 70' lang='lat' dir='ltr'>qossypio</span> <span class='ocrx_word' id='word_1_110' title='bbox 2458 1543 2650 1615; x_wconf 89' lang='lat' dir='ltr'>decr.</span> <span class='ocrx_word' id='word_1_111' title='bbox 2699 1544 2817 1614; x_wconf 89' lang='lat'>15.</span> <span class='ocrx_word' id='word_1_112' title='bbox 2850 1538 3015 1613; x_wconf 83' lang='lat' dir='ltr'>Maii</span> <span class='ocrx_word' id='word_1_113' title='bbox 3059 1541 3298 1625; x_wconf 72' lang='grc'><strong><em>1819..</em></strong></span> 
     </span>
     <span class='ocr_line' id='line_1_13' title="bbox 648 1653 3303 1747; baseline -0 -22"><span class='ocrx_word' id='word_1_114' title='bbox 648 1653 1040 1746; x_wconf 87' lang='lat' dir='ltr'>itidemque</span> <span class='ocrx_word' id='word_1_115' title='bbox 1107 1658 1463 1747; x_wconf 77' lang='lat' dir='ltr'>praestitit</span> <span class='ocrx_word' id='word_1_116' title='bbox 1531 1657 1717 1729; x_wconf 89' lang='lat' dir='ltr'>circa</span> <span class='ocrx_word' id='word_1_117' title='bbox 1782 1674 1989 1728; x_wconf 90' lang='lat' dir='ltr'>usum</span> <span class='ocrx_word' id='word_1_118' title='bbox 2061 1672 2264 1728; x_wconf 88' lang='lat' dir='ltr'>cerae</span> <span class='ocrx_word' id='word_1_119' title='bbox 2333 1653 2544 1746; x_wconf 80' lang='lat' dir='ltr'>vulgo</span> <span class='ocrx_word' id='word_1_120' title='bbox 2595 1654 2939 1728; x_wconf 83' lang='lat' dir='ltr'>stearina.</span> <span class='ocrx_word' id='word_1_121' title='bbox 2998 1653 3085 1725; x_wconf 81' lang='lat' dir='ltr'>At</span> <span class='ocrx_word' id='word_1_122' title='bbox 3135 1671 3303 1726; x_wconf 91' lang='lat' dir='ltr'>usus</span> 
     </span>
     <span class='ocr_line' id='line_1_14' title="bbox 648 1764 3296 1863; baseline -0.001 -24"><span class='ocrx_word' id='word_1_123' title='bbox 648 1767 784 1839; x_wconf 91' lang='lat' dir='ltr'>olei</span> <span class='ocrx_word' id='word_1_124' title='bbox 835 1767 1178 1840; x_wconf 85' lang='lat' dir='ltr'>olivarum</span> <span class='ocrx_word' id='word_1_125' title='bbox 1233 1770 1714 1863; x_wconf 87' lang='lat' dir='ltr'>praescriptus</span> <span class='ocrx_word' id='word_1_126' title='bbox 1746 1770 1890 1840; x_wconf 89' lang='lat' dir='ltr'>iam</span> <span class='ocrx_word' id='word_1_127' title='bbox 1927 1767 2158 1840; x_wconf 81' lang='lat' dir='ltr'>fuerat</span> <span class='ocrx_word' id='word_1_128' title='bbox 2212 1768 2285 1840; x_wconf 92' lang='lat' dir='ltr'>in</span> <span class='ocrx_word' id='word_1_129' title='bbox 2336 1768 2560 1839; x_wconf 90' lang='lat' dir='ltr'>veteri</span> <span class='ocrx_word' id='word_1_130' title='bbox 2602 1772 3033 1838; x_wconf 89' lang='lat' dir='ltr'>testamento</span> <span class='ocrx_word' id='word_1_131' title='bbox 3070 1764 3296 1837; x_wconf 76' lang='lat' dir='ltr'>Exod.</span> 
     </span>
     <span class='ocr_line' id='line_1_15' title="bbox 643 1875 3305 1965; baseline -0.002 -12"><span class='ocrx_word' id='word_1_132' title='bbox 643 1877 766 1953; x_wconf 80' lang='lat'>25.</span> <span class='ocrx_word' id='word_1_133' title='bbox 812 1879 932 1965; x_wconf 86' lang='lat'>6.,·</span> <span class='ocrx_word' id='word_1_134' title='bbox 965 1880 1088 1953; x_wconf 79' lang='lat'>27.</span> <span class='ocrx_word' id='word_1_135' title='bbox 1128 1881 1291 1965; x_wconf 64' lang='lat'>20„</span> <span class='ocrx_word' id='word_1_136' title='bbox 1343 1890 1414 1954; x_wconf 87' lang='lat' dir='ltr'>et</span> <span class='ocrx_word' id='word_1_137' title='bbox 1467 1883 1540 1953; x_wconf 91' lang='lat' dir='ltr'>in</span> <span class='ocrx_word' id='word_1_138' title='bbox 1596 1899 1778 1953; x_wconf 84' lang='lat' dir='ltr'>novo</span> <span class='ocrx_word' id='word_1_139' title='bbox 1827 1886 2257 1954; x_wconf 90' lang='lat' dir='ltr'>testamento</span> <span class='ocrx_word' id='word_1_140' title='bbox 2308 1880 2544 1952; x_wconf 91' lang='lat' dir='ltr'>oleum</span> <span class='ocrx_word' id='word_1_141' title='bbox 2595 1880 2993 1951; x_wconf 84' lang='lat' dir='ltr'>suavissimi</span> <span class='ocrx_word' id='word_1_142' title='bbox 3048 1875 3305 1949; x_wconf 83' lang='lat' dir='ltr'>Christi</span> 
     </span>
     <span class='ocr_line' id='line_1_16' title="bbox 647 1989 3307 2086; baseline 0 -24"><span class='ocrx_word' id='word_1_143' title='bbox 647 1994 958 2064; x_wconf 90' lang='lat' dir='ltr'>nominis</span> <span class='ocrx_word' id='word_1_144' title='bbox 1009 1995 1539 2086; x_wconf 84' lang='lat' dir='ltr'>praerogativas</span> <span class='ocrx_word' id='word_1_145' title='bbox 1607 1993 1967 2086; x_wconf 84' lang='lat' dir='ltr'>exprimit.</span> <span class='ocrx_word' id='word_1_146' title='bbox 2030 1990 2201 2065; x_wconf 90' lang='lat' dir='ltr'>Vide</span> <span class='ocrx_word' id='word_1_147' title='bbox 2252 1989 2325 2066; x_wconf 92' lang='lat' dir='ltr'>S.</span> <span class='ocrx_word' id='word_1_148' title='bbox 2384 1990 2596 2065; x_wconf 90' lang='lat' dir='ltr'>Bern.</span> <span class='ocrx_word' id='word_1_149' title='bbox 2660 1995 2881 2067; x_wconf 56' lang='lat' dir='ltr'>Sssrm.</span> <span class='ocrx_word' id='word_1_150' title='bbox 2926 1990 3044 2063; x_wconf 88' lang='grc'>15.</span> <span class='ocrx_word' id='word_1_151' title='bbox 3102 2007 3307 2083; x_wconf 82' lang='lat' dir='ltr'>super</span> 
     </span>
     <span class='ocr_line' id='line_1_17' title="bbox 649 2102 3309 2196; baseline -0.001 -19"><span class='ocrx_word' id='word_1_152' title='bbox 649 2102 972 2190; x_wconf 83' lang='lat' dir='ltr'>Cantic.,·</span> <span class='ocrx_word' id='word_1_153' title='bbox 1034 2106 1354 2196; x_wconf 86' lang='lat' dir='ltr'>adeoque</span> <span class='ocrx_word' id='word_1_154' title='bbox 1411 2105 1794 2178; x_wconf 83' lang='lat' dir='ltr'>adhibetur</span> <span class='ocrx_word' id='word_1_155' title='bbox 1846 2107 1917 2177; x_wconf 92' lang='lat' dir='ltr'>in</span> <span class='ocrx_word' id='word_1_156' title='bbox 1970 2107 2191 2177; x_wconf 88' lang='lat' dir='ltr'>sacris</span> <span class='ocrx_word' id='word_1_157' title='bbox 2259 2103 2886 2177; x_wconf 82' lang='lat' dir='ltr'>benedictionibus</span> <span class='ocrx_word' id='word_1_158' title='bbox 2935 2120 3309 2175; x_wconf 76' lang='lat' dir='ltr'>consecra-</span> 
     </span>
     <span class='ocr_line' id='line_1_18' title="bbox 643 2213 3307 2309; baseline -0.001 -20"><span class='ocrx_word' id='word_1_159' title='bbox 643 2218 884 2306; x_wconf 85' lang='lat' dir='ltr'>tionis,</span> <span class='ocrx_word' id='word_1_160' title='bbox 943 2218 1242 2309; x_wconf 90' lang='lat' dir='ltr'>aliisque</span> <span class='ocrx_word' id='word_1_161' title='bbox 1295 2219 1575 2291; x_wconf 90' lang='lat' dir='ltr'>ritibus.</span> <span class='ocrx_word' id='word_1_162' title='bbox 1635 2216 1955 2290; x_wconf 89' lang='lat' dir='ltr'>Subinde</span> <span class='ocrx_word' id='word_1_163' title='bbox 1994 2216 2315 2290; x_wconf 84' lang='lat' dir='ltr'>delinitio</span> <span class='ocrx_word' id='word_1_164' title='bbox 2351 2217 2561 2289; x_wconf 88' lang='lat' dir='ltr'>datur</span> <span class='ocrx_word' id='word_1_165' title='bbox 2604 2213 2930 2307; x_wconf 82' lang='lat' dir='ltr'>petrolei,</span> <span class='ocrx_word' id='word_1_166' title='bbox 2970 2214 3167 2304; x_wconf 91' lang='lat' dir='ltr'>quod</span> <span class='ocrx_word' id='word_1_167' title='bbox 3206 2220 3307 2287; x_wconf 85' lang='lat' dir='ltr'>est</span> 
     </span>
     <span class='ocr_line' id='line_1_19' title="bbox 643 2326 3308 2422; baseline -0.001 -22"><span class='ocrx_word' id='word_1_168' title='bbox 643 2331 919 2422; x_wconf 90' lang='lat' dir='ltr'>species</span> <span class='ocrx_word' id='word_1_169' title='bbox 969 2330 1341 2405; x_wconf 88' lang='lat' dir='ltr'>bituminis</span> <span class='ocrx_word' id='word_1_170' title='bbox 1393 2330 1672 2422; x_wconf 87' lang='lat' dir='ltr'>liquidi,</span> <span class='ocrx_word' id='word_1_171' title='bbox 1730 2327 1922 2419; x_wconf 90' lang='lat' dir='ltr'>quod</span> <span class='ocrx_word' id='word_1_172' title='bbox 1974 2329 2108 2400; x_wconf 90' lang='lat' dir='ltr'>sub</span> <span class='ocrx_word' id='word_1_173' title='bbox 2162 2335 2351 2402; x_wconf 89' lang='lat' dir='ltr'>terra</span> <span class='ocrx_word' id='word_1_174' title='bbox 2406 2329 2847 2419; x_wconf 83' lang='lat' dir='ltr'>progignitur</span> <span class='ocrx_word' id='word_1_175' title='bbox 2897 2343 2983 2398; x_wconf 84' lang='lat' dir='ltr'>ex</span> <span class='ocrx_word' id='word_1_176' title='bbox 3020 2326 3308 2399; x_wconf 88' lang='lat' dir='ltr'>decom·</span> 
     </span>
     <span class='ocr_line' id='line_1_20' title="bbox 641 2437 3306 2537; baseline -0.002 -23"><span class='ocrx_word' id='word_1_177' title='bbox 641 2445 991 2533; x_wconf 87' lang='lat' dir='ltr'>positione</span> <span class='ocrx_word' id='word_1_178' title='bbox 1043 2445 1372 2537; x_wconf 86' lang='lat' dir='ltr'>organica</span> <span class='ocrx_word' id='word_1_179' title='bbox 1411 2444 1860 2517; x_wconf 88' lang='lat' dir='ltr'>substantiae</span> <span class='ocrx_word' id='word_1_180' title='bbox 1892 2461 1911 2531; x_wconf 90' lang='lat'>;</span> <span class='ocrx_word' id='word_1_181' title='bbox 1966 2440 2083 2514; x_wconf 89' lang='lat' dir='ltr'>hic</span> <span class='ocrx_word' id='word_1_182' title='bbox 2136 2441 2365 2531; x_wconf 89' lang='lat' dir='ltr'>liquor</span> <span class='ocrx_word' id='word_1_183' title='bbox 2396 2440 2650 2511; x_wconf 85' lang='lat' dir='ltr'>similis</span> <span class='ocrx_word' id='word_1_184' title='bbox 2684 2438 2855 2510; x_wconf 88' lang='lat' dir='ltr'>oleis</span> <span class='ocrx_word' id='word_1_185' title='bbox 2893 2437 3306 2510; x_wconf 83' lang='lat' dir='ltr'>volatilibus</span> 
     </span>
     <span class='ocr_line' id='line_1_21' title="bbox 642 2550 3309 2647; baseline -0.001 -22"><span class='ocrx_word' id='word_1_186' title='bbox 642 2557 1087 2645; x_wconf 90' lang='lat' dir='ltr'>componitur</span> <span class='ocrx_word' id='word_1_187' title='bbox 1136 2575 1222 2629; x_wconf 79' lang='lat' dir='ltr'>ex</span> <span class='ocrx_word' id='word_1_188' title='bbox 1274 2556 1672 2629; x_wconf 89' lang='lat' dir='ltr'>carburetis</span> <span class='ocrx_word' id='word_1_189' title='bbox 1720 2554 2218 2647; x_wconf 87' lang='lat' dir='ltr'>hydrogenicis</span> <span class='ocrx_word' id='word_1_190' title='bbox 2276 2554 2466 2625; x_wconf 86' lang='lat' dir='ltr'>varie</span> <span class='ocrx_word' id='word_1_191' title='bbox 2519 2551 2961 2637; x_wconf 81' lang='lat' dir='ltr'>commixtiS‚</span> <span class='ocrx_word' id='word_1_192' title='bbox 3016 2556 3091 2623; x_wconf 90' lang='lat' dir='ltr'>et</span> <span class='ocrx_word' id='word_1_193' title='bbox 3142 2550 3309 2625; x_wconf 86' lang='lat' dir='ltr'>ideo</span> 
     </span>
     <span class='ocr_line' id='line_1_22' title="bbox 640 2662 3309 2755; baseline -0.001 -17"><span class='ocrx_word' id='word_1_194' title='bbox 640 2682 913 2740; x_wconf 92' lang='lat' dir='ltr'>summe</span> <span class='ocrx_word' id='word_1_195' title='bbox 975 2668 1519 2741; x_wconf 89' lang='lat' dir='ltr'>combustibilis.</span> <span class='ocrx_word' id='word_1_196' title='bbox 1588 2667 1887 2745; x_wconf 73' lang='lat' dir='ltr'>Petrolei</span> <span class='ocrx_word' id='word_1_197' title='bbox 1955 2685 2128 2738; x_wconf 86' lang='lat' dir='ltr'>usus</span> <span class='ocrx_word' id='word_1_198' title='bbox 2196 2666 2440 2755; x_wconf 90' lang='lat' dir='ltr'>primis</span> <span class='ocrx_word' id='word_1_199' title='bbox 2510 2663 2948 2755; x_wconf 87' lang='lat' dir='ltr'>temporibus</span> <span class='ocrx_word' id='word_1_200' title='bbox 3011 2662 3309 2754; x_wconf 90' lang='lat' dir='ltr'>ignotus</span> 
     </span>
     <span class='ocr_line' id='line_1_23' title="bbox 638 2774 3310 2873; baseline 0 -24"><span class='ocrx_word' id='word_1_201' title='bbox 638 2774 834 2850; x_wconf 88' lang='lat' dir='ltr'>haud</span> <span class='ocrx_word' id='word_1_202' title='bbox 889 2785 1092 2870; x_wconf 83' lang='lat' dir='ltr'>erat3</span> <span class='ocrx_word' id='word_1_203' title='bbox 1150 2788 1224 2852; x_wconf 91' lang='lat' dir='ltr'>at</span> <span class='ocrx_word' id='word_1_204' title='bbox 1278 2798 1437 2853; x_wconf 85' lang='lat' dir='ltr'>vero</span> <span class='ocrx_word' id='word_1_205' title='bbox 1488 2786 1778 2873; x_wconf 89' lang='lat' dir='ltr'>propter</span> <span class='ocrx_word' id='word_1_206' title='bbox 1811 2785 2072 2851; x_wconf 88' lang='lat' dir='ltr'>tetrum</span> <span class='ocrx_word' id='word_1_207' title='bbox 2109 2778 2395 2850; x_wconf 90' lang='lat' dir='ltr'>odorem</span> <span class='ocrx_word' id='word_1_208' title='bbox 2435 2777 2860 2849; x_wconf 85' lang='lat' dir='ltr'>inusitatus:</span> <span class='ocrx_word' id='word_1_209' title='bbox 2918 2792 3112 2847; x_wconf 90' lang='lat' dir='ltr'>nunc</span> <span class='ocrx_word' id='word_1_210' title='bbox 3151 2782 3310 2849; x_wconf 85' lang='lat' dir='ltr'>arte</span> 
     </span>
     <span class='ocr_line' id='line_1_24' title="bbox 639 2885 3310 2983; baseline 0 -20"><span class='ocrx_word' id='word_1_211' title='bbox 639 2898 1077 2983; x_wconf 88' lang='lat' dir='ltr'>expurgatus</span> <span class='ocrx_word' id='word_1_212' title='bbox 1113 2900 1370 2965; x_wconf 87' lang='lat' dir='ltr'>tetrum</span> <span class='ocrx_word' id='word_1_213' title='bbox 1400 2893 1682 2965; x_wconf 91' lang='lat' dir='ltr'>odorem</span> <span class='ocrx_word' id='word_1_214' title='bbox 1723 2892 2009 2982; x_wconf 85' lang='lat' dir='ltr'>aliaque</span> <span class='ocrx_word' id='word_1_215' title='bbox 2045 2891 2489 2964; x_wconf 89' lang='lat' dir='ltr'>incommoda</span> <span class='ocrx_word' id='word_1_216' title='bbox 2527 2889 2769 2982; x_wconf 84' lang='lat' dir='ltr'>procul</span> <span class='ocrx_word' id='word_1_217' title='bbox 2809 2888 3053 2961; x_wconf 91' lang='lat' dir='ltr'>habet.</span> <span class='ocrx_word' id='word_1_218' title='bbox 3092 2885 3310 2963; x_wconf 82' lang='lat' dir='ltr'>Hisce</span> 
     </span>
     <span class='ocr_line' id='line_1_25' title="bbox 635 3001 3310 3095; baseline 0.001 -21"><span class='ocrx_word' id='word_1_219' title='bbox 635 3003 930 3093; x_wconf 91' lang='lat' dir='ltr'>positis,</span> <span class='ocrx_word' id='word_1_220' title='bbox 985 3001 1419 3077; x_wconf 89' lang='lat' dir='ltr'>Consultoris</span> <span class='ocrx_word' id='word_1_221' title='bbox 1470 3005 1826 3077; x_wconf 89' lang='lat' dir='ltr'>sententia</span> <span class='ocrx_word' id='word_1_222' title='bbox 1878 3011 2076 3092; x_wconf 91' lang='lat' dir='ltr'>erat,</span> <span class='ocrx_word' id='word_1_223' title='bbox 2132 3009 2212 3075; x_wconf 93' lang='lat' dir='ltr'>ut</span> <span class='ocrx_word' id='word_1_224' title='bbox 2263 3003 2497 3075; x_wconf 91' lang='lat' dir='ltr'>oleum</span> <span class='ocrx_word' id='word_1_225' title='bbox 2548 3002 2893 3095; x_wconf 79' lang='lat' dir='ltr'>olivarum</span> <span class='ocrx_word' id='word_1_226' title='bbox 2967 3004 3310 3093; x_wconf 89' lang='lat' dir='ltr'>usurpari</span> 
     </span>
     <span class='ocr_line' id='line_1_26' title="bbox 639 3103 3313 3215; baseline -0 -29"><span class='ocrx_word' id='word_1_227' title='bbox 639 3113 961 3205; x_wconf 89' lang='lat' dir='ltr'>deberet,</span> <span class='ocrx_word' id='word_1_228' title='bbox 1019 3124 1314 3208; x_wconf 81' lang='lat' dir='ltr'>excepto</span> <span class='ocrx_word' id='word_1_229' title='bbox 1367 3103 1534 3189; x_wconf 78' lang='lat' dir='ltr'>casu</span> <span class='ocrx_word' id='word_1_230' title='bbox 1588 3118 2060 3215; x_wconf 83' lang='lat' dir='ltr'>necessitatis,</span> <span class='ocrx_word' id='word_1_231' title='bbox 2119 3132 2279 3187; x_wconf 91' lang='lat' dir='ltr'>cum</span> <span class='ocrx_word' id='word_1_232' title='bbox 2339 3113 2668 3186; x_wconf 91' lang='lat' dir='ltr'>videlicet</span> <span class='ocrx_word' id='word_1_233' title='bbox 2719 3114 3009 3185; x_wconf 90' lang='lat' dir='ltr'>omnino</span> <span class='ocrx_word' id='word_1_234' title='bbox 3061 3115 3313 3203; x_wconf 89' lang='lat' dir='ltr'>ipsum</span> 
     </span>
     <span class='ocr_line' id='line_1_27' title="bbox 635 3221 3313 3318; baseline 0 -20"><span class='ocrx_word' id='word_1_235' title='bbox 635 3226 867 3299; x_wconf 92' lang='lat' dir='ltr'>oleum</span> <span class='ocrx_word' id='word_1_236' title='bbox 919 3228 1263 3300; x_wconf 85' lang='lat' dir='ltr'>olivarum</span> <span class='ocrx_word' id='word_1_237' title='bbox 1317 3229 1601 3301; x_wconf 84' lang='lat' dir='ltr'>deficiat</span> <span class='ocrx_word' id='word_1_238' title='bbox 1650 3230 1849 3300; x_wconf 83' lang='lat' dir='ltr'>iuxta</span> <span class='ocrx_word' id='word_1_239' title='bbox 1903 3245 2015 3317; x_wconf 86' lang='lat' dir='ltr'>ea,</span> <span class='ocrx_word' id='word_1_240' title='bbox 2073 3245 2258 3318; x_wconf 90' lang='lat' dir='ltr'>quae</span> <span class='ocrx_word' id='word_1_241' title='bbox 2306 3227 2558 3298; x_wconf 88' lang='lat' dir='ltr'>statuit</span> <span class='ocrx_word' id='word_1_242' title='bbox 2610 3222 2681 3295; x_wconf 92' lang='lat' dir='ltr'>S.</span> <span class='ocrx_word' id='word_1_243' title='bbox 2724 3222 3011 3296; x_wconf 88' lang='lat' dir='ltr'>Carolus</span> <span class='ocrx_word' id='word_1_244' title='bbox 3049 3221 3313 3299; x_wconf 88' lang='lat' dir='ltr'>Borro-</span> 
     </span>
     <span class='ocr_line' id='line_1_28' title="bbox 634 3337 3312 3432; baseline 0 -22"><span class='ocrx_word' id='word_1_245' title='bbox 634 3355 881 3412; x_wconf 89' lang='lat' dir='ltr'>maeus</span> <span class='ocrx_word' id='word_1_246' title='bbox 932 3340 1003 3411; x_wconf 94' lang='lat' dir='ltr'>in</span> <span class='ocrx_word' id='word_1_247' title='bbox 1039 3341 1194 3413; x_wconf 83' lang='lat' dir='ltr'>Act.</span> <span class='ocrx_word' id='word_1_248' title='bbox 1227 3341 1700 3414; x_wconf 62' lang='lat' dir='ltr'>Mediolanen.</span> <span class='ocrx_word' id='word_1_249' title='bbox 1732 3359 1903 3432; x_wconf 78' lang='lat' dir='ltr'>paq.</span> <span class='ocrx_word' id='word_1_250' title='bbox 1928 3338 2002 3410; x_wconf 72' lang='grc'>4.</span> <span class='ocrx_word' id='word_1_251' title='bbox 2048 3362 2085 3405; x_wconf 62' lang='grc' dir='ltr'><strong><em>ι</em></strong></span> <span class='ocrx_word' id='word_1_252' title='bbox 2119 3337 2392 3411; x_wconf 89' lang='lat' dir='ltr'>Lumen</span> <span class='ocrx_word' id='word_1_253' title='bbox 2431 3337 2842 3432; x_wconf 86' lang='lat' dir='ltr'>lampadum</span> <span class='ocrx_word' id='word_1_254' title='bbox 2877 3337 3031 3408; x_wconf 94' lang='lat' dir='ltr'>oleo</span> <span class='ocrx_word' id='word_1_255' title='bbox 3069 3338 3312 3411; x_wconf 81' lang='lat' dir='ltr'>olivae</span> 
     </span>
     <span class='ocr_line' id='line_1_29' title="bbox 636 3450 3311 3545; baseline 0.001 -24"><span class='ocrx_word' id='word_1_256' title='bbox 636 3474 675 3519; x_wconf 70' lang='grc' dir='ltr'>ιν</span> <span class='ocrx_word' id='word_1_257' title='bbox 716 3451 1099 3541; x_wconf 87' lang='lat' dir='ltr'>nutriatur,</span> <span class='ocrx_word' id='word_1_258' title='bbox 1169 3471 1303 3526; x_wconf 92' lang='lat' dir='ltr'>nec</span> <span class='ocrx_word' id='word_1_259' title='bbox 1372 3471 1535 3526; x_wconf 81' lang='lat' dir='ltr'>vero</span> <span class='ocrx_word' id='word_1_260' title='bbox 1600 3453 1895 3525; x_wconf 77' lang='lat' dir='ltr'>alterius</span> <span class='ocrx_word' id='word_1_261' title='bbox 1967 3453 2245 3545; x_wconf 85' lang='lat' dir='ltr'>generis</span> <span class='ocrx_word' id='word_1_262' title='bbox 2296 3450 2752 3539; x_wconf 89' lang='lat' dir='ltr'>adhibeatur,</span> <span class='ocrx_word' id='word_1_263' title='bbox 2827 3450 2962 3521; x_wconf 89' lang='lat' dir='ltr'>nisi</span> <span class='ocrx_word' id='word_1_264' title='bbox 3027 3450 3311 3540; x_wconf 86' lang='lat' dir='ltr'>quibus</span> 
     </span>
     <span class='ocr_line' id='line_1_30' title="bbox 632 3562 3311 3658; baseline 0.001 -25"><span class='ocrx_word' id='word_1_265' title='bbox 632 3586 671 3631; x_wconf 81' lang='lat'><strong>»</strong></span> <span class='ocrx_word' id='word_1_266' title='bbox 712 3564 882 3636; x_wconf 86' lang='lat' dir='ltr'>locis</span> <span class='ocrx_word' id='word_1_267' title='bbox 937 3564 1518 3658; x_wconf 86' lang='lat' dir='ltr'>Archiepiscopus</span> <span class='ocrx_word' id='word_1_268' title='bbox 1569 3565 1659 3638; x_wconf 93' lang='lat' dir='ltr'>ob</span> <span class='ocrx_word' id='word_1_269' title='bbox 1714 3584 1870 3637; x_wconf 88' lang='lat' dir='ltr'>eam</span> <span class='ocrx_word' id='word_1_270' title='bbox 1924 3583 2211 3638; x_wconf 85' lang='lat' dir='ltr'>causam</span> <span class='ocrx_word' id='word_1_271' title='bbox 2265 3565 2729 3652; x_wconf 87' lang='lat' dir='ltr'>concesserit,</span> <span class='ocrx_word' id='word_1_272' title='bbox 2786 3563 2954 3652; x_wconf 91' lang='lat' dir='ltr'>quia</span> <span class='ocrx_word' id='word_1_273' title='bbox 3007 3562 3311 3636; x_wconf 90' lang='lat' dir='ltr'>nullum</span> 
     </span>
     <span class='ocr_line' id='line_1_31' title="bbox 632 3674 3313 3770; baseline 0.001 -26"><span class='ocrx_word' id='word_1_274' title='bbox 632 3699 671 3744; x_wconf 80' lang='lat'><strong>»</strong></span> <span class='ocrx_word' id='word_1_275' title='bbox 710 3677 865 3749; x_wconf 91' lang='lat' dir='ltr'>eius</span> <span class='ocrx_word' id='word_1_276' title='bbox 918 3680 1193 3769; x_wconf 85' lang='lat' dir='ltr'>generis</span> <span class='ocrx_word' id='word_1_277' title='bbox 1243 3678 1490 3751; x_wconf 86' lang='lat' dir='ltr'>haberi</span> <span class='ocrx_word' id='word_1_278' title='bbox 1544 3684 1805 3770; x_wconf 88' lang='lat' dir='ltr'>potest.</span> <span class='ocrx_word' id='word_1_279' title='bbox 1843 3703 1881 3747; x_wconf 78' lang='lat'><strong>»</strong></span> <span class='ocrx_word' id='word_1_280' title='bbox 1938 3674 2200 3750; x_wconf 88' lang='lat' dir='ltr'>Iisdem</span> <span class='ocrx_word' id='word_1_281' title='bbox 2253 3676 2399 3750; x_wconf 79' lang='lat' dir='ltr'>iere</span> <span class='ocrx_word' id='word_1_282' title='bbox 2469 3675 2705 3750; x_wconf 80' lang='lat' dir='ltr'>verbis</span> <span class='ocrx_word' id='word_1_283' title='bbox 2756 3676 3313 3765; x_wconf 85' lang='lat' dir='ltr'>adstipulantur</span> 
     </span>
     <span class='ocr_line' id='line_1_32' title="bbox 631 3784 2221 3885; baseline 0.002 -26"><span class='ocrx_word' id='word_1_284' title='bbox 631 3784 970 3860; x_wconf 87' lang='lat' dir='ltr'>Cavalieri</span> <span class='ocrx_word' id='word_1_285' title='bbox 1026 3796 1096 3861; x_wconf 89' lang='lat' dir='ltr'>et</span> <span class='ocrx_word' id='word_1_286' title='bbox 1147 3788 1531 3863; x_wconf 81' lang='lat' dir='ltr'>Baruffaldi</span> <span class='ocrx_word' id='word_1_287' title='bbox 1586 3787 1723 3885; x_wconf 89' lang='lat'>(1).</span> <span class='ocrx_word' id='word_1_288' title='bbox 2218 3818 2221 3821; x_wconf 45' lang='lat'><em>⁷</em></span> 
     </span>
    </p>

    <p class='ocr_par' dir='ltr' id='par_1_3' title="bbox 625 3895 3311 4332">
     <span class='ocr_line' id='line_1_33' title="bbox 771 3895 3310 3991; baseline 0.002 -21"><span class='ocrx_word' id='word_1_289' title='bbox 771 3895 1021 3991; x_wconf 84' lang='lat' dir='ltr'>Neque</span> <span class='ocrx_word' id='word_1_290' title='bbox 1090 3920 1255 3975; x_wconf 85' lang='lat' dir='ltr'>vero</span> <span class='ocrx_word' id='word_1_291' title='bbox 1325 3904 1500 3975; x_wconf 90' lang='lat' dir='ltr'>satis</span> <span class='ocrx_word' id='word_1_292' title='bbox 1551 3909 1660 3973; x_wconf 90' lang='lat' dir='ltr'>est</span> <span class='ocrx_word' id='word_1_293' title='bbox 1729 3907 1899 3975; x_wconf 85' lang='lat' dir='ltr'>ante</span> <span class='ocrx_word' id='word_1_294' title='bbox 1961 3901 2187 3975; x_wconf 89' lang='lat' dir='ltr'>altare</span> <span class='ocrx_word' id='word_1_295' title='bbox 2254 3901 2745 3977; x_wconf 86' lang='lat' dir='ltr'>sanctissimae</span> <span class='ocrx_word' id='word_1_296' title='bbox 2796 3896 3310 3975; x_wconf 85' lang='lat' dir='ltr'>Eucharistiae</span> 
     </span>
     <span class='ocr_line' id='line_1_34' title="bbox 627 4010 3311 4106; baseline 0.003 -25"><span class='ocrx_word' id='word_1_297' title='bbox 627 4010 1032 4105; x_wconf 81' lang='lat' dir='ltr'>lampadem</span> <span class='ocrx_word' id='word_1_298' title='bbox 1071 4021 1412 4106; x_wconf 86' lang='lat' dir='ltr'>perpetuo</span> <span class='ocrx_word' id='word_1_299' title='bbox 1450 4014 1916 4087; x_wconf 91' lang='lat' dir='ltr'>collucentem</span> <span class='ocrx_word' id='word_1_300' title='bbox 1955 4015 2182 4103; x_wconf 79' lang='lat' dir='ltr'>alere3</span> <span class='ocrx_word' id='word_1_301' title='bbox 2241 4013 2432 4105; x_wconf 91' lang='lat' dir='ltr'>quod</span> <span class='ocrx_word' id='word_1_302' title='bbox 2468 4015 2660 4089; x_wconf 90' lang='lat' dir='ltr'>enim</span> <span class='ocrx_word' id='word_1_303' title='bbox 2695 4014 2996 4106; x_wconf 84' lang='lat' dir='ltr'>singulis</span> <span class='ocrx_word' id='word_1_304' title='bbox 3031 4013 3311 4090; x_wconf 90' lang='lat' dir='ltr'>diebus</span> 
     </span>
     <span class='ocr_line' id='line_1_35' title="bbox 625 4117 3305 4223; baseline 0.003 -31"><span class='ocrx_word' id='word_1_305' title='bbox 625 4117 878 4196; x_wconf 78' lang='lat' dir='ltr'>Missae</span> <span class='ocrx_word' id='word_1_306' title='bbox 931 4125 1318 4198; x_wconf 87' lang='lat' dir='ltr'>celebratio</span> <span class='ocrx_word' id='word_1_307' title='bbox 1374 4127 1710 4199; x_wconf 83' lang='lat' dir='ltr'>accedere</span> <span class='ocrx_word' id='word_1_308' title='bbox 1762 4125 2064 4216; x_wconf 89' lang='lat' dir='ltr'>debeat,</span> <span class='ocrx_word' id='word_1_309' title='bbox 2123 4127 2354 4220; x_wconf 88' lang='lat' dir='ltr'>colligi</span> <span class='ocrx_word' id='word_1_310' title='bbox 2410 4143 2616 4218; x_wconf 85' lang='lat' dir='ltr'>posse</span> <span class='ocrx_word' id='word_1_311' title='bbox 2684 4126 2963 4223; x_wconf 73' lang='lat' dir='ltr'>ridetur</span> <span class='ocrx_word' id='word_1_312' title='bbox 3014 4143 3105 4198; x_wconf 78' lang='lat' dir='ltr'>ex</span> <span class='ocrx_word' id='word_1_313' title='bbox 3159 4145 3305 4216; x_wconf 87' lang='lat' dir='ltr'>ea,</span> 
     </span>
     <span class='ocr_line' id='line_1_36' title="bbox 625 4233 3305 4332; baseline 0.004 -28"><span class='ocrx_word' id='word_1_314' title='bbox 625 4250 768 4323; x_wconf 89' lang='lat' dir='ltr'>qua</span> <span class='ocrx_word' id='word_1_315' title='bbox 819 4233 1011 4309; x_wconf 88' lang='lat' dir='ltr'>hunc</span> <span class='ocrx_word' id='word_1_316' title='bbox 1062 4240 1442 4311; x_wconf 89' lang='lat' dir='ltr'>articulum</span> <span class='ocrx_word' id='word_1_317' title='bbox 1496 4237 2011 4329; x_wconf 86' lang='lat' dir='ltr'>concludimus,</span> <span class='ocrx_word' id='word_1_318' title='bbox 2069 4239 2576 4313; x_wconf 88' lang='lat' dir='ltr'>declaratione.</span> <span class='ocrx_word' id='word_1_319' title='bbox 2637 4260 2677 4305; x_wconf 70' lang='grc' dir='ltr'>ι</span> <span class='ocrx_word' id='word_1_320' title='bbox 2717 4234 3061 4312; x_wconf 89' lang='lat' dir='ltr'>Sacerdos</span> <span class='ocrx_word' id='word_1_321' title='bbox 3123 4241 3305 4332; x_wconf 82' lang='lat' dir='ltr'>qui-</span> 
     </span>
    </p>
   </div>
   <div class='ocr_carea' id='block_1_3' title="bbox 614 4536 3307 4700">
    <p class='ocr_par' dir='ltr' id='par_1_4' title="bbox 614 4536 3307 4700">
     <span class='ocr_line' id='line_1_37' title="bbox 763 4536 3307 4612; baseline 0.004 -20"><span class='ocrx_word' id='word_1_322' title='bbox 763 4536 835 4608; x_wconf 88' lang='lat'>(1)</span> <span class='ocrx_word' id='word_1_323' title='bbox 877 4540 1103 4595; x_wconf 79' lang='lat' dir='ltr'>Minime</span> <span class='ocrx_word' id='word_1_324' title='bbox 1142 4543 1397 4597; x_wconf 76' lang='lat' dir='ltr'>adhiberi</span> <span class='ocrx_word' id='word_1_325' title='bbox 1435 4559 1593 4610; x_wconf 74' lang='lat' dir='ltr'>posse</span> <span class='ocrx_word' id='word_1_326' title='bbox 1630 4545 1939 4612; x_wconf 74' lang='lat' dir='ltr'>petr-oleum</span> <span class='ocrx_word' id='word_1_327' title='bbox 1977 4546 2069 4599; x_wconf 77' lang='lat' dir='ltr'>vel</span> <span class='ocrx_word' id='word_1_328' title='bbox 2107 4543 2265 4599; x_wconf 74' lang='lat' dir='ltr'>aliud</span> <span class='ocrx_word' id='word_1_329' title='bbox 2299 4545 2476 4599; x_wconf 81' lang='lat' dir='ltr'>oleum</span> <span class='ocrx_word' id='word_1_330' title='bbox 2513 4561 2584 4599; x_wconf 83' lang='lat' dir='ltr'>ex</span> <span class='ocrx_word' id='word_1_331' title='bbox 2630 4541 2984 4611; x_wconf 61' lang='lat' dir='ltr'>vegetantibus</span> <span class='ocrx_word' id='word_1_332' title='bbox 3026 4544 3102 4599; x_wconf 77' lang='lat' dir='ltr'>ad</span> <span class='ocrx_word' id='word_1_333' title='bbox 3151 4547 3307 4605; x_wconf 77' lang='lat' dir='ltr'>inu-</span> 
     </span>
     <span class='ocr_line' id='line_1_38' title="bbox 614 4621 3302 4700; baseline 0.005 -23"><span class='ocrx_word' id='word_1_334' title='bbox 614 4621 932 4677; x_wconf 72' lang='lat' dir='ltr'>minandam</span> <span class='ocrx_word' id='word_1_335' title='bbox 970 4630 1279 4694; x_wconf 83' lang='lat' dir='ltr'>ecclesiam,</span> <span class='ocrx_word' id='word_1_336' title='bbox 1324 4630 1416 4681; x_wconf 80' lang='lat' dir='ltr'>sed</span> <span class='ocrx_word' id='word_1_337' title='bbox 1456 4633 1515 4682; x_wconf 89' lang='lat' dir='ltr'>in</span> <span class='ocrx_word' id='word_1_338' title='bbox 1553 4645 1686 4683; x_wconf 83' lang='lat' dir='ltr'>casu</span> <span class='ocrx_word' id='word_1_339' title='bbox 1723 4633 2368 4699; x_wconf 78' lang='lat' dir='ltr'>tantum-necessitatis,</span> <span class='ocrx_word' id='word_1_340' title='bbox 2403 4647 2471 4684; x_wconf 86' lang='lat' dir='ltr'>ox</span> <span class='ocrx_word' id='word_1_341' title='bbox 2499 4632 2797 4697; x_wconf 81' lang='lat' dir='ltr'>prudentia</span> <span class='ocrx_word' id='word_1_342' title='bbox 2835 4631 3302 4700; x_wconf 75' lang='lat' dir='ltr'>Ordinatiorum,</span> 
     </span>
    </p>
   </div>
   <div class='ocr_carea' id='block_1_4' title="bbox 617 4704 3052 4785">
    <p class='ocr_par' dir='ltr' id='par_1_5' title="bbox 617 4704 3052 4785">
     <span class='ocr_line' id='line_1_39' title="bbox 617 4704 3052 4785; baseline 0.003 -20"><span class='ocrx_word' id='word_1_343' title='bbox 617 4704 675 4770; x_wconf 74' lang='grc' dir='ltr'>Β.</span> <span class='ocrx_word' id='word_1_344' title='bbox 705 4708 773 4766; x_wconf 74' lang='lat' dir='ltr'>lt.</span> <span class='ocrx_word' id='word_1_345' title='bbox 803 4708 994 4767; x_wconf 77' lang='lat' dir='ltr'>0.·dio</span> <span class='ocrx_word' id='word_1_346' title='bbox 1031 4710 1121 4767; x_wconf 74' lang='lat'>80.</span> <span class='ocrx_word' id='word_1_347' title='bbox 1164 4712 1363 4770; x_wconf 66' lang='lat' dir='ltr'>Martii</span> <span class='ocrx_word' id='word_1_348' title='bbox 1402 4713 1559 4769; x_wconf 73' lang='lat'>1889.</span> <span class='ocrx_word' id='word_1_349' title='bbox 1600 4715 1663 4768; x_wconf 83' lang='lat' dir='ltr'>in</span> <span class='ocrx_word' id='word_1_350' title='bbox 1699 4710 2019 4771; x_wconf 68' lang='lat' dir='ltr'>Faventino.</span> <span class='ocrx_word' id='word_1_351' title='bbox 2058 4717 2351 4785; x_wconf 77' lang='lat' dir='ltr'>rescripsit</span> <span class='ocrx_word' id='word_1_352' title='bbox 2388 4719 2446 4770; x_wconf 78' lang='lat' dir='ltr'>et</span> <span class='ocrx_word' id='word_1_353' title='bbox 2486 4719 2703 4773; x_wconf 68' lang='lat' dir='ltr'>servari</span> <span class='ocrx_word' id='word_1_354' title='bbox 2738 4717 3052 4773; x_wconf 59' lang='lat' dir='ltr'>mandant.</span> 
     </span>
    </p>
   </div>
  </div>
 </body>
</html>
