<?xml version="1.0" encoding="UTF-8"?>
<!DOCTYPE html PUBLIC "-//W3C//DTD XHTML 1.0 Transitional//EN"
    "http://www.w3.org/TR/xhtml1/DTD/xhtml1-transitional.dtd">
<html xmlns="http://www.w3.org/1999/xhtml" xml:lang="en" lang="en">
 <head>
  <title>
</title>
<meta http-equiv="Content-Type" content="text/html;charset=utf-8" />
  <meta name='ocr-system' content='tesseract 3.04.00' />
  <meta name='ocr-capabilities' content='ocr_page ocr_carea ocr_par ocr_line ocrx_word'/>
</head>
<body>
  <div class='ocr_page' id='page_1' title='image "./devisitationesa00popegoog_0020.png"; bbox 0 0 3497 5235; ppageno 0'>
   <div class='ocr_carea' id='block_1_1' title="bbox 473 283 2273 348">
    <p class='ocr_par' dir='ltr' id='par_1_1' title="bbox 473 283 2273 348">
     <span class='ocr_line' id='line_1_1' title="bbox 473 283 2273 348; baseline -0.002 0"><span class='ocrx_word' id='word_1_1' title='bbox 473 304 578 348; x_wconf 72' lang='lat' dir='ltr'><strong>xvn</strong></span> <span class='ocrx_word' id='word_1_2' title='bbox 1323 287 1590 346; x_wconf 68' lang='lat' dir='ltr'><strong>Pmtstio</strong></span> <span class='ocrx_word' id='word_1_3' title='bbox 1628 287 1695 345; x_wconf 67' lang='lat' dir='ltr'><strong>sd</strong></span> <span class='ocrx_word' id='word_1_4' title='bbox 1732 283 1951 343; x_wconf 58' lang='lat' dir='ltr'><strong>sertim</strong></span> <span class='ocrx_word' id='word_1_5' title='bbox 1988 286 2273 346; x_wconf 61' lang='lat' dir='ltr'><strong>ditinum.</strong></span> 
     </span>
    </p>
   </div>
   <div class='ocr_carea' id='block_1_2' title="bbox 469 421 3138 673">
    <p class='ocr_par' dir='ltr' id='par_1_2' title="bbox 469 421 3138 673">
     <span class='ocr_line' id='line_1_2' title="bbox 472 421 3138 533; baseline -0.002 -23"><span class='ocrx_word' id='word_1_6' title='bbox 472 423 816 533; x_wconf 86' lang='lat' dir='ltr'><strong>exempli</strong></span> <span class='ocrx_word' id='word_1_7' title='bbox 911 423 1171 533; x_wconf 87' lang='lat' dir='ltr'><strong>gratia</strong></span> <span class='ocrx_word' id='word_1_8' title='bbox 1262 428 1694 533; x_wconf 77' lang='lat' dir='ltr'><strong>sequentes</strong></span> <span class='ocrx_word' id='word_1_9' title='bbox 1788 449 2163 507; x_wconf 87' lang='lat' dir='ltr'><strong>numeros</strong></span> <span class='ocrx_word' id='word_1_10' title='bbox 2228 421 2513 508; x_wconf 80' lang='lat' dir='ltr'><strong>tertiae</strong></span> <span class='ocrx_word' id='word_1_11' title='bbox 2610 421 2979 506; x_wconf 81' lang='lat' dir='ltr'><strong>editionis</strong></span> <span class='ocrx_word' id='word_1_12' title='bbox 3051 428 3138 509; x_wconf 88' lang='lat' dir='ltr'><strong>et</strong></span> 
     </span>
     <span class='ocr_line' id='line_1_3' title="bbox 469 559 3133 673; baseline -0 -28"><span class='ocrx_word' id='word_1_13' title='bbox 469 564 828 673; x_wconf 83' lang='lat' dir='ltr'><strong>priorum</strong></span> <span class='ocrx_word' id='word_1_14' title='bbox 894 561 1368 648; x_wconf 80' lang='lat' dir='ltr'><strong>editionum:</strong></span> <span class='ocrx_word' id='word_1_15' title='bbox 1438 559 2039 646; x_wconf 87' lang='lat' dir='ltr'><strong>Dissertationis</strong></span> <span class='ocrx_word' id='word_1_16' title='bbox 2103 560 2476 670; x_wconf 83' lang='lat' dir='ltr'><strong>praeviae</strong></span> <span class='ocrx_word' id='word_1_17' title='bbox 2548 587 2922 646; x_wconf 91' lang='lat' dir='ltr'><strong>numeros</strong></span> <span class='ocrx_word' id='word_1_18' title='bbox 2995 561 3133 644; x_wconf 90' lang='grc'><strong>11.</strong></span> 
     </span>
    </p>
   </div>
   <div class='ocr_carea' id='block_1_3' title="bbox 472 697 3202 1351">
    <p class='ocr_par' dir='ltr' id='par_1_3' title="bbox 472 697 3202 1351">
     <span class='ocr_line' id='line_1_4' title="bbox 481 697 3132 817; baseline 0 -33"><span class='ocrx_word' id='word_1_19' title='bbox 481 700 619 785; x_wconf 88' lang='grc'><strong>14.</strong></span> <span class='ocrx_word' id='word_1_20' title='bbox 672 700 808 785; x_wconf 83' lang='grc'><strong>15.</strong></span> <span class='ocrx_word' id='word_1_21' title='bbox 863 700 1003 785; x_wconf 91' lang='grc'><strong>60.</strong></span> <span class='ocrx_word' id='word_1_22' title='bbox 1076 699 1217 785; x_wconf 88' lang='grc'><strong>64.</strong></span> <span class='ocrx_word' id='word_1_23' title='bbox 1265 699 1405 784; x_wconf 83' lang='grc'><strong>65.</strong></span> <span class='ocrx_word' id='word_1_24' title='bbox 1456 700 1640 802; x_wconf 80' lang='grc'><strong>67.,</strong></span> <span class='ocrx_word' id='word_1_25' title='bbox 1694 698 1976 809; x_wconf 89' lang='lat' dir='ltr'><strong>capitis</strong></span> <span class='ocrx_word' id='word_1_26' title='bbox 2061 697 2296 817; x_wconf 77' lang='lat' dir='ltr'><strong>primi</strong></span> <span class='ocrx_word' id='word_1_27' title='bbox 2360 726 2730 784; x_wconf 91' lang='lat' dir='ltr'><strong>numeros</strong></span> <span class='ocrx_word' id='word_1_28' title='bbox 2797 698 2940 783; x_wconf 83' lang='lat'><strong>23.</strong></span> <span class='ocrx_word' id='word_1_29' title='bbox 2991 697 3132 784; x_wconf 85' lang='lat'><strong>39.</strong></span> 
     </span>
     <span class='ocr_line' id='line_1_5' title="bbox 482 835 3134 949; baseline 0.001 -29"><span class='ocrx_word' id='word_1_30' title='bbox 482 837 711 940; x_wconf 90' lang='grc'><strong>142.,</strong></span> <span class='ocrx_word' id='word_1_31' title='bbox 748 838 1029 949; x_wconf 89' lang='lat' dir='ltr'><strong>capitis</strong></span> <span class='ocrx_word' id='word_1_32' title='bbox 1092 838 1421 923; x_wconf 89' lang='lat' dir='ltr'><strong>secundi</strong></span> <span class='ocrx_word' id='word_1_33' title='bbox 1487 866 1867 923; x_wconf 90' lang='lat' dir='ltr'><strong>numeros</strong></span> <span class='ocrx_word' id='word_1_34' title='bbox 1936 836 2016 921; x_wconf 84' lang='lat'><strong>3.</strong></span> <span class='ocrx_word' id='word_1_35' title='bbox 2057 836 2198 921; x_wconf 83' lang='lat'><strong>39.</strong></span> <span class='ocrx_word' id='word_1_36' title='bbox 2240 837 2380 922; x_wconf 88' lang='grc'><strong>60.</strong></span> <span class='ocrx_word' id='word_1_37' title='bbox 2424 835 2564 922; x_wconf 76' lang='lat'><strong>71.</strong></span> <span class='ocrx_word' id='word_1_38' title='bbox 2610 835 2750 922; x_wconf 78' lang='lat'><strong>72.</strong></span> <span class='ocrx_word' id='word_1_39' title='bbox 2799 836 2941 922; x_wconf 84' lang='lat'><strong>89.</strong></span> <span class='ocrx_word' id='word_1_40' title='bbox 2990 835 3134 923; x_wconf 78' lang='lat'><strong>97.</strong></span> 
     </span>
     <span class='ocr_line' id='line_1_6' title="bbox 477 950 3134 1072; baseline -0.002 -10"><span class='ocrx_word' id='word_1_41' title='bbox 477 950 3134 1072; x_wconf 70' lang='lat' dir='ltr'><strong>98.101.112.1ls;122.123.160.189.195.197.202„</strong></span> 
     </span>
     <span class='ocr_line' id='line_1_7' title="bbox 472 1111 3202 1229; baseline 0 -31"><span class='ocrx_word' id='word_1_42' title='bbox 472 1115 755 1224; x_wconf 88' lang='lat' dir='ltr'><strong>capitis</strong></span> <span class='ocrx_word' id='word_1_43' title='bbox 818 1115 1036 1201; x_wconf 85' lang='lat' dir='ltr'><strong>tertii</strong></span> <span class='ocrx_word' id='word_1_44' title='bbox 1078 1142 1451 1202; x_wconf 91' lang='lat' dir='ltr'><strong>numeros</strong></span> <span class='ocrx_word' id='word_1_45' title='bbox 1515 1115 1907 1229; x_wconf 37' lang='lat'>803124.</span> <span class='ocrx_word' id='word_1_46' title='bbox 1948 1113 2148 1199; x_wconf 83' lang='grc'><strong>125.</strong></span> <span class='ocrx_word' id='word_1_47' title='bbox 2194 1112 2393 1199; x_wconf 85' lang='grc'><strong>143.</strong></span> <span class='ocrx_word' id='word_1_48' title='bbox 2438 1111 2636 1199; x_wconf 78' lang='lat'>171.</span> <span class='ocrx_word' id='word_1_49' title='bbox 2685 1113 2890 1199; x_wconf 92' lang='grc'><strong>200.</strong></span> <span class='ocrx_word' id='word_1_50' title='bbox 2929 1112 3134 1201; x_wconf 77' lang='grc'><strong>277.</strong></span> <span class='ocrx_word' id='word_1_51' title='bbox 3197 1168 3202 1173; x_wconf 86' lang='lat'><strong>·</strong></span> 
     </span>
     <span class='ocr_line' id='line_1_8' title="bbox 474 1226 2651 1351; baseline 0.001 -15"><span class='ocrx_word' id='word_1_52' title='bbox 474 1226 2651 1351; x_wconf 57' lang='lat' dir='ltr'><strong>280.2ss.294.295.2oossoo.407.408.434.</strong></span> 
     </span>
    </p>
   </div>
   <div class='ocr_carea' id='block_1_4' title="bbox 390 1390 3138 3553">
    <p class='ocr_par' dir='ltr' id='par_1_4' title="bbox 470 1390 3136 2056">
     <span class='ocr_line' id='line_1_9' title="bbox 498 1390 3136 1500; baseline 0.001 -25"><span class='ocrx_word' id='word_1_53' title='bbox 498 1401 509 1412; x_wconf 86' lang='lat'>&#39;</span> <span class='ocrx_word' id='word_1_54' title='bbox 659 1391 871 1496; x_wconf 82' lang='lat' dir='ltr'><strong>Quos</strong></span> <span class='ocrx_word' id='word_1_55' title='bbox 913 1392 1300 1493; x_wconf 88' lang='lat' dir='ltr'><strong>defectus,</strong></span> <span class='ocrx_word' id='word_1_56' title='bbox 1357 1420 1541 1476; x_wconf 90' lang='lat' dir='ltr'><strong>cum</strong></span> <span class='ocrx_word' id='word_1_57' title='bbox 1584 1392 1669 1476; x_wconf 93' lang='lat' dir='ltr'><strong>in</strong></span> <span class='ocrx_word' id='word_1_58' title='bbox 1711 1419 2089 1477; x_wconf 87' lang='lat' dir='ltr'><strong>consessu</strong></span> <span class='ocrx_word' id='word_1_59' title='bbox 2133 1390 2402 1500; x_wconf 90' lang='lat' dir='ltr'><strong>aliquo</strong></span> <span class='ocrx_word' id='word_1_60' title='bbox 2447 1392 2865 1476; x_wconf 88' lang='lat' dir='ltr'><strong>doctorum</strong></span> <span class='ocrx_word' id='word_1_61' title='bbox 2926 1390 3136 1478; x_wconf 86' lang='lat' dir='ltr'><strong>viro-</strong></span> 
     </span>
     <span class='ocr_line' id='line_1_10' title="bbox 472 1528 3134 1640; baseline 0 -28"><span class='ocrx_word' id='word_1_62' title='bbox 472 1557 653 1613; x_wconf 89' lang='lat' dir='ltr'><strong>rum</strong></span> <span class='ocrx_word' id='word_1_63' title='bbox 718 1536 1094 1640; x_wconf 89' lang='lat' dir='ltr'><strong>rogatus,</strong></span> <span class='ocrx_word' id='word_1_64' title='bbox 1163 1529 1356 1640; x_wconf 90' lang='lat' dir='ltr'><strong>quid</strong></span> <span class='ocrx_word' id='word_1_65' title='bbox 1419 1533 1518 1615; x_wconf 88' lang='lat' dir='ltr'><strong>de</strong></span> <span class='ocrx_word' id='word_1_66' title='bbox 1580 1530 1794 1616; x_wconf 88' lang='lat' dir='ltr'><strong>dicto</strong></span> <span class='ocrx_word' id='word_1_67' title='bbox 1866 1556 2107 1639; x_wconf 89' lang='lat' dir='ltr'><strong>opere</strong></span> <span class='ocrx_word' id='word_1_68' title='bbox 2193 1528 2631 1615; x_wconf 87' lang='lat' dir='ltr'><strong>Lucidiano</strong></span> <span class='ocrx_word' id='word_1_69' title='bbox 2713 1531 3134 1633; x_wconf 86' lang='lat' dir='ltr'><strong>sentirem,</strong></span> 
     </span>
     <span class='ocr_line' id='line_1_11' title="bbox 472 1656 3136 1778; baseline 0.001 -28"><span class='ocrx_word' id='word_1_70' title='bbox 472 1674 746 1777; x_wconf 88' lang='lat' dir='ltr'><strong>aperte</strong></span> <span class='ocrx_word' id='word_1_71' title='bbox 788 1667 1289 1769; x_wconf 82' lang='lat' dir='ltr'><strong>indicassem,</strong></span> <span class='ocrx_word' id='word_1_72' title='bbox 1344 1670 1598 1772; x_wconf 91' lang='lat' dir='ltr'><strong>multi,</strong></span> <span class='ocrx_word' id='word_1_73' title='bbox 1653 1656 1999 1778; x_wconf 77' lang='lat' dir='ltr'><strong>quorum</strong></span> <span class='ocrx_word' id='word_1_74' title='bbox 2062 1667 2477 1754; x_wconf 88' lang='lat' dir='ltr'><strong>desideriis</strong></span> <span class='ocrx_word' id='word_1_75' title='bbox 2518 1664 2895 1754; x_wconf 90' lang='lat' dir='ltr'><strong>resistere</strong></span> <span class='ocrx_word' id='word_1_76' title='bbox 2940 1668 3136 1753; x_wconf 92' lang='lat' dir='ltr'><strong>mihi</strong></span> 
     </span>
     <span class='ocr_line' id='line_1_12' title="bbox 470 1805 3136 1917; baseline 0.001 -29"><span class='ocrx_word' id='word_1_77' title='bbox 470 1807 696 1892; x_wconf 86' lang='lat' dir='ltr'><strong>nefas</strong></span> <span class='ocrx_word' id='word_1_78' title='bbox 751 1807 1056 1909; x_wconf 83' lang='lat' dir='ltr'><strong>fuisset,</strong></span> <span class='ocrx_word' id='word_1_79' title='bbox 1100 1806 1180 1890; x_wconf 93' lang='lat' dir='ltr'><strong>id</strong></span> <span class='ocrx_word' id='word_1_80' title='bbox 1234 1807 1465 1893; x_wconf 84' lang='lat' dir='ltr'><strong>enixe</strong></span> <span class='ocrx_word' id='word_1_81' title='bbox 1510 1837 1560 1893; x_wconf 86' lang='lat' dir='ltr'><strong>a</strong></span> <span class='ocrx_word' id='word_1_82' title='bbox 1598 1834 1727 1893; x_wconf 92' lang='lat' dir='ltr'><strong>me</strong></span> <span class='ocrx_word' id='word_1_83' title='bbox 1772 1806 2202 1917; x_wconf 87' lang='lat' dir='ltr'><strong>petierunt,</strong></span> <span class='ocrx_word' id='word_1_84' title='bbox 2245 1811 2336 1891; x_wconf 88' lang='lat' dir='ltr'><strong>ut</strong></span> <span class='ocrx_word' id='word_1_85' title='bbox 2379 1833 2664 1892; x_wconf 83' lang='lat' dir='ltr'><strong>novam</strong></span> <span class='ocrx_word' id='word_1_86' title='bbox 2709 1805 3136 1893; x_wconf 89' lang='lat' dir='ltr'><strong>editionem</strong></span> 
     </span>
     <span class='ocr_line' id='line_1_13' title="bbox 474 1943 2159 2056; baseline -0.002 -27"><span class='ocrx_word' id='word_1_87' title='bbox 474 1943 661 2029; x_wconf 89' lang='lat' dir='ltr'><strong>dicti</strong></span> <span class='ocrx_word' id='word_1_88' title='bbox 717 1945 977 2056; x_wconf 87' lang='lat' dir='ltr'><strong>operis</strong></span> <span class='ocrx_word' id='word_1_89' title='bbox 1042 1947 1584 2031; x_wconf 74' lang='lat' dir='ltr'><strong>exornandam</strong></span> <span class='ocrx_word' id='word_1_90' title='bbox 1648 1946 2159 2055; x_wconf 82' lang='lat' dir='ltr'><strong>susciperem.</strong></span> 
     </span>
    </p>

    <p class='ocr_par' dir='ltr' id='par_1_5' title="bbox 390 2078 3138 3553">
     <span class='ocr_line' id='line_1_14' title="bbox 659 2078 3133 2195; baseline -0.001 -29"><span class='ocrx_word' id='word_1_91' title='bbox 659 2083 919 2189; x_wconf 82' lang='lat' dir='ltr'><strong>Quare</strong></span> <span class='ocrx_word' id='word_1_92' title='bbox 984 2089 1243 2169; x_wconf 90' lang='lat' dir='ltr'><strong>totum</strong></span> <span class='ocrx_word' id='word_1_93' title='bbox 1287 2111 1487 2195; x_wconf 91' lang='lat' dir='ltr'><strong>opus</strong></span> <span class='ocrx_word' id='word_1_94' title='bbox 1552 2083 1855 2194; x_wconf 91' lang='lat' dir='ltr'><strong>pluries</strong></span> <span class='ocrx_word' id='word_1_95' title='bbox 1919 2089 2225 2168; x_wconf 89' lang='lat' dir='ltr'><strong>attente</strong></span> <span class='ocrx_word' id='word_1_96' title='bbox 2269 2078 2577 2192; x_wconf 85' lang='lat' dir='ltr'><strong>perlegi</strong></span> <span class='ocrx_word' id='word_1_97' title='bbox 2641 2086 2726 2168; x_wconf 89' lang='lat' dir='ltr'><strong>et</strong></span> <span class='ocrx_word' id='word_1_98' title='bbox 2788 2079 3133 2189; x_wconf 91' lang='lat' dir='ltr'><strong>diligen-</strong></span> 
     </span>
     <span class='ocr_line' id='line_1_15' title="bbox 469 2220 3137 2333; baseline -0.002 -26"><span class='ocrx_word' id='word_1_99' title='bbox 469 2228 597 2307; x_wconf 88' lang='lat' dir='ltr'><strong>ter</strong></span> <span class='ocrx_word' id='word_1_100' title='bbox 660 2226 1025 2333; x_wconf 85' lang='lat' dir='ltr'><strong>expendi,</strong></span> <span class='ocrx_word' id='word_1_101' title='bbox 1067 2223 1242 2309; x_wconf 91' lang='lat' dir='ltr'><strong>loca</strong></span> <span class='ocrx_word' id='word_1_102' title='bbox 1309 2225 1551 2309; x_wconf 85' lang='lat' dir='ltr'><strong>citata</strong></span> <span class='ocrx_word' id='word_1_103' title='bbox 1617 2252 1802 2309; x_wconf 94' lang='lat' dir='ltr'><strong>cum</strong></span> <span class='ocrx_word' id='word_1_104' title='bbox 1865 2222 2030 2309; x_wconf 90' lang='lat' dir='ltr'><strong>suis</strong></span> <span class='ocrx_word' id='word_1_105' title='bbox 2096 2220 2620 2332; x_wconf 82' lang='lat' dir='ltr'><strong>originalibus</strong></span> <span class='ocrx_word' id='word_1_106' title='bbox 2686 2220 2988 2306; x_wconf 91' lang='lat' dir='ltr'><strong>contuli</strong></span> <span class='ocrx_word' id='word_1_107' title='bbox 3054 2224 3137 2304; x_wconf 86' lang='lat' dir='ltr'><strong>et</strong></span> 
     </span>
     <span class='ocr_line' id='line_1_16' title="bbox 469 2357 3133 2472; baseline -0.002 -29"><span class='ocrx_word' id='word_1_108' title='bbox 469 2358 813 2446; x_wconf 90' lang='lat' dir='ltr'><strong>fideliter</strong></span> <span class='ocrx_word' id='word_1_109' title='bbox 880 2362 1294 2447; x_wconf 84' lang='lat' dir='ltr'><strong>emendavi</strong></span> <span class='ocrx_word' id='word_1_110' title='bbox 1328 2428 1347 2467; x_wconf 92' lang='lat'><strong>,</strong></span> <span class='ocrx_word' id='word_1_111' title='bbox 1423 2390 1630 2472; x_wconf 90' lang='lat' dir='ltr'><strong>quae</strong></span> <span class='ocrx_word' id='word_1_112' title='bbox 1704 2368 1987 2446; x_wconf 84' lang='lat' dir='ltr'><strong>auctor</strong></span> <span class='ocrx_word' id='word_1_113' title='bbox 2066 2362 2345 2472; x_wconf 89' lang='lat' dir='ltr'><strong>lingna</strong></span> <span class='ocrx_word' id='word_1_114' title='bbox 2416 2358 2684 2445; x_wconf 83' lang='lat' dir='ltr'><strong>italica</strong></span> <span class='ocrx_word' id='word_1_115' title='bbox 2757 2357 3133 2460; x_wconf 84' lang='lat' dir='ltr'><strong>tradidit,</strong></span> 
     </span>
     <span class='ocr_line' id='line_1_17' title="bbox 473 2493 3135 2610; baseline -0.002 -26"><span class='ocrx_word' id='word_1_116' title='bbox 473 2498 843 2607; x_wconf 89' lang='lat' dir='ltr'><strong>equidem</strong></span> <span class='ocrx_word' id='word_1_117' title='bbox 908 2500 991 2583; x_wconf 90' lang='lat' dir='ltr'><strong>in</strong></span> <span class='ocrx_word' id='word_1_118' title='bbox 1053 2500 1396 2610; x_wconf 81' lang='lat' dir='ltr'><strong>gratiam</strong></span> <span class='ocrx_word' id='word_1_119' title='bbox 1464 2527 1767 2602; x_wconf 87' lang='lat' dir='ltr'><strong>eorum,</strong></span> <span class='ocrx_word' id='word_1_120' title='bbox 1836 2500 1975 2610; x_wconf 91' lang='lat' dir='ltr'><strong>qui</strong></span> <span class='ocrx_word' id='word_1_121' title='bbox 2039 2498 2256 2584; x_wconf 87' lang='lat' dir='ltr'><strong>illam</strong></span> <span class='ocrx_word' id='word_1_122' title='bbox 2320 2498 2683 2608; x_wconf 89' lang='lat' dir='ltr'><strong>linguam</strong></span> <span class='ocrx_word' id='word_1_123' title='bbox 2747 2521 2905 2579; x_wconf 90' lang='lat' dir='ltr'><strong>non</strong></span> <span class='ocrx_word' id='word_1_124' title='bbox 2972 2493 3135 2579; x_wconf 89' lang='lat' dir='ltr'><strong>cal-</strong></span> 
     </span>
     <span class='ocr_line' id='line_1_18' title="bbox 470 2634 3136 2750; baseline -0.002 -28"><span class='ocrx_word' id='word_1_125' title='bbox 470 2638 665 2741; x_wconf 89' lang='lat' dir='ltr'><strong>lent,</strong></span> <span class='ocrx_word' id='word_1_126' title='bbox 709 2636 955 2724; x_wconf 88' lang='lat' dir='ltr'><strong>latine</strong></span> <span class='ocrx_word' id='word_1_127' title='bbox 1021 2641 1281 2724; x_wconf 89' lang='lat' dir='ltr'><strong>danda</strong></span> <span class='ocrx_word' id='word_1_128' title='bbox 1366 2638 1684 2743; x_wconf 85' lang='lat' dir='ltr'><strong>curavi,</strong></span> <span class='ocrx_word' id='word_1_129' title='bbox 1750 2641 2022 2750; x_wconf 89' lang='lat' dir='ltr'><strong>plures</strong></span> <span class='ocrx_word' id='word_1_130' title='bbox 2108 2637 2581 2738; x_wconf 76' lang='lat' dir='ltr'><strong>additioneS‚</strong></span> <span class='ocrx_word' id='word_1_131' title='bbox 2655 2660 2852 2745; x_wconf 90' lang='lat' dir='ltr'><strong>quas</strong></span> <span class='ocrx_word' id='word_1_132' title='bbox 2922 2634 3136 2719; x_wconf 91' lang='lat' dir='ltr'><strong>inter</strong></span> 
     </span>
     <span class='ocr_line' id='line_1_19' title="bbox 472 2770 3133 2886; baseline -0.002 -26"><span class='ocrx_word' id='word_1_133' title='bbox 472 2776 824 2861; x_wconf 81' lang='lat' dir='ltr'><strong>auctoris</strong></span> <span class='ocrx_word' id='word_1_134' title='bbox 888 2777 1185 2886; x_wconf 85' lang='lat' dir='ltr'><strong>scripta</strong></span> <span class='ocrx_word' id='word_1_135' title='bbox 1248 2777 1541 2881; x_wconf 87' lang='lat' dir='ltr'><strong>inveni,</strong></span> <span class='ocrx_word' id='word_1_136' title='bbox 1589 2776 1754 2861; x_wconf 90' lang='lat' dir='ltr'><strong>suis</strong></span> <span class='ocrx_word' id='word_1_137' title='bbox 1817 2777 2012 2862; x_wconf 90' lang='lat' dir='ltr'><strong>locis</strong></span> <span class='ocrx_word' id='word_1_138' title='bbox 2078 2777 2163 2861; x_wconf 90' lang='lat' dir='ltr'><strong>in</strong></span> <span class='ocrx_word' id='word_1_139' title='bbox 2228 2781 2645 2875; x_wconf 81' lang='lat' dir='ltr'><strong>contextu,</strong></span> <span class='ocrx_word' id='word_1_140' title='bbox 2708 2770 3133 2858; x_wconf 89' lang='lat' dir='ltr'><strong>nonnullas</strong></span> 
     </span>
     <span class='ocr_line' id='line_1_20' title="bbox 472 2908 3134 3025; baseline -0.003 -27"><span class='ocrx_word' id='word_1_141' title='bbox 472 2914 814 3017; x_wconf 89' lang='lat' dir='ltr'><strong>notulas,</strong></span> <span class='ocrx_word' id='word_1_142' title='bbox 860 2943 1060 3024; x_wconf 91' lang='lat' dir='ltr'><strong>quas</strong></span> <span class='ocrx_word' id='word_1_143' title='bbox 1112 2944 1256 3025; x_wconf 92' lang='lat' dir='ltr'><strong>pro</strong></span> <span class='ocrx_word' id='word_1_144' title='bbox 1297 2915 1606 3003; x_wconf 88' lang='lat' dir='ltr'><strong>meliori</strong></span> <span class='ocrx_word' id='word_1_145' title='bbox 1669 2914 2204 3024; x_wconf 89' lang='lat' dir='ltr'><strong>intelligentia</strong></span> <span class='ocrx_word' id='word_1_146' title='bbox 2246 2911 2746 3000; x_wconf 81' lang='lat' dir='ltr'><strong>necessarias</strong></span> <span class='ocrx_word' id='word_1_147' title='bbox 2801 2908 2926 2996; x_wconf 88' lang='lat' dir='ltr'><strong>vel</strong></span> <span class='ocrx_word' id='word_1_148' title='bbox 2972 2908 3134 2992; x_wconf 90' lang='lat' dir='ltr'><strong>uti-</strong></span> 
     </span>
     <span class='ocr_line' id='line_1_21' title="bbox 471 3049 3138 3165; baseline -0.001 -31"><span class='ocrx_word' id='word_1_149' title='bbox 471 3049 589 3135; x_wconf 88' lang='lat' dir='ltr'><strong>les</strong></span> <span class='ocrx_word' id='word_1_150' title='bbox 654 3051 1016 3155; x_wconf 86' lang='lat' dir='ltr'><strong>iudicavi,</strong></span> <span class='ocrx_word' id='word_1_151' title='bbox 1083 3055 1185 3138; x_wconf 89' lang='lat' dir='ltr'><strong>ad</strong></span> <span class='ocrx_word' id='word_1_152' title='bbox 1249 3053 1548 3140; x_wconf 83' lang='lat' dir='ltr'><strong>calcem</strong></span> <span class='ocrx_word' id='word_1_153' title='bbox 1615 3054 2093 3165; x_wconf 86' lang='lat' dir='ltr'><strong>paginarum</strong></span> <span class='ocrx_word' id='word_1_154' title='bbox 2137 3052 2434 3156; x_wconf 84' lang='lat' dir='ltr'><strong>adieci3</strong></span> <span class='ocrx_word' id='word_1_155' title='bbox 2501 3051 2604 3135; x_wconf 86' lang='lat' dir='ltr'><strong>ad</strong></span> <span class='ocrx_word' id='word_1_156' title='bbox 2647 3049 2946 3134; x_wconf 87' lang='lat' dir='ltr'><strong>calcem</strong></span> <span class='ocrx_word' id='word_1_157' title='bbox 2991 3077 3138 3132; x_wconf 91' lang='lat' dir='ltr'><strong>au-</strong></span> 
     </span>
     <span class='ocr_line' id='line_1_22' title="bbox 471 3185 3136 3301; baseline 0 -30"><span class='ocrx_word' id='word_1_158' title='bbox 471 3193 636 3273; x_wconf 91' lang='lat' dir='ltr'><strong>tem</strong></span> <span class='ocrx_word' id='word_1_159' title='bbox 698 3192 1388 3301; x_wconf 88' lang='lat' dir='ltr'><strong>paragraphorum</strong></span> <span class='ocrx_word' id='word_1_160' title='bbox 1454 3192 1583 3277; x_wconf 80' lang='lat' dir='ltr'><strong>vel</strong></span> <span class='ocrx_word' id='word_1_161' title='bbox 1648 3191 1996 3300; x_wconf 87' lang='lat' dir='ltr'><strong>capitum</strong></span> <span class='ocrx_word' id='word_1_162' title='bbox 2040 3190 2312 3301; x_wconf 88' lang='lat' dir='ltr'><strong>plures</strong></span> <span class='ocrx_word' id='word_1_163' title='bbox 2376 3188 2857 3298; x_wconf 89' lang='lat' dir='ltr'><strong>appendices</strong></span> <span class='ocrx_word' id='word_1_164' title='bbox 2922 3185 3136 3271; x_wconf 89' lang='lat' dir='ltr'><strong>inse-</strong></span> 
     </span>
     <span class='ocr_line' id='line_1_23' title="bbox 468 3322 3136 3446; baseline -0 -36"><span class='ocrx_word' id='word_1_165' title='bbox 468 3326 619 3428; x_wconf 90' lang='lat' dir='ltr'><strong>rui,</strong></span> <span class='ocrx_word' id='word_1_166' title='bbox 683 3355 881 3436; x_wconf 90' lang='lat' dir='ltr'><strong>quas</strong></span> <span class='ocrx_word' id='word_1_167' title='bbox 945 3328 1026 3411; x_wconf 91' lang='lat' dir='ltr'><strong>in</strong></span> <span class='ocrx_word' id='word_1_168' title='bbox 1092 3337 1527 3441; x_wconf 88' lang='lat' dir='ltr'><strong>conspectu</strong></span> <span class='ocrx_word' id='word_1_169' title='bbox 1600 3329 2093 3415; x_wconf 86' lang='lat' dir='ltr'><strong>voluminum</strong></span> <span class='ocrx_word' id='word_1_170' title='bbox 2159 3328 2390 3438; x_wconf 89' lang='lat' dir='ltr'><strong>signo</strong></span> <span class='ocrx_word' id='word_1_171' title='bbox 2435 3322 2554 3446; x_wconf 46' lang='grc' dir='ltr'><strong><em>ᾖ</em></strong></span> <span class='ocrx_word' id='word_1_172' title='bbox 2608 3324 2902 3410; x_wconf 84' lang='lat' dir='ltr'><strong>notavi.</strong></span> <span class='ocrx_word' id='word_1_173' title='bbox 2978 3327 3136 3409; x_wconf 91' lang='lat' dir='ltr'><strong>Pro</strong></span> 
     </span>
     <span class='ocr_line' id='line_1_24' title="bbox 390 3463 3137 3553; baseline -0.001 -5"><span class='ocrx_word' id='word_1_174' title='bbox 390 3504 407 3526; x_wconf 92' lang='lat'><strong>·</strong></span> <span class='ocrx_word' id='word_1_175' title='bbox 470 3463 751 3550; x_wconf 89' lang='lat' dir='ltr'><strong>maiori</strong></span> <span class='ocrx_word' id='word_1_176' title='bbox 814 3467 1136 3550; x_wconf 86' lang='lat' dir='ltr'><strong>demum</strong></span> <span class='ocrx_word' id='word_1_177' title='bbox 1188 3468 1597 3553; x_wconf 78' lang='lat' dir='ltr'><strong>lectorum</strong></span> <span class='ocrx_word' id='word_1_178' title='bbox 1640 3468 2205 3553; x_wconf 85' lang='lat' dir='ltr'><strong>commoditate</strong></span> <span class='ocrx_word' id='word_1_179' title='bbox 2240 3464 2517 3550; x_wconf 86' lang='lat' dir='ltr'><strong>titulos</strong></span> <span class='ocrx_word' id='word_1_180' title='bbox 2582 3464 3137 3549; x_wconf 90' lang='lat' dir='ltr'><strong>columnarum</strong></span> 
     </span>
    </p>
   </div>
   <div class='ocr_carea' id='block_1_5' title="bbox 308 3601 3139 3731">
    <p class='ocr_par' dir='ltr' id='par_1_6' title="bbox 308 3601 3139 3731">
     <span class='ocr_line' id='line_1_25' title="bbox 308 3601 3139 3731; baseline -0 -45"><span class='ocrx_word' id='word_1_181' title='bbox 308 3649 317 3660; x_wconf 88' lang='lat'><strong>·</strong></span> <span class='ocrx_word' id='word_1_182' title='bbox 471 3602 768 3731; x_wconf 79' lang='lat' dir='ltr'><strong>adieci,</strong></span> <span class='ocrx_word' id='word_1_183' title='bbox 823 3604 1083 3714; x_wconf 88' lang='lat' dir='ltr'><strong>capita</strong></span> <span class='ocrx_word' id='word_1_184' title='bbox 1158 3613 1242 3691; x_wconf 91' lang='lat' dir='ltr'><strong>et</strong></span> <span class='ocrx_word' id='word_1_185' title='bbox 1315 3606 1871 3716; x_wconf 86' lang='lat' dir='ltr'><strong>paragraphos</strong></span> <span class='ocrx_word' id='word_1_186' title='bbox 1951 3608 2155 3690; x_wconf 92' lang='lat' dir='ltr'><strong>bene</strong></span> <span class='ocrx_word' id='word_1_187' title='bbox 2220 3601 2585 3705; x_wconf 85' lang='lat' dir='ltr'><strong>distinxi,</strong></span> <span class='ocrx_word' id='word_1_188' title='bbox 2650 3608 2735 3688; x_wconf 91' lang='lat' dir='ltr'><strong>et</strong></span> <span class='ocrx_word' id='word_1_189' title='bbox 2794 3601 3139 3686; x_wconf 89' lang='lat' dir='ltr'><strong>indicem</strong></span> 
     </span>
    </p>
   </div>
   <div class='ocr_carea' id='block_1_6' title="bbox 469 3741 3139 4385">
    <p class='ocr_par' dir='ltr' id='par_1_7' title="bbox 469 3741 2397 3852">
     <span class='ocr_line' id='line_1_26' title="bbox 469 3741 2397 3852; baseline -0.001 -27"><span class='ocrx_word' id='word_1_190' title='bbox 469 3741 986 3829; x_wconf 87' lang='lat' dir='ltr'><strong>materiarum</strong></span> <span class='ocrx_word' id='word_1_191' title='bbox 1049 3743 1131 3828; x_wconf 93' lang='lat' dir='ltr'><strong>in</strong></span> <span class='ocrx_word' id='word_1_192' title='bbox 1197 3745 1605 3829; x_wconf 89' lang='lat' dir='ltr'><strong>meliorem</strong></span> <span class='ocrx_word' id='word_1_193' title='bbox 1671 3742 2027 3829; x_wconf 89' lang='lat' dir='ltr'><strong>ordinem</strong></span> <span class='ocrx_word' id='word_1_194' title='bbox 2092 3741 2397 3852; x_wconf 90' lang='lat' dir='ltr'><strong>redegi.</strong></span> 
     </span>
    </p>

    <p class='ocr_par' dir='ltr' id='par_1_8' title="bbox 472 3876 3139 4385">
     <span class='ocr_line' id='line_1_27' title="bbox 656 3876 3139 3992; baseline -0.004 -22"><span class='ocrx_word' id='word_1_195' title='bbox 656 3883 964 3984; x_wconf 78' lang='lat' dir='ltr'><strong>VerbiS,</strong></span> <span class='ocrx_word' id='word_1_196' title='bbox 1010 3882 1298 3992; x_wconf 89' lang='lat' dir='ltr'><strong>quibus</strong></span> <span class='ocrx_word' id='word_1_197' title='bbox 1345 3889 1620 3967; x_wconf 88' lang='lat' dir='ltr'><strong>auctor</strong></span> <span class='ocrx_word' id='word_1_198' title='bbox 1677 3883 2252 3992; x_wconf 85' lang='lat' dir='ltr'><strong>praefationem</strong></span> <span class='ocrx_word' id='word_1_199' title='bbox 2293 3878 2524 3964; x_wconf 81' lang='lat' dir='ltr'><strong>suam</strong></span> <span class='ocrx_word' id='word_1_200' title='bbox 2567 3876 2993 3977; x_wconf 90' lang='lat' dir='ltr'><strong>concludit,</strong></span> <span class='ocrx_word' id='word_1_201' title='bbox 3039 3903 3139 3961; x_wconf 85' lang='lat' dir='ltr'><strong>ex</strong></span> 
     </span>
     <span class='ocr_line' id='line_1_28' title="bbox 474 4014 3134 4108; baseline -0.002 -5"><span class='ocrx_word' id='word_1_202' title='bbox 474 4022 711 4106; x_wconf 87' lang='lat' dir='ltr'><strong>corde</strong></span> <span class='ocrx_word' id='word_1_203' title='bbox 755 4022 1263 4108; x_wconf 89' lang='lat' dir='ltr'><strong>subscribens</strong></span> <span class='ocrx_word' id='word_1_204' title='bbox 1307 4021 1516 4105; x_wconf 90' lang='lat' dir='ltr'><strong>hanc</strong></span> <span class='ocrx_word' id='word_1_205' title='bbox 1565 4048 1851 4106; x_wconf 86' lang='lat' dir='ltr'><strong>novam</strong></span> <span class='ocrx_word' id='word_1_206' title='bbox 1899 4021 2331 4108; x_wconf 89' lang='lat' dir='ltr'><strong>editionem</strong></span> <span class='ocrx_word' id='word_1_207' title='bbox 2371 4019 2697 4104; x_wconf 78' lang='lat' dir='ltr'><strong>Revffiis</strong></span> <span class='ocrx_word' id='word_1_208' title='bbox 2755 4022 2839 4102; x_wconf 90' lang='lat' dir='ltr'><strong>et</strong></span> <span class='ocrx_word' id='word_1_209' title='bbox 2881 4014 3134 4100; x_wconf 76' lang='lat' dir='ltr'><strong>Illffiis</strong></span> 
     </span>
     <span class='ocr_line' id='line_1_29' title="bbox 473 4156 3135 4267; baseline -0.001 -24"><span class='ocrx_word' id='word_1_210' title='bbox 473 4157 984 4244; x_wconf 82' lang='lat' dir='ltr'><strong>Antistitibus</strong></span> <span class='ocrx_word' id='word_1_211' title='bbox 1048 4167 1133 4246; x_wconf 90' lang='lat' dir='ltr'><strong>et</strong></span> <span class='ocrx_word' id='word_1_212' title='bbox 1191 4159 1649 4260; x_wconf 65' lang='lat' dir='ltr'><strong>reverendis</strong></span> <span class='ocrx_word' id='word_1_213' title='bbox 1703 4158 2253 4244; x_wconf 86' lang='lat' dir='ltr'><strong>sacerdotibus</strong></span> <span class='ocrx_word' id='word_1_214' title='bbox 2299 4156 2546 4260; x_wconf 89' lang='lat' dir='ltr'><strong>omni,</strong></span> <span class='ocrx_word' id='word_1_215' title='bbox 2594 4185 2754 4266; x_wconf 87' lang='lat' dir='ltr'><strong>qua</strong></span> <span class='ocrx_word' id='word_1_216' title='bbox 2796 4184 2941 4267; x_wconf 86' lang='lat' dir='ltr'><strong>par</strong></span> <span class='ocrx_word' id='word_1_217' title='bbox 2988 4164 3135 4258; x_wconf 90' lang='lat' dir='ltr'><strong>est,</strong></span> 
     </span>
     <span class='ocr_line' id='line_1_30' title="bbox 472 4296 1993 4385; baseline 0.001 -4"><span class='ocrx_word' id='word_1_218' title='bbox 472 4296 926 4382; x_wconf 88' lang='lat' dir='ltr'><strong>humilitate</strong></span> <span class='ocrx_word' id='word_1_219' title='bbox 993 4304 1074 4383; x_wconf 93' lang='lat' dir='ltr'><strong>et</strong></span> <span class='ocrx_word' id='word_1_220' title='bbox 1137 4298 1648 4385; x_wconf 85' lang='lat' dir='ltr'><strong>veneratione</strong></span> <span class='ocrx_word' id='word_1_221' title='bbox 1717 4298 1993 4383; x_wconf 85' lang='lat' dir='ltr'><strong>offero.</strong></span> 
     </span>
    </p>
   </div>
   <div class='ocr_carea' id='block_1_7' title="bbox 657 4435 3129 4674">
    <p class='ocr_par' dir='ltr' id='par_1_9' title="bbox 657 4435 3129 4674">
     <span class='ocr_line' id='line_1_31' title="bbox 657 4435 1867 4546; baseline 0.002 -26"><span class='ocrx_word' id='word_1_222' title='bbox 657 4437 961 4522; x_wconf 85' lang='lat' dir='ltr'><strong>Romae</strong></span> <span class='ocrx_word' id='word_1_223' title='bbox 1031 4436 1111 4520; x_wconf 92' lang='grc'><strong>2.</strong></span> <span class='ocrx_word' id='word_1_224' title='bbox 1180 4435 1530 4546; x_wconf 87' lang='lat' dir='ltr'><strong>Augusti</strong></span> <span class='ocrx_word' id='word_1_225' title='bbox 1606 4436 1867 4523; x_wconf 91' lang='grc'><strong>1882.</strong></span> 
     </span>
     <span class='ocr_line' id='line_1_32' title="bbox 1947 4602 3129 4674; baseline -0.005 -4"><span class='ocrx_word' id='word_1_226' title='bbox 1947 4609 2019 4670; x_wconf 89' lang='grc' dir='ltr'><strong>Ρ.</strong></span> <span class='ocrx_word' id='word_1_227' title='bbox 2050 4607 2433 4673; x_wconf 81' lang='lat' dir='ltr'>JOSEPHUS</span> <span class='ocrx_word' id='word_1_228' title='bbox 2482 4605 2925 4674; x_wconf 83' lang='lat' dir='ltr'><strong>SGHNEIDER</strong></span> <span class='ocrx_word' id='word_1_229' title='bbox 2974 4606 3039 4669; x_wconf 91' lang='lat' dir='ltr'><strong>S.</strong></span> <span class='ocrx_word' id='word_1_230' title='bbox 3073 4602 3129 4664; x_wconf 81' lang='lat' dir='ltr'><strong>J.</strong></span> 
     </span>
    </p>
   </div>
  </div>
 </body>
</html>
