3497 5235
594 292 708 355 19¹4
1339 291 1708 350 Instructioni·
1750 289 1803 347 8.
1832 291 2015 366 Oongr.
2044 289 2191 347 Gonu.
2231 289 2503 364 monitio.

587 425 767 497 nihil
817 424 1167 496 bonorum
1223 423 1591 497 mobilium
1644 425 2264 514 immobiliumque
2320 425 2709 514 possideat,
2748 431 2830 496 ut
2866 425 3086 517 paulo
3141 445 3267 497 su-

581 539 826 629 perius
877 538 1066 609 idem
1103 543 1351 608 auctor
1387 534 1914 631 praemiserat),
1960 559 1997 606 (
2039 539 2188 609 sive
2230 556 2402 624 non,
2448 542 2517 608 et
2553 538 2611 607 si
2648 535 2843 608 bona
2882 536 3268 628 quamplu-

585 676 622 718 »
663 652 844 722 rima
896 649 1287 741 possideat,
1344 651 1404 720 si
1457 656 1701 721 tamen
1737 668 1815 721 se
1853 650 1947 721 ad
2000 649 2232 721 locum
2278 651 2436 721 novi
2478 649 2819 721 domicilii
2874 648 3271 721 transferre

586 788 623 830 ι»
665 762 1000 851 noluerit,
1058 762 1442 834 dummodo
1480 763 1802 833 animum
1838 767 2185 852 perpetuo
2222 761 2601 832 babitandi
2654 759 2923 830 ibidem
2962 759 3263 847 babeat,

586 898 625 944 ›
665 893 792 965 per
845 875 1422 962 decenniumque
1475 881 1974 962 commoretur,
2015 874 2449 945 domicilium
2489 872 2583 944 ad
2619 869 2922 944 Ordines
2960 870 3061 942 ibi
3099 890 3273 943 con-

589 1009 629 1052 »
668 987 978 1058 traxit...
1038 982 1111 1056 Si
1164 992 1406 1057 autem
1459 987 1797 1057 maiorem
1836 992 2110 1076 partem
2165 1002 2456 1056 suorum
2491 984 2840 1056 bonorum
2878 1002 3269 1074 rerumque

590 1119 629 1165 ›
669 1096 761 1168 ad
812 1115 1076 1169 novum
1129 1096 1567 1168 domicilium
1603 1097 2019 1181 transferat,
2062 1114 2205 1167 non
2244 1102 2406 1187 eget
2447 1114 2574 1185 per
2610 1095 3039 1168 decennium
3084 1097 3268 1169 inibi

592 1233 630 1277 ›
671 1210 1087 1280 commorari
1122 1228 1140 1279 :
1199 1208 1461 1280 sufficit
1499 1210 1718 1297 enim,
1760 1209 1820 1279 si
1859 1207 2101 1297 aliquo
2152 1214 2476 1299 tempore
2531 1209 3036 1281 considerabili
3076 1228 3271 1281 com-

591 1346 629 1389 »
671 1327 1010 1409 moretur,
1048 1346 1085 1388 »
1142 1316 1391 1415 (paulo
1428 1325 1588 1412 post
1625 1320 1815 1391 idem
1851 1326 2098 1391 auctor
2150 1319 2284 1391 loc.
2319 1321 2441 1392 cit.
2488 1322 2677 1393 Nota
2711 1327 2965 1412 quarto
3017 1341 3094 1414 p.
3136 1322 3260 1393 99.

586 1433 831 1519 tradit,
889 1434 1275 1505 triennium
1331 1440 1703 1523 tamquam
1756 1430 2278 1504 considerabile
2333 1433 2724 1504 existimari
2772 1451 3008 1523 posse,
3051 1453 3271 1524 argu-

586 1552 825 1617 mento
878 1550 1163 1635 sumpto
1200 1564 1239 1615 a
1278 1545 1585 1616 triennio
1627 1561 1754 1635 per
1789 1541 2176 1615 Concilium
2232 1543 2735 1632 determinato,
2780 1550 2856 1615 ut
2894 1546 3059 1634 quis
3094 1542 3271 1637 Epi-

584 1673 842 1747 scopus
892 1674 1101 1726 suum
1140 1654 1562 1727 familiarem
1599 1656 1928 1726 ordinare
1967 1652 2225 1749 possit)
2258 1676 2294 1720 ι
2345 1655 2561 1727 aedes
2596 1656 2933 1745 instruat,
2974 1676 3059 1727 ac
3102 1658 3264 1728 ani-

587 1791 626 1837 »
669 1787 860 1838 mum
897 1774 1242 1858 perpetuo
1282 1766 1549 1839 ibidem
1599 1767 2075 1860 permanendi
2109 1767 2378 1838 habere
2417 1768 2881 1839 iureiurando
2918 1768 3263 1840 affirmet.-

587 1904 623 1948 >
667 1876 924 1951 Verum
964 1881 1020 1949 si
1063 1880 1263 1951 nulla
1315 1879 1533 1969 bona,
1575 1881 1685 1951 vel
1726 1879 2111 1952 admodum
2149 1881 2584 1971 paucissima
2623 1882 3015 1972 possideat,
3055 1882 3269 1954 dum-

586 2015 625 2059 »
668 1991 873 2063 modo
926 1991 1215 2063 domum
1283 1991 1420 2063 sibi
1490 1998 1859 2064 construat
1921 1992 2015 2063 ad
2073 1992 2596 2080 habitandum,
2663 1994 2897 2064 verius
2958 2001 3265 2067 censent

587 2126 626 2170 i>
667 2102 917 2191 aliqui,
959 2103 1152 2191 quod
1190 2120 1332 2173 non
1369 2102 1607 2194 egebit
1644 2121 1769 2195 per
1804 2102 2231 2176 decennium
2287 2103 2389 2174 ibi
2431 2103 2785 2190 habitare,
2826 2104 2954 2176 sed
2990 2105 3260 2177 sufficit

588 2237 627 2281 ν
669 2232 795 2303 per
847 2213 1365 2285 considerabile
1421 2221 1731 2305 tempus,
1785 2222 1890 2303 ut,
1951 2214 2196 2287 addita
2249 2215 2788 2287 circumstantia
2842 2216 3260 2305 iuramenti,

588 2349 626 2392 ›
666 2324 758 2395 ad
813 2321 1115 2397 Ordines
1167 2325 1601 2397 domicilium
1654 2328 2093 2399 contraxisse
2147 2326 2326 2398 inibi
2380 2334 2786 2399 censeatur.
2823 2353 2860 2395 ι»

730 2438 854 2508 88.
913 2436 981 2508 Si
1037 2434 1286 2510 Petrus
1339 2439 1412 2509 in
1466 2437 1700 2509 aliena
1755 2438 2065 2511 dioecesi
2104 2439 2400 2510 collocet
2438 2439 2904 2525 domicilium,
2945 2457 3264 2528 eumque

583 2555 928 2638 sequatur
981 2546 1245 2621 Paulus
1298 2550 1452 2621 eius
1504 2550 1694 2622 filius
1746 2551 2067 2623 nondum
2121 2552 2646 2643 emancipatus,
2688 2547 3086 2643 Episcopus
3134 2552 3267 2624 do-

582 2660 821 2733 micilii
874 2667 1107 2753 potest
1161 2662 1491 2735 ordinare
1544 2660 1873 2752 Paulum,
1930 2671 2001 2736 et
2053 2662 2342 2745 sufficit,
2404 2665 2595 2753 quod
2641 2664 3092 2737 conditiones
3128 2683 3262 2755 pro

579 2773 933 2845 domicilio
987 2773 1425 2863 acquirendo
1464 2776 1940 2866 praescriptas
1977 2775 2475 2865 adimpleverit
2514 2781 2743 2866 pater.
2804 2773 2875 2847 S.
2919 2770 2994 2846 C.
3035 2774 3255 2849 Conc.

577 2884 653 2955 in
688 2886 1133 2959 Materanen.
1181 2887 1516 2959 ordinat.
1561 2887 1630 2958 4.
1675 2885 1840 2958 Dec.
1891 2888 2102 2959 1706.
2158 2887 2351 2980 apud
2404 2884 2891 2958 Honorantem
2948 2887 3083 2958 loc.
3129 2889 3254 2959 cit.

577 2997 767 3070 Nota
790 2999 1090 3070 secundo
1126 3017 1292 3091 pag.
1320 3001 1443 3071 97.
1486 2995 1684 3071 Idem
1722 3004 1831 3071 est
1867 2999 2088 3071 multo
2127 3000 2381 3090 magiS‚
2429 2998 2722 3088 quando
2759 2995 3029 3069 Paulus
3064 2999 3261 3071 filius

577 3117 793 3181 natus
844 3109 1058 3182 fuerit
1112 3111 1186 3180 in
1239 3110 1390 3182 loco
1443 3111 1607 3181 novi
1657 3110 1996 3183 domicilii
2034 3130 2074 3181 a
2112 3119 2318 3201 patre
2354 3111 2733 3200 acquisiti:
2793 3127 3257 3201 quocumque

576 3222 769 3292 enim
819 3228 1137 3317 tempore
1174 3228 1342 3293 ante
1392 3221 1501 3294 vel
1536 3229 1696 3314 post
1732 3223 2182 3295 nativitatem
2220 3220 2422 3294 Pauli
2462 3222 2899 3310 immediate,
2942 3223 3057 3296 vel
3093 3229 3260 3314 post

577 3333 872 3423 aliquod
922 3339 1208 3427 tempus
1257 3332 1513 3407 Petrus
1566 3334 2001 3406 domicilium
2056 3333 2367 3425 adeptus
2421 3333 2678 3422 fuerit,
2737 3330 3005 3405 Paulus
3068 3334 3265 3408 ordi-

573 3444 863 3517 nandus
916 3453 1023 3519 est
1076 3446 1167 3518 ab
1221 3444 1571 3539 Episcopo
1622 3446 1838 3518 buius
1889 3447 2053 3517 novi
2103 3445 2488 3533 domicilii,
2547 3446 2836 3517 minime
2901 3463 3072 3516 vero
3126 3464 3260 3539 pa-

570 3562 820 3628 ternae
872 3558 1190 3648 originis.
1251 3556 1323 3628 S.
1365 3554 1581 3650 Cong.
1625 3554 1837 3630 Conc.
1897 3558 1972 3629 in
2026 3557 2324 3648 Neapol.
2383 3575 2511 3629 seu
2548 3558 2938 3648 Hyeracen.
2987 3557 3249 3630 ordin.

568 3668 694 3739 27.
739 3664 930 3741 Iunii
970 3669 1219 3758 1690„
1276 3676 1346 3741 et
1400 3687 1647 3741 rursus
1698 3670 1816 3741 die
1875 3670 1990 3740 15.
2033 3666 2200 3741 Maii
2243 3671 2459 3743 1708.
2505 3669 2695 3762 apud
2732 3668 3069 3740 eumdem
3107 3666 3256 3741 Ho-

569 3787 859 3852 norant.
916 3781 1053 3852 loc.
1098 3780 1221 3852 cit.
1279 3799 1445 3872 pag.
1488 3781 1614 3853 97.
1657 3800 1740 3854 ac
1776 3783 1899 3853 98.

719 3892 838 3963 89.
897 3890 967 3964 Si
1022 3891 1446 3964 canonicum
1515 3893 1742 3983 patris
1811 3892 2248 3965 domicilium
2302 3893 2719 3984 dignoscere
2789 3911 2934 3965 non
2999 3893 3251 3980 datur,

566 4010 807 4094 potest
855 4002 927 4075 S.
970 4002 1046 4075 C.
1088 4002 1301 4076 Conc.
1360 4003 1572 4075 alic-ui
1610 4000 1960 4095 Episcopo
2000 4003 2371 4091 mandare,
2417 4010 2493 4077 ut
2533 4004 2756 4076 fllium
2793 4004 3022 4095 patris
3059 4006 3258 4076 eius-

569 4115 732 4188 dem
784 4116 1116 4203 ordinet3
1175 4117 1275 4187 ita
1328 4115 1519 4186 enim
1573 4115 1825 4186 eadem
1878 4116 2239 4207 praestitit
2293 4116 2369 4186 in
2409 4115 2621 4189 Civit.
2672 4115 3060 4190 Castellan.
3118 4134 3255 4187 seu

567 4229 821 4318 Aprut.
869 4229 984 4299 19.
1033 4226 1251 4318 April.
1300 4227 1550 4316 1704„
1605 4227 1680 4298 in
1716 4245 1861 4316 qua
1896 4227 2310 4317 rescripsit:
2374 4249 2412 4292 ι
2451 4224 2876 4300 ordinarius
2926 4225 3258 4299 Civitatis

569 4362 610 4407 ι
650 4336 1031 4411 Castellan.
1093 4357 1180 4412 ex
1234 4339 1730 4412 commissione
1798 4336 2055 4411 Sacrae
2108 4337 2695 4431 Congregationis
2746 4338 3031 4412 ordinet
3084 4338 3263 4412 or'a-

575 4473 613 4516 »
651 4454 903 4522 torem.
942 4475 978 4519 >
1033 4447 1461 4523 Consulatur
1510 4448 1965 4523 Honorantes
2017 4449 2152 4522 loc.
2196 4454 2317 4521 cit.
2377 4468 2544 4542 pag.
2586 4450 2708 4521 98.

722 4581 762 4627 α
800 4558 1025 4633 Licite
1075 4567 1313 4653 potest
1361 4562 1526 4652 quis
1578 4562 2017 4635 domicilium
2071 4568 2347 4634 mutare
2400 4580 2483 4634 eo
2535 4560 3032 4654 principaliter
3065 4562 3255 4653 fine,

570 4693 609 4742 ›
649 4678 732 4744 ut
781 4670 874 4743 ab
924 4670 1275 4766 Episcopo
1337 4673 1503 4746 novi
1554 4672 1893 4747 domicilii
1958 4682 2461 4764 promoveatur
2510 4674 2602 4746 ad
2654 4669 3004 4765 OrdineS,
3062 4693 3261 4766 quos
