3497 5235
477 259 499 283 ⁶
530 293 648 367 ⁰⁸1·-
674 295 744 351 11.
783 293 856 351 n·
893 293 1157 367 ιρὶιωρο,
1195 281 1603 366 Διωψῑιὼμ,
1641 293 1872 353 rrimt·
1913 294 1970 352 ot
2010 294 2337 353 Patrium
2381 295 2435 370 g.
2462 296 2511 353 7.
2732 292 2849 356 261

249 447 381 501 sane
425 429 669 502 eadem
720 427 857 501 sub
910 446 1210 501 censura
1263 447 1351 501 ex
1403 447 1563 519 cap.
1621 429 2052 502 Ambitiosae.
2085 448 2247 528 ¹non
2302 428 2591 517 cadere,
2650 446 2859 502 nemo

249 543 449 614 nescit.

353 654 502 724 242.
557 651 907 735 Quoniam
941 671 1106 725 vero
1144 654 1233 725 de
1270 653 1625 725 curiarum
1662 652 2179 744 episcopalium
2217 652 2594 726 tabulariis
2630 647 2861 745 (quae

243 783 326 836 res
352 784 497 836 cum
532 764 976 838 cancellariis
1029 783 1362 856 magnam
1397 763 1618 836 babet
1656 762 2118 860 affinitatem)
2172 765 2415 854 aliqua
2462 765 2857 854 innuimuS,

242 897 351 949 non
393 877 771 950 admodum
824 876 915 948 ab
967 878 1296 950 instituto
1348 883 1588 949 nostro
1641 895 1775 948 nos
1827 877 2203 949 deflectere
2256 875 2701 965 videbimur,
2758 876 2856 965 si,

243 989 390 1078 quod
434 1010 472 1060 a
526 987 837 1061 Summis
870 985 1338 1061 Pontificibus
1386 1006 1602 1078 super
1653 988 1908 1060 iisdem
1958 988 2336 1060 tabulariis
2389 987 2863 1078 providentis-

241 1101 375 1172 sime
418 1101 822 1173 ordinatum
875 1107 1009 1189 est,
1068 1099 1159 1171 ad
1212 1106 1525 1173 mentem
1578 1117 2019 1188 revocemuS,
2077 1118 2160 1171 eo
2227 1118 2483 1191 nempe
2536 1100 2856 1191 consilio,

242 1221 320 1301 ut,
363 1212 582 1284 sicubi
631 1230 881 1284 earum
927 1213 1383 1284 sanctionum
1434 1210 1895 1283 observantia
1947 1213 2209 1302 partim
2255 1212 2367 1283 vel
2400 1213 2689 1304 penitus
2724 1211 2864 1285 for-

240 1324 385 1396 sitan
416 1325 740 1416 neglecta
794 1324 1003 1412 iacet,
1043 1323 1571 1416 redintegretur
1607 1342 1692 1396 ac
1726 1323 2084 1397 stabiliter
2123 1325 2545 1406 retineatur.
2603 1321 2862 1415 Itaque

240 1443 367 1509 ante
409 1437 647 1508 omnia
697 1436 1068 1508 sciendum
1122 1444 1282 1525 est,
1359 1435 1552 1525 quod
1612 1456 1673 1507 s.
1733 1455 1828 1505 m.
1887 1436 2129 1508 Sixtus
2177 1432 2264 1506 V.
2322 1436 2862 1526 dispositionem

240 1550 551 1637 quandam
605 1566 692 1620 ex
744 1549 829 1618 iis
862 1600 882 1636 ,
956 1565 1141 1638 quae
1194 1566 1323 1619 suo
1373 1548 1662 1620 nomine
1728 1548 2280 1638 motus-proprii
2350 1547 2805 1639 appellantur
2837 1598 2858 1636 ,

242 1659 649 1750 incipientem
714 1660 1034 1733 Provida
1087 1661 1390 1731 Romani
1458 1660 1573 1732 die
1641 1661 1764 1731 29.
1830 1659 2085 1750 Aprilis
2158 1660 2374 1732 1587.
2446 1658 2670 1732 edidit
2748 1654 2865 1753 (et

242 1772 449 1864 legitur
494 1774 572 1844 in
623 1773 938 1863 Append.
1005 1773 1212 1846 Cone.
1272 1772 1575 1844 Romani
1627 1773 1802 1842 anni
1862 1773 2076 1844 1725.
2128 1771 2219 1844 ad
2272 1791 2347 1843 n.
2388 1766 2530 1867 9.),
2588 1790 2676 1843 ex
2716 1789 2861 1860 qua

241 1885 593 1977 colligitur,
649 1904 806 1957 eam
860 1886 1077 1958 fuisse
1128 1885 1446 1957 eiusdem
1499 1881 1865 1956 Pontificis
1916 1891 2228 1956 mentem
2260 1936 2280 1972 ,
2337 1890 2419 1955 ut
2470 1883 2544 1955 in
2596 1882 2863 1974 palatio

244 1996 589 2087 Apostolico
652 1998 1089 2070 tabularium
1138 1997 1687 2069 ecclesiasticum
1736 1996 2061 2088 qenerale
2112 1997 2665 2068 constitueretur
2693 2046 2713 2082 ,
2785 1993 2863 2065 in

239 2126 345 2197 quo
387 2112 702 2182 omnium
753 2109 1103 2181 bonorum
1156 2107 1839 2195 ecclesiasticorum,
1906 2125 2091 2196 quae
2143 2107 2235 2178 ad
2292 2106 2467 2178 loca=
2500 2107 2617 2196 pia
2668 2105 2867 2178 dioe-

236 2235 441 2292 ceseon
474 2217 732 2293 Italiae
767 2227 838 2293 et
874 2221 1270 2292 insularum
1305 2219 1792 2291 adiacentium
1830 2220 2144 2308 itemque
2191 2218 2675 2291 institutorum
2713 2219 2864 2290 sive

232 2334 663 2404 saecularium
716 2333 868 2404 sive
919 2333 1348 2423 regularium
1402 2331 1872 2421 pertinerent,
1935 2332 2336 2403 inventaria
2372 2331 2505 2402 rite
2541 2329 2864 2402 confecta

235 2442 749 2534 deponerentur.

349 2556 425 2629 At
459 2574 624 2628 vero
663 2554 1201 2628 incredibilibus
1253 2562 1400 2629 tam
1453 2554 1766 2647 ingentis
1820 2555 2100 2627 consilii
2156 2555 2705 2628 difficultatibus
2739 2552 2867 2627 de-

224 2669 477 2740 territus
528 2669 848 2739 animum
900 2668 993 2740 ab
1045 2686 1128 2740 eo
1179 2667 1495 2740 iubendo
1531 2685 1743 2757 opere
1782 2667 2079 2756 dimisit,
2137 2674 2261 2740 aut
2315 2668 2552 2758 potius
2603 2685 2864 2758 magna

223 2796 291 2849 ex
322 2787 515 2870 parte
548 2780 865 2852 remisit:
924 2798 1234 2870 namque
1289 2778 1639 2871 generalis
1692 2779 1883 2851 illius
1935 2778 2277 2850 tabularii
2313 2779 2465 2850 loco
2500 2778 2868 2869 praecepit

222 2896 408 2980 atque
462 2893 883 2979 mandavit,
955 2897 1035 2964 ut
1088 2891 1454 2982 quaelibet
1507 2893 1727 2964 totius
1780 2887 2034 2962 Italiae
2095 2898 2166 2963 et
2219 2891 2612 2962 insularum
2667 2888 2869 2959 adia-

220 3004 502 3074 centium
555 3003 926 3092 dioecesiS,
985 3020 1263 3075 necnon
1316 3009 1508 3075 certa
1550 3004 1879 3076 instituta
1935 3005 2083 3074 sive
2136 3002 2532 3074 saecularia
2569 3001 2720 3072 sive
2757 3017 2868 3070 re-

220 3114 462 3202 gularia
515 3116 877 3206 peculiare
927 3133 1134 3188 suum
1188 3114 1626 3186 tabularium
1677 3120 2202 3201 construerent,
2253 3115 2329 3185 in
2374 3130 2515 3203 quo
2550 3112 2867 3183 omnium

215 3221 565 3315 bonorum,
609 3246 796 3318 quae
847 3227 940 3299 ad
991 3228 1145 3300 loca
1191 3229 1507 3319 ipsorum
1560 3227 2031 3299 iurisdictioni
2068 3225 2360 3298 subdita
2394 3224 2862 3314 pertinerent,

211 3336 585 3413 inventaria
624 3348 1187 3413 asservarentur.
1248 3339 1526 3412 Sixtina
1579 3339 1830 3412 eadem
1869 3338 2241 3428 dispositio
2275 3335 2609 3409 bifariam
2645 3333 2869 3405 dividi

207 3456 461 3541 potest3
521 3454 752 3542 prima
803 3470 970 3542 pars
1022 3454 1256 3524 curias
1307 3450 1527 3523 afficit
1581 3452 1868 3541 aliaque
1920 3452 2249 3524 instituta
2281 3502 2301 3538 ,
2367 3447 2634 3539 quibus
2684 3464 2867 3517 onus

207 3559 589 3655 iniungitur
639 3563 1047 3636 huiusmodi
1109 3581 1484 3635 commune
1553 3562 1989 3636 tabularium
2061 3560 2568 3647 construendi3
2643 3559 2868 3630 altera

203 3688 354 3745 vero
388 3694 558 3766 pars
595 3693 937 3766 personas
988 3694 1234 3747 omnes
1270 3676 1786 3769 complectitur,
1845 3693 2033 3764 quae
2081 3674 2481 3746 inventaria
2517 3671 2869 3744 bonorum

200 3786 826 3877 ecclesiasticorum
881 3787 972 3858 ad
1025 3804 1400 3858 commune
1455 3787 1643 3859 idem
1678 3786 2119 3858 tabularium
2169 3786 2530 3858 remittere
2567 3783 2873 3875 adigun-

202 3898 327 3966 tur.
382 3895 767 3970 Praeterea
806 3898 1028 3971 multa
1083 3898 1177 3970 ad
1228 3917 1376 3970 rem
1431 3897 1906 3971 conducentia
1959 3898 2483 3989 sapientissime
2526 3894 2875 3991 praescri-

194 4002 485 4098 buntur,
545 4010 735 4081 inter
787 4026 975 4098 quae
1031 4028 1175 4081 non
1227 4016 1335 4082 est
1387 4009 1774 4098 silendum,
1835 4009 1926 4080 ab
1984 4026 2067 4081 ea
2116 4010 2273 4101 lege
2324 4027 2473 4079 non
2515 4009 2870 4080 immunes

194 4115 535 4192 declarari
566 4139 715 4209 eos,
753 4122 874 4210 qui
904 4120 996 4192 ab
1034 4121 1419 4212 episcopali
1459 4122 1947 4194 iurisdictione
1985 4119 2524 4212 quomodolibet
2557 4119 2872 4211 exempti

190 4238 381 4322 sunt,
424 4253 509 4308 ac
546 4233 716 4308 Sedi
759 4234 1197 4326 Apostolicae
1232 4235 1647 4308 immediate
1683 4235 2189 4307 subiiciuntur.
2244 4236 2595 4307 Sixtinam
2631 4233 2874 4323 dispo-

187 4341 517 4418 sitionem
584 4352 833 4419 secuta
887 4352 997 4418 est
1068 4348 1374 4436 sequiori
1444 4352 1763 4441 tempore
1815 4344 2245 4418 Constitutio
2295 4364 2357 4417 s,
2416 4364 2512 4416 m.
2569 4343 2877 4417 Benedi-

187 4454 274 4524 cti
312 4453 526 4528 XIII.
570 4457 913 4548 incipien.
953 4459 1282 4533 Maxima
1314 4458 1732 4550 viqilantia,
1788 4474 1975 4546 quae
2028 4458 2382 4548 reperitur
2432 4457 2510 4528 in
2554 4453 2873 4530 Bullario

183 4580 452 4657 magno
503 4575 676 4641 tom.
726 4569 842 4640 12.
884 4588 1051 4661 pag.
1093 4571 1264 4641 221.
1326 4565 1413 4641 In
1448 4569 1586 4640 hac
1635 4567 2156 4641 Constitutione
2196 4568 2423 4640 multa
2458 4569 2874 4662 singulatim

177 4682 782 4773 praecipiuntur,
841 4701 1026 4773 quae
1081 4683 1195 4755 hic
1243 4684 1585 4775 persequi
1636 4683 1932 4775 longum
1984 4688 2224 4772 esset,
2283 4690 2357 4756 at
2411 4683 2738 4776 ignorare
2790 4700 2877 4755 ac
