3497 5235
812 350 829 366 .
888 311 1007 386 οη.
1031 314 1075 370 1.
1115 312 1186 369 no
1227 311 1378 370 nutu
1417 309 1678 370 nono-iu
1716 309 1991 369 murina
2033 310 2088 384 g.
2115 311 2164 366 a.
2740 317 2858 384 129

333 449 498 518 137.
551 445 727 521 Cum
782 455 1025 519 tamen
1078 446 1466 517 remedium
1502 447 1892 533 seminarii,
1934 444 2099 518 licet
2150 446 2239 517 ad
2293 446 2507 520 breve
2544 456 2852 544 tempuS‚

202 559 592 644 claudendi,
650 562 1023 649 reputetur
1072 575 1364 648 prorsus
1415 565 1808 630 extremum
1845 564 1917 630 et
1954 559 2624 651 extraordinarium,
2681 564 2852 639 hinc

201 690 321 743 nou
373 674 473 744 ita
529 670 740 742 facile
805 666 1137 761 Episcopi
1188 669 1568 740 seminario
1618 668 2021 741 obserando
2071 688 2228 742 sese
2279 676 2847 749 accommodent.

199 781 352 855 Nam
407 781 481 854 S.
526 780 638 868 C.‚
697 783 975 872 quoties
1027 801 1114 853 ex
1166 799 1411 853 eorum
1465 779 1933 852 relationibus
1986 780 2079 853 ad
2129 781 2268 853 hoc
2304 785 2693 858 remedium
2732 807 2854 860 eos

200 894 584 986 confugisse
636 893 1008 983 comperit,
1066 894 1139 966 id
1191 910 1399 985 aegre
1451 910 1526 963 se
1581 891 1764 963 ferre
1814 892 2151 976 ostendit,
2208 895 2263 963 si
2321 913 2464 965 non
2501 898 2859 988 explicitis

202 1005 436 1095 verbiS,
499 1013 576 1077 at
628 1005 879 1077 saltem
935 1005 1177 1094 aliquo
1211 1007 1441 1096 signo,
1499 1022 1583 1075 ac
1634 1003 2092 1094 peculiariter
2129 1005 2214 1075 iis
2248 1007 2733 1099 rescribendo,
2779 1019 2856 1084 ut

204 1121 713 1210 quamprimum
768 1118 918 1191 fieri
970 1118 1221 1209 possit,
1281 1119 1537 1189 iterum
1571 1117 2033 1189 seminarium
2072 1118 2204 1189 rite
2242 1121 2627 1208 aperiatur.
2668 1121 2854 1206 Quin

203 1233 314 1303 imo
366 1249 534 1302 cum
590 1228 1019 1323 Spoletanus
1072 1229 1659 1321 Arcbiepiscopus
1713 1246 1856 1300 una
1896 1247 2053 1300 cum
2092 1231 2452 1302 seminarii
2490 1233 2859 1323 deputatis

201 1339 260 1413 S.
292 1340 365 1414 C.
423 1343 943 1435 proposuisset,
1003 1346 1079 1412 ut
1129 1341 1262 1412 hoc
1315 1339 1716 1432 ephebeum
1771 1341 2014 1430 aliquo
2078 1349 2394 1431 tempore
2455 1344 2860 1418 occludere-

198 1463 316 1538 tur,
356 1455 591 1526 donec
640 1469 852 1544 grave
887 1470 1008 1523 aes
1046 1452 1359 1524 alienum
1399 1472 1438 1522 a
1476 1453 1627 1524 loco
1664 1453 1782 1542 pio
1819 1458 2262 1524 contractum
2316 1454 2850 1547 dissolveretur,

198 1567 255 1636 in
300 1567 520 1638 citata
578 1565 959 1657 Spoletana
1014 1565 1398 1636 seminarii
1456 1565 1570 1634 11.
1626 1561 1791 1635 Iulii
1849 1565 2061 1637 1840.
2121 1568 2503 1656 propositis
2555 1568 2850 1641 dubiis:

198 1700 229 1741 ι
256 1678 315 1747 1.
349 1676 458 1748 An
496 1684 575 1748 et
608 1675 965 1766 quomodo
1001 1675 1093 1748 sit
1130 1676 1608 1767 permittenda
1645 1678 2021 1767 suspensio
2056 1679 2419 1749 seminarii
2458 1681 2530 1750 in
2565 1677 2783 1752 casu?
2812 1711 2848 1750 »

197 1794 252 1859 et
283 1795 646 1878 quatenus
685 1789 1041 1879 negative,
1086 1784 1508 1869 «Quomodo
1543 1789 1634 1859 sit
1669 1788 2187 1880 providendum
2229 1792 2302 1861 in
2338 1786 2554 1862 casu?
2580 1816 2618 1861 >
2676 1791 2747 1864 S.
2778 1791 2853 1867 C.

198 1900 553 1991 respondit
589 1898 680 1969 ad
723 1899 822 1969 1.:
885 1923 923 1964 <a
952 1896 1292 1990 Negative
1323 1925 1361 1966 ι»
1393 1919 1412 1985 3
1470 1898 1562 1970 ad
1597 1900 1704 1969 2.;
1751 1923 1789 1964 «ι
1822 1899 2286 1987 Affirmative,
2327 1903 2675 1978 adhibitis
2712 1924 2858 1977 me-

201 2036 231 2075 »
263 2010 392 2082 diis
443 2032 489 2082 a
542 2007 737 2083 Trid.
778 2008 991 2082 Conc.
1033 2019 1104 2083 et
1140 2008 1437 2084 Constit.
1495 2030 1555 2082 s.
1601 2029 1694 2081 m.
1738 2007 2008 2083 Bened.
2054 2008 2256 2082 XIII.
2307 2014 2628 2087 creditae
2663 2018 2856 2089 nobis

204 2150 233 2189 ι
265 2126 430 2197 anni
491 2126 711 2198 1725.
764 2125 1171 2216 propositiS,
1211 2130 1279 2196 et
1315 2124 1408 2196 ad
1445 2132 1802 2211 mentem3
1860 2132 1928 2196 et
1968 2143 2168 2197 mens
2205 2133 2337 2213 est,
2377 2134 2458 2199 ut
2499 2127 2860 2220 Archiepi-

201 2263 230 2302 ι
262 2256 547 2338 scopus,
605 2238 852 2310 audito
887 2237 1228 2328 capitulo,
1286 2238 1611 2309 certioret
1666 2237 1756 2308 de
1809 2237 2329 2311 resultantibus
2382 2259 2468 2312 ex
2524 2248 2689 2313 taxa
2726 2242 2860 2313 im-

202 2351 597 2440 »ponenda
670 2351 870 2422 iuxta
938 2346 1011 2420 S.
1066 2347 1139 2420 C.
1198 2345 1391 2419 Trid.
1448 2354 1521 2420 et
1572 2349 2024 2421 enuntiatam
2076 2347 2713 2440 Constitutionem,
2772 2372 2857 2425 ac

198 2484 229 2524 ›
261 2469 618 2555 proponat
670 2461 808 2532 alia
863 2461 1095 2533 media
1147 2461 1345 2531 iuxta
1399 2459 1644 2532 literas
1704 2462 1999 2532 seorsim
2051 2462 2574 2535 rescribendas.
2619 2491 2656 2530 »

329 2575 498 2646 138.
559 2570 1006 2663 Quandoque
1057 2572 1129 2645 S.
1173 2571 1246 2645 C.
1307 2571 1665 2665 indulget,
1721 2579 1805 2646 ut
1856 2574 2392 2646 seminariorum
2447 2579 2855 2668 paupertati

194 2694 254 2757 et
302 2688 484 2757 aeris
538 2686 755 2756 alieni
809 2685 1203 2756 dimissioni
1256 2684 1672 2756 consulatur
1724 2702 1851 2774 per
1899 2681 2273 2757 Missarum
2328 2689 2847 2776 reductionem,

192 2798 496 2887 itemque
553 2797 1093 2868 translationem
1148 2795 1846 2885 absolutionemque,
1904 2797 2126 2869 veluti
2177 2799 2581 2890 exemplum
2633 2800 2860 2872 habe-

197 2916 301 2980 tnr
352 2911 424 2981 in
479 2909 739 2982 Montis
774 2907 923 2980 Atti
973 2907 1094 2977 21.
1135 2902 1300 2977 Iulii
1359 2907 1572 2979 1832.

332 3023 497 3093 139.
556 3018 1030 3091 Commutatio
1082 3019 1478 3092 voluntatis
1529 3027 1954 3092 testatorum
2009 3022 2085 3091 in
2138 3023 2590 3093 alumnorum
2643 3023 2858 3094 semi-

197 3135 363 3205 narii
418 3133 913 3205 educationem
967 3150 1048 3203 eo
1102 3132 1326 3221 magis
1396 3131 1949 3220 concedebatur,
2008 3133 2298 3223 quando
2364 3131 2712 3222 agebatur
2766 3134 2857 3206 de

193 3243 414 3335 legato
464 3243 893 3329 studiorum,
953 3260 1110 3313 cum
1167 3243 1579 3333 praesertim
1638 3245 1996 3317 testatoris
2048 3245 2380 3316 voluntas
2417 3242 2856 3316 adamussim

192 3356 387 3427 aliter
437 3354 811 3446 adimpleri
866 3354 1219 3443 nequiret.
1280 3351 1363 3426 Id
1416 3356 1775 3426 enimvero
1831 3358 1982 3429 erui
2035 3374 2242 3447 posse
2292 3355 2573 3429 videtur
2617 3375 2705 3428 ex
2740 3375 2852 3444 eo,

194 3469 377 3556 quod
428 3470 781 3558 sequitur,
821 3467 1146 3557 exemplo
1183 3485 1441 3539 causae
1477 3464 1974 3539 Brictinorien.
2017 3464 2230 3539 Porro
2282 3474 2725 3540 scutatorum
2760 3468 2855 3539 35

193 3597 532 3650 summam
587 3598 715 3671 pro
765 3578 1206 3651 subdiacono
1243 3579 1316 3650 in
1353 3579 1597 3668 aliqua
1647 3579 2118 3652 universitate
2152 3577 2511 3650 edocendo
2548 3578 2860 3668 relique-

195 3700 297 3763 rat
333 3710 461 3762 suo
495 3697 923 3764 testamento
960 3688 1259 3781 Caligari
1295 3686 1692 3780 Episcopus
1726 3709 1743 3759 ε
1786 3710 1949 3762 cum
1988 3698 2230 3763 tamen
2267 3691 2476 3781 lapsu
2516 3689 2860 3781 temporis

195 3802 419 3894 impar
453 3823 534 3877 ea
573 3824 854 3878 summa
891 3822 1246 3897 congruae
1281 3806 1493 3876 unius
1529 3804 1951 3876 subdiaconi
1982 3806 2265 3877 tuitioni
2305 3808 2379 3876 in
2416 3805 2657 3894 aliqua
2688 3801 2861 3873 insi-

197 3917 308 4005 gni
349 3916 521 3988 urbe
555 3917 1087 4005 evasisset‚·ubi
1123 3918 1610 3989 universitatis
1646 3918 1963 3989 studium
2002 3918 2485 4008 perficeretur,
2529 3916 2601 3987 S.
2635 3914 2709 3986 C.
2743 3912 2854 4002 C.‚

193 4020 532 4118 Episcopo
583 4047 712 4119 pro
763 4035 1079 4119 tempore
1115 4036 1480 4116 exorante,
1522 4028 1847 4116 indulsit,
1888 4038 1965 4102 ut
2002 4027 2303 4122 Caligari
2358 4028 2690 4099 voluntas
2727 4027 2861 4096 im-

196 4146 583 4212 mutaretur
632 4140 763 4227 ita,
805 4148 883 4212 ut
921 4140 1169 4212 eadem
1222 4159 1499 4211 summa
1537 4140 1609 4211 in
1645 4139 2142 4214 educationem
2195 4143 2413 4213 unius
2448 4139 2860 4212 adolescen-

195 4251 321 4320 tuli
376 4269 593 4341 penes
643 4253 1145 4325 dioecesanum
1198 4251 1658 4325 seminarium
1711 4262 1947 4343 posset
2003 4253 2319 4344 impendi
2374 4271 2456 4322 ac
2507 4258 2858 4342 perpetuo

196 4358 529 4436 destinari
567 4359 1109 4459 (Brictinorien.
1141 4361 1490 4438 Commut.
1525 4365 1664 4436 vol.
1697 4370 1767 4436 et
1794 4365 2057 4457 applic.
2092 4365 2214 4435 24.
2237 4360 2533 4435 Ianuar.
2565 4358 2855 4457 1824.).

342 4473 502 4547 140.
542 4472 1108 4548 Translationem
1146 4475 1506 4547 seminarii
1542 4475 1633 4547 ab
1672 4477 1881 4565 urbe,
1922 4477 2048 4548 ubi
2085 4475 2519 4549 cathedralis
2555 4474 2861 4548 ecclesia

196 4594 377 4674 erat,
428 4587 518 4659 ad
568 4588 846 4677 urbem,
902 4589 1030 4661 ubi
1081 4586 1477 4680 Episcopus
1527 4588 1917 4677 residebat,
1976 4607 2119 4679 quo
2175 4587 2426 4660 melius
2459 4584 2861 4682 Episcopus

193 4694 380 4768 illud
435 4699 799 4792 invigilare
864 4719 951 4772 ac
1003 4701 1400 4793 gubernare
1451 4708 1734 4794 posset,
1792 4699 2038 4774 addito
2090 4702 2351 4793 etiam,
2409 4699 2604 4792 quod
2664 4697 2863 4770 locus

418 4843 594 4899 ισαωι,
626 4842 763 4891 Vixit.
791 4844 931 4893 sacr.
961 4843 1102 4900 Lim„
1131 4844 1251 4891 edit.
1282 4843 1372 4890 111.
1408 4841 1508 4890 Vol.
1539 4844 1579 4888 1.
2617 4844 2646 4885 9
