3497 5235
479 311 591 356 xlv
1535 294 1800 352 Praefatio
1840 293 2089 352 auctoris.

483 433 831 518 auctoris
876 432 1186 534 merito,
1235 431 1697 546 (diligenter
1740 433 1954 540 quod
1998 432 2439 536 excludam,
2474 432 2751 535 lector,
2798 435 3160 546 attende)

484 570 551 656 si
613 573 718 676 id,
770 577 982 682 quod
1044 571 1154 656 ibi
1220 571 1695 674 continetur,
1743 573 2159 656 dumtaxat
2204 571 2694 682 inspiciatur,
2741 569 2937 655 illud
2998 572 3158 657 for-

484 716 699 796 tasse
736 710 1087 795 mutuari
1119 738 1349 821 posse
1394 710 1688 811 videor,
1737 710 1952 818 quod
1986 709 2239 794 editor
2283 709 2544 819 operis
2596 711 2901 796 Bened.
2939 710 3157 797 XIV.

487 853 602 938 De
631 853 933 964 Synodo
967 856 1388 938 dz'oecesamz
1431 848 1921 933 affirmabat:
1977 857 2016 895 “
2062 849 2344 957 Neque
2390 847 2602 935 enim
2636 847 3158 933 dioecesanae

499 1049 537 1088 „
595 986 881 1095 Synodi
945 985 1203 1097 (cuius
1244 985 1418 1070 loco
1464 1013 1620 1094 ego
1685 986 1787 1068 ad
1852 1011 2023 1068 rem
2066 1010 2328 1068 meam
2391 986 2744 1095 subrogo
2779 1031 2833 1043 -
2866 982 3160 1071 Visita-

501 1188 540 1226 „
590 1124 828 1209 tionis
894 1126 994 1208 ad
1033 1123 1167 1210 SS.
1218 1125 1386 1209 AA.
1433 1127 1592 1208 LL.
1626 1122 1721 1235 -)
1765 1121 2178 1224 limitibus,
2223 1122 2354 1207 vel
2420 1122 2887 1232 ceteroquin
2927 1150 3158 1232 prae-

501 1325 539 1364 „
594 1263 895 1347 seferre
958 1260 1240 1348 titulus
1303 1261 1653 1363 videtur,
1725 1258 1969 1344 huius
2036 1258 2298 1370 operis
2372 1267 2942 1371 argumentum
3007 1260 3160 1345 cir-
3233 1294 3240 1299 ·

500 1462 538 1501 ,,
595 1400 1178 1486 cumscribitur.
1226 1400 1522 1486 Verum
1588 1400 1686 1485 de
1755 1397 1971 1483 omni
2032 1399 2610 1509 Episcoporum
2675 1398 2954 1502 officiO,
3018 1402 3161 1486 de-

501 1604 538 1644 „
594 1568 751 1650 que
818 1539 1117 1649 optima
1181 1536 1705 1623 ecclesiarum
1783 1539 2324 1645 regendarum
2387 1537 2676 1640 forma,
2741 1540 2954 1623 unde
3019 1564 3162 1646 po-

502 1742 539 1782 „
594 1678 765 1788 puli
829 1676 1243 1762 christiani
1319 1676 1535 1759 salus
1600 1678 1929 1785 pendet,
1996 1673 2129 1759 hic
2191 1675 2667 1786 disputatur.
2738 1677 2864 1762 Ad
2928 1703 3160 1761 omne

503 1881 543 1921 „
596 1845 835 1900 suum
896 1843 1188 1898 munus
1251 1814 1407 1899 rite
1479 1821 1917 1921 sancteque
1985 1815 2443 1899 obeundum
2508 1814 2955 1918 canonicos,
3020 1843 3163 1925 pa-

506 2019 544 2058 „
596 1955 907 2056 rochoS‚
955 1952 1503 2055 confessariOS,
1562 1953 2017 2036 sacerdotes
2085 1952 2325 2036 huius
2391 1953 2653 2064 operis
2734 1953 2976 2038 lectio
3038 1952 3162 2036 in-

506 2157 545 2195 „
596 2094 915 2177 format.
961 2091 1354 2201 Religiosi
1439 2090 1828 2192 homines,
1885 2090 2106 2193 laici,
2159 2091 2542 2201 ipsaeque
2611 2094 2786 2177 Deo
2851 2090 3160 2176 dicatae

508 2296 546 2336 „
600 2230 954 2341 virgines
999 2259 1100 2317 ex
1142 2229 1296 2314 hoc
1338 2230 1742 2317 uberrimo
1806 2232 2026 2316 fonte
2071 2231 2468 2314 salutares
2523 2228 2913 2314 utilitates
2955 2229 3162 2315 hau-

509 2435 547 2474 „
604 2371 764 2455 rire
830 2376 1205 2479 possunt:
1273 2397 1595 2478 prorsus
1659 2375 1754 2453 ut
1836 2368 2036 2453 nihil
2103 2399 2150 2453 a
2213 2368 2553 2455 veritate
2620 2367 3161 2471 aberraverit,

507 2572 545 2612 „
599 2508 668 2591 si
733 2507 911 2616 quis
976 2506 1288 2611 dixerit,
1335 2506 1700 2593 omnibus
1767 2504 2252 2591 christianae
2317 2504 2803 2617 reipublicae
2871 2504 3164 2591 ordini-

507 2711 546 2749 „
599 2650 749 2732 bus
813 2645 1006 2730 satis
1067 2644 1223 2731 hoc
1286 2674 1443 2731 uno
1513 2673 1752 2756 opere
1820 2646 2272 2731 consultum
2334 2647 2528 2732 fore.
2585 2711 2625 2751 „

681 2787 1061 2869 Extremo
1123 2782 1298 2871 loco
1351 2784 1563 2868 hanc
1625 2783 1942 2870 veniam
1985 2813 2033 2867 a
2097 2784 2691 2869 venerabilibus
2747 2783 3162 2894 Episcopis

494 2921 669 3006 dari
732 2920 931 3006 mihi
992 2921 1334 3029 postulo,
1390 2921 1458 3006 si
1518 2920 1724 3008 haec
1791 2921 2142 3007 scribere
2229 2950 2476 3008 ausus
2541 2921 2731 3006 sim:
2797 2922 2878 3007 id
2946 2921 3159 3008 enim

492 3060 672 3163 feci,
717 3088 878 3145 non
920 3060 1205 3168 utique
1252 3061 1575 3147 eosdem
1640 3066 1729 3143 ut
1776 3057 2158 3145 edocendi
2203 3087 2496 3144 munus
2541 3088 3164 3170 praesumerem,

494 3202 637 3285 sed
699 3206 794 3284 ut
853 3197 1293 3282 faciliorem
1364 3197 1459 3281 iis
1536 3204 1986 3284 sternerem
2050 3196 2296 3300 viam,
2371 3226 2531 3305 qua
2607 3197 3166 3310 gravissimum

493 3336 648 3421 hoc
712 3341 811 3422 de
877 3340 1097 3420 statu
1139 3335 1658 3422 ecclesiarum
1722 3336 2143 3421 referendo
2190 3334 2539 3419 officium
2605 3336 2939 3445 exsequi
2982 3364 3165 3447 pos-

496 3457 708 3560 sent.
773 3473 993 3559 Nihil
1081 3480 1350 3559 autem
1412 3476 1512 3560 de
1580 3480 1846 3559 cetero
1911 3472 2173 3583 magis
2255 3473 2692 3577 abhorrui,
2768 3502 3011 3584 quam
3074 3481 3167 3559 ut

378 3649 398 3670 ·
497 3611 866 3722 magistri
928 3638 1353 3722 personam
1415 3611 1991 3722 praeriperem:
2055 3611 2327 3721 itaque
2394 3611 2657 3721 siquid
2721 3641 2901 3699 sese
2967 3612 3169 3697 obii-

497 3752 629 3854 cit,
677 3753 891 3860 quod
954 3749 1038 3833 id
1098 3776 1381 3860 sapere
1455 3750 1710 3859 prima
1774 3749 1979 3835 facie
2053 3749 2445 3853 videatur,
2520 3751 2674 3836 hoc
2739 3749 3167 3861 pronuntio

499 3894 745 3998 atque
809 3889 1208 3999 profiteor,
1253 3888 1336 3972 id
1376 3889 1508 3974 v'el
1548 3887 2299 3992 inconsiderantiae,
2344 3888 2475 3978 vel
2517 3889 2782 3974 minus
2847 3887 3167 3999 proprie

496 4027 876 4137 loquendi
936 4026 1250 4129 rationi,
1295 4054 1806 4137 nequaquam
1846 4052 2036 4114 vero
2097 4027 2610 4139 arrogantiae
2677 4056 2770 4112 ac
2835 4026 3169 4113 temeri-

501 4166 652 4251 tati
715 4165 1325 4254 adscribendum
1391 4192 1590 4251 esse.

2280 4619 2646 4686 ANGELUS
2693 4619 2987 4683 LUCIDI.
