3497 5235
1011 294 2028 375 onp.mn·elmmontui.§.o.
2735 299 2855 366 389

254 445 358 519 per
395 427 554 501 haec
597 426 839 518 verba,
896 429 1002 501 uti
1053 429 1311 521 legitur
1364 429 1556 522 apud
1610 427 1875 504 Girald.
1921 433 1971 506 l.
2013 452 2074 505 c.
2119 432 2215 505 ad
2264 435 2537 526 finem:
2593 456 2631 498 α
2663 432 2737 507 S.
2769 436 2846 509 C.

257 563 287 606 ν
319 541 580 628 censuit,
634 557 767 612 nec
817 541 1030 613 etiam
1087 559 1302 614 causa
1354 541 1752 614 studiorum
1806 542 2018 616 licere
2071 550 2235 635 post
2285 542 2673 619 Concilium
2726 566 2854 638 pa-

255 674 285 716 »
315 651 513 724 rochis
560 651 808 724 abesse
861 651 954 723 ab
991 670 1235 724 eorum
1271 652 1485 740 curiS‚
1518 659 1589 724 et
1626 654 1863 744 quoad
1898 654 2032 726 hoc
2064 662 2392 728 revocata
2431 676 2584 730 esse
2614 660 2850 735 omnia

254 785 284 827 ›
314 762 640 855 privilegia
675 769 825 835 tum
863 782 903 833 a
940 764 1119 852 iure,
1164 770 1315 835 tum
1353 765 1565 836 etiam
1604 765 2006 854 specialiter
2050 784 2432 856 concessa3
2489 770 2648 841 ideo
2683 768 2853 864 Epi-

250 895 281 939 »
311 890 565 963 scopum
609 893 814 968 posse
866 880 1112 947 contra
1148 875 1486 948 absentes
1521 876 1904 967 procedere
1941 877 2139 949 iuxta
2176 876 2473 950 formam
2510 882 2848 954 traditam

250 1006 280 1048 ›
310 980 486 1056 Conc.
527 983 712 1059 Trid.
754 1004 915 1077 cap.
965 988 1030 1056 1.
1072 984 1262 1058 Sess.
1307 988 1428 1058 23.
1465 1011 1503 1053 »

360 1096 510 1167 229.
565 1093 825 1179 Quinto
877 1098 1029 1169 loco
1082 1102 1544 1170 enumeratur
1598 1099 1783 1170 aeris
1836 1100 2293 1192 intemperies
2328 1107 2399 1174 et
2435 1103 2607 1174 coeli
2661 1104 2852 1178 insa-

242 1204 518 1298 lubritas‚
572 1230 787 1303 super
839 1230 984 1302 qua
1037 1209 1108 1282 S.
1153 1208 1228 1282 C.
1270 1209 1345 1283 C.
1404 1212 1798 1302 respondit,
1863 1237 1899 1278 «
1932 1213 2113 1284 aeris
2159 1214 2649 1304 intemperiem
2704 1234 2850 1289 non

244 1341 274 1383 ν
303 1336 607 1395 excusare
635 1323 1024 1414 parochum
1062 1344 1104 1394 a
1140 1323 1553 1395 residentia.
1582 1348 1620 1390 »
1663 1318 1774 1396 Ita
1810 1323 1925 1395 die
1965 1319 2226 1417 7.,1u1ii
2258 1325 2471 1396 1646.
2513 1321 2692 1417 (lib.
2721 1325 2840 1399 18.

239 1428 447 1506 decret.
476 1454 646 1528 paq.
691 1435 856 1508 144.
859 1430 929 1532 ).
987 1432 1073 1507 ld
1128 1436 1418 1527 insuper
1468 1435 1913 1506 confirmavit
1949 1436 2153 1525 aliaS,
2196 1437 2474 1508 etiamsi
2509 1438 2847 1531 parochia

238 1540 343 1612 sub
388 1550 577 1618 tanta
632 1547 806 1618 coeli
861 1547 1319 1619 inclementia
1357 1547 1746 1618 constituta
1782 1546 1901 1634 sit,
1942 1551 2022 1618 ut
2059 1565 2293 1635 nemo,
2335 1548 2474 1619 nisi
2510 1549 2847 1642 indigena

235 1649 453 1727 ibidem
504 1658 779 1749 absque
831 1659 1017 1730 vitae
1070 1660 1384 1749 periculo
1437 1660 1851 1731 commorari
1903 1661 2151 1750 possit.
2211 1657 2326 1733 Sic
2378 1679 2566 1733 anno
2624 1663 2837 1734 1513.

232 1768 550 1855 respondit
599 1768 953 1863 Episcopo
1010 1771 1336 1864 Rheyien.
1396 1768 1566 1868 (lib.
1602 1771 1669 1844 1.
1712 1770 1968 1844 decret.
1998 1794 2172 1865 paq.
2212 1772 2334 1845 51.
2369 1769 2635 1844 Girald.
2678 1774 2730 1844 1.
2773 1793 2835 1845 c.

226 1869 545 1966 §.Quoad
598 1874 740 1976 1.).

341 1990 495 2063 230.
542 1992 629 2065 At
656 1995 981 2083 quamvis
1018 2014 1232 2067 causa
1272 1995 1540 2081 isthaec
1574 1996 1963 2087 parochum
2002 1995 2095 2067 ab
2134 1995 2420 2068 assidua
2457 1994 2843 2069 residentia

221 2112 336 2169 non
382 2109 697 2191 excuset,
737 2104 956 2176 veluti
1012 2106 1220 2178 modo
1273 2106 1628 2177 firmatum
1667 2110 1803 2193 est,
1845 2104 2308 2176 nihilominus
2344 2102 2417 2176 S.
2460 2102 2533 2176 C.
2574 2103 2837 2178 Concil.

218 2207 566 2301 aliquando
624 2233 709 2288 ex
767 2217 990 2307 gratia
1045 2218 1393 2289 concessit
1444 2217 1829 2305 indultum,
1871 2222 1951 2288 ut
1986 2215 2353 2288 mensibus
2405 2215 2843 2288 decurrenti-

217 2316 367 2409 bus,
421 2327 542 2414 qui
593 2327 990 2399 valetudini
1067 2331 1290 2422 magis
1344 2330 1552 2402 nocui
1604 2331 1792 2419 sint,
1876 2331 2277 2402 animarum
2347 2337 2653 2403 rectores
2702 2327 2838 2401 sub

214 2432 541 2522 aliquibus
580 2439 1036 2512 cautionibus
1065 2439 1315 2513 abesse
1344 2449 1660 2533 possent,
1695 2442 1911 2514 veluti
1944 2442 2017 2514 in
2045 2443 2380 2534 Alqaren.
2408 2461 2535 2533 per
2567 2443 2832 2515 Summ.

203 2560 460 2633 precum
517 2549 640 2621 13.
700 2545 906 2623 Mart.
955 2552 1200 2640 1762„
1257 2552 1333 2625 in
1387 2570 1530 2642 qua
1581 2554 1681 2625 ita
1733 2553 2136 2644 rescripsit:
2198 2549 2398 2625 «Pro
2472 2553 2695 2646 gratia
2748 2550 2841 2623 ad

212 2677 242 2719 ν
275 2665 569 2746 quatuor
623 2679 904 2734 menses
957 2665 1262 2736 aestivos
1310 2669 1679 2737 currentes
1730 2671 2038 2753 tantum,
2091 2664 2621 2757 comprehensis
2674 2684 2843 2739 con·

207 2790 238 2832 »
271 2770 627 2847 ciliaribus
697 2774 989 2846 arbitrio
1042 2771 1416 2867 Episcopi,
1490 2795 1649 2849 cum
1721 2775 2154 2868 obligatione
2222 2777 2702 2848 commorandi
2761 2777 2838 2848 in

205 2879 424 2955 »locis
460 2886 928 2959 vicinioribus
978 2887 1355 2978 parochiae
1408 2906 1550 2959 non
1604 2887 1885 2958 infectis
1936 2887 2121 2959 aeris
2170 2887 2617 2977 intemperie,
2661 2904 2840 2976 qua-

201 3013 231 3053 »
266 2997 465 3066 tenus
517 3014 611 3068 ex
666 2997 767 3068 eis
820 2998 893 3069 in
947 2998 1482 3071 occurrentibus
1533 2996 2107 3070 solemnitatibus
2142 2996 2251 3068 vel
2291 2995 2836 3068 necessitatibus

199 3124 230 3164 ι»
261 3104 403 3177 sine
456 3108 893 3181 detrimento
944 3112 1273 3203 propriae
1325 3111 1578 3183 salutis
1631 3112 1971 3184 accedere
2024 3109 2247 3200 possit
2273 3113 2507 3180 orator
2543 3107 2637 3178 ad
2672 3126 2839 3179 con-

193 3237 223 3278 »
255 3218 635 3291 sulendum
689 3221 1276 3312 parochianorum
1333 3222 1788 3314 indigentiiS,
1846 3222 2189 3313 deputato
2244 3219 2526 3292 interim
2579 3218 2835 3291 idoneo

189 3347 219 3390 ›
257 3327 507 3404 vicario
564 3331 662 3403 ab
713 3329 1063 3424 Episcopo
1117 3333 1609 3426 approbando,
1653 3334 1777 3424 qui
1829 3333 2140 3405 resideat
2175 3338 2248 3403 et
2283 3349 2524 3403 curam
2562 3331 2836 3402 anima-

187 3459 217 3500 »
250 3457 395 3511 rum
426 3450 500 3515 et
530 3442 1225 3517 administrationem
1264 3441 1880 3517 Sacramentorum
1918 3442 2373 3515 laudabiliter
2398 3446 2763 3529 exerceat3
2791 3466 2830 3509 ι

178 3542 333 3641 (lib.
376 3553 550 3627 112.
598 3555 852 3626 decret.
885 3556 1257 3648 paq.112.
1318 3576 1363 3627 a
1416 3549 1681 3650 terqo).
1738 3551 1890 3626 Hoc
1941 3555 2302 3626 decretum
2356 3572 2675 3625 normam
2729 3558 2837 3624 at-

181 3658 326 3731 tulit
375 3663 743 3735 similibus
796 3665 868 3735 in
922 3665 1235 3752 casibuS,
1290 3673 1502 3757 prout
1555 3667 1628 3736 in
1684 3665 2109 3740 calaritano
2154 3665 2223 3734 8.
2265 3660 2432 3735 Maii
2472 3664 2717 3750 1762„
2759 3662 2835 3733 in

175 3769 505 3847 Portuen.
563 3777 933 3849 Visitxss.
970 3777 1112 3849 LL.
1157 3779 1226 3848 8.
1266 3777 1441 3869 Aug.
1489 3779 1702 3850 1778.
1756 3776 1852 3849 ad
1906 3774 1975 3847 1.
2018 3775 2178 3848 dub.
2222 3771 2646 3847 Consulatur
2679 3773 2826 3845 Fol.

176 3881 367 3959 Civit.
413 3890 623 3962 Pleb.
672 3889 786 3960 14.
829 3886 991 3961 Iun.
1041 3891 1251 3962 1806.
1293 3888 1366 3985 ξ.
1418 3890 1934 3962 Tridentinum.

298 4003 477 4072 231.
544 4000 951 4092 Aliquando
1003 4003 1137 4076 hoc
1189 4004 1548 4076 indultum
1601 4003 2024 4095 denegavit,
2079 4007 2160 4073 ut
2212 4001 2287 4073 in
2338 4002 2460 4074 cit.
2506 3998 2832 4074 Civitatis

160 4109 386 4187 Plebis
442 4115 769 4187 resoluta
824 4115 940 4187 die
998 4116 1112 4187 19.
1161 4114 1454 4207 August.
1503 4115 1717 4187 1806.
1774 4111 2053 4186 lbidem
2115 4110 2470 4204 parochus
2524 4126 2835 4200 expone-

156 4219 298 4313 bat,
358 4227 670 4299 domum
723 4225 1199 4317 parochialem
1253 4227 1462 4298 sitam
1517 4244 1671 4298 esse
1726 4226 1800 4296 in
1852 4224 2003 4296 loco
2054 4222 2270 4314 plane
2338 4219 2685 4292 insalubri
2738 4218 2829 4291 ob

153 4354 381 4412 aerem
423 4341 665 4413 nimia
702 4339 1125 4411 humiditate
1163 4339 1544 4411 admodum
1600 4335 1968 4409 infectum.
2020 4333 2121 4407 Ad
2155 4351 2437 4406 omnem
2490 4349 2653 4403 vero
2700 4332 2834 4404 im-

151 4451 519 4536 provisum
562 4469 806 4523 casum
843 4451 1412 4542 praecavendum
1449 4447 1854 4540 spondebat
1905 4446 2119 4536 idem,
2161 4465 2237 4519 se
2273 4445 2830 4518 substituturum

146 4575 292 4634 esse
347 4565 606 4635 virum
658 4562 1090 4654 religiosum,
1149 4563 1271 4653 qui
1307 4561 1644 4633 continuo
1683 4566 1964 4650 praesto
2001 4559 2181 4631 foret
2217 4559 2330 4643 iis,
2373 4559 2498 4648 qui
2535 4558 2829 4651 parochi

141 4686 270 4762 ope
325 4674 784 4767 indigerent.
842 4671 1195 4763 Addebat,
1237 4673 1605 4746 ecclesiam
1642 4691 1775 4745 sua
1812 4690 1981 4745 cura
2017 4671 2558 4765 diligentissime
2594 4678 2833 4745 custo-
