3497 5235
592 260 713 335 Gap.
737 260 808 317 11.
847 261 922 317 Do
958 259 1222 335 Πρίιοορο,
1260 256 1669 333 Archiepinoopo,
1709 257 1939 316 Prima
1979 202 2038 316 et
2074 258 2397 317 Patria-ohe.
2439 259 2495 335 g.
2521 260 2566 317 1.
2799 255 2912 319 143

269 421 298 464 ›
325 394 486 483 buS,
518 419 558 463 ›
615 390 804 488 (Lib.
847 394 968 468 56.
1009 394 1160 467 dec.
1198 413 1275 487 p.
1309 391 1518 486 332.)
1570 393 2499 483 ipsamque-resolutionem
2535 390 2915 466 confirma-

265 506 344 577 vit
399 507 514 576 11.
554 503 903 578 Februar.
948 506 1162 578 1708.
1204 503 1360 600 (lib.
1401 502 1524 578 58.
1566 503 1780 578 decis.
1822 522 1989 596 pag.
2025 501 2213 600 53.).
2254 502 2345 579 Et
2379 506 2454 578 in
2500 505 2753 579 Viterb.
2796 524 2917 579 seu

269 619 639 690 Tuscanen.
690 618 805 689 11.
841 614 1001 690 Ian.
1038 618 1255 690 1783.
1311 617 1674 709 proposito
1724 616 1902 689 dub.
1944 613 2100 688 IV.:
2163 636 2200 681 «ι
2236 617 2339 688 An
2373 613 2771 708 Episcopus
2805 634 2918 690 re-

265 753 296 795 »
325 728 558 800 sidere
611 734 947 801 teneatur
997 728 1073 799 in
1119 729 1408 801 civitate
1442 724 1843 800 Tuscanen.
1887 746 2014 819 per
2050 727 2342 819 aliquod
2378 729 2720 820 temporis
2753 747 2919 821 spa-

265 840 501 911 »tium
554 839 859 930 singulis
910 839 1122 910 annis
1175 841 1250 910 in
1303 833 1530 911 casu?
1570 863 1607 907 ›
1683 838 2104 930 respondit:
2183 861 2220 906 α
2262 838 2570 913 Arbitrio
2623 847 2696 914 et
2748 859 2918 932 pru-

266 976 297 1021 »
328 950 617 1024 dentiae
670 947 1004 1042 Episcopi
1039 956 1112 1024 et
1147 951 1240 1023 ad
1277 955 1634 1039 mentem3
1691 957 1763 1023 et
1815 969 2019 1023 mens
2052 956 2187 1037 est,
2227 957 2310 1023 ut
2344 951 2420 1022 in
2455 952 2914 1042 praecedenti

267 1087 296 1130 ›
326 1061 546 1134 dubio
585 1086 625 1130 ›
690 1061 1025 1135 videlicet
1079 1083 1118 1129 ‹
1159 1061 1351 1152 quod
1403 1059 1759 1134 scribatur
1816 1058 2194 1153 Episcopo,
2250 1061 2502 1135 decere
2544 1064 2918 1138 interdum

265 1198 296 1240 ›
324 1173 608 1262 aliquas
659 1172 1064 1246 functiones
1114 1169 1566 1245 Pontificales
1616 1188 1957 1264 peragere
2026 1173 2102 1244 in
2166 1172 2463 1245 ecclesia
2515 1173 2914 1247 cathedrali

265 1308 295 1352 >
327 1281 795 1357 Tuscanensi.
831 1308 867 1353 »

387 1396 504 1468 13.
566 1393 666 1469 De
717 1396 1104 1470 residentia
1164 1401 1554 1469 tractatum
1602 1396 2019 1488 perscripsit
2067 1392 2302 1486 Rosa,
2360 1396 2474 1470 cui
2528 1397 2780 1471 titulus
2829 1397 2917 1471 de

260 1507 627 1580 residentia
676 1507 1180 1599 episcoporum.

1413 1633 1747 1681 ⁸400&-

1321 1816 1840 1872 APPENDIX.

264 1967 428 2023 SSmi
465 1968 540 2023 D.
581 1968 655 2023 N.
693 1967 931 2022 Leonis
966 1966 1083 2021 PP.
1109 1967 1285 2022 XIII.
1324 1968 1607 2023 Litterae
1642 1969 2062 2038 Apostolieae
2100 1970 2177 2024 de
2212 1971 2452 2025 Missae
2489 1967 2812 2023 Sacrificio
2848 1969 2917 2023 in

351 2054 642 2121 sing-ulos
679 2053 817 2106 dies
854 2051 1064 2106 festos
1112 2067 1231 2121 pro
1269 2053 1505 2122 populo
1557 2054 1637 2106 ab
1678 2054 1969 2108 omnibus
2017 2055 2315 2110 catholici
2354 2054 2530 2109 orbis
2578 2053 2915 2124 Episcopis

350 2137 748 2192 celebrando.

386 2280 532 2355 Leo
585 2279 1010 2374 Episcopus,
1067 2284 1330 2357 Servus
1380 2279 1758 2357 Servorum
1806 2281 1962 2357 Dei.
2026 2282 2126 2356 Ad
2177 2291 2598 2377 perpetuam
2634 2286 2737 2358 rei
2773 2302 2921 2358 me-

264 2394 570 2465 moriam.
628 2391 717 2464 In
768 2412 1102 2487 suprema
1154 2396 1254 2467 rei
1316 2395 1748 2467 christianae
1811 2397 2356 2487 procuratione,
2427 2394 2643 2468 beato
2711 2393 2919 2470 Petro

264 2502 745 2596 Apostolorum
795 2507 1103 2600 principi
1152 2508 1452 2598 eiusque
1502 2505 2036 2579 successoribus
2087 2506 2434 2579 divinitus
2485 2507 2681 2597 data,
2741 2507 2923 2580 illud

263 2611 614 2691 Romanos
662 2614 1044 2692 Pontifices
1093 2637 1370 2691 summa
1438 2619 1813 2711 vigilantia
1865 2616 2238 2709 providere
2288 2637 2580 2692 necesse
2632 2625 2782 2709 est,
2839 2626 2923 2693 ut

265 2748 495 2804 omnes
546 2748 907 2804 sacrorum
962 2731 1266 2802 ministri
1316 2748 1558 2803 curam
1615 2730 2018 2803 animarum
2071 2736 2393 2821 gerentes
2441 2730 2553 2803 sui
2607 2729 2925 2802 muneris

267 2842 511 2932 officia,
568 2861 656 2915 ex
712 2841 974 2932 quibus
1028 2858 1401 2914 commune
1436 2837 1799 2915 Ecclesiae
1842 2839 2112 2914 bonum
2153 2859 2582 2934 magnopere
2619 2840 2916 2932 pendet,

267 2955 564 3026 studiose
621 2959 691 3027 et
742 2961 1071 3026 accurate
1116 2958 1516 3026 exerceant.
1556 2991 1604 3007 -
1655 2950 1745 3024 In
1798 2953 1885 3025 iis
1936 2961 2177 3027 autem
2230 2955 2498 3026 eminet
2550 2970 2925 3026 sacrosan-

270 3072 449 3138 ctum
497 3061 756 3137 Missae
805 3065 1260 3155 sacrificium,
1300 3083 1428 3157 pro
1464 3065 1696 3137 salute
1748 3066 2021 3158 populi,
2081 3066 2194 3139 cui
2248 3066 2553 3156 quisque
2604 3070 2918 3158 praeest,

268 3178 675 3250 nominatim
712 3176 1166 3250 faciendum:
1215 3178 1418 3250 cuius
1455 3177 1595 3248 vim
1631 3175 1845 3249 officii
1881 3174 2127 3251 Patres
2162 3174 2559 3249 Tridentini
2596 3195 2682 3249 ex
2716 3194 2926 3269 prae-

272 3294 461 3377 cepto
496 3289 737 3361 divino
773 3288 1124 3381 proficisci
1161 3287 1613 3362 tradiderunt
1668 3284 1861 3361 Sess‘.
1893 3285 2153 3361 XXIV.
2195 3307 2355 3380 cap.
2394 3291 2461 3359 1.
2493 3289 2576 3361 de
2605 3287 2918 3380 Reform.

270 3394 699 3492 Quapropter
751 3419 841 3471 ne
893 3400 1054 3489 quis
1115 3400 1190 3470 in
1243 3418 1326 3472 ea
1380 3419 1455 3472 re
1506 3398 2000 3490 delinqueret,
2056 3398 2490 3472 Benedictus
2539 3395 2733 3470 XIV.
2792 3394 2929 3470 De-

270 3527 488 3583 cessor
533 3508 814 3601 Noster,
871 3512 1082 3583 editis
1133 3510 1555 3604 Apostolicis
1607 3508 1896 3583 Litteris
1955 3511 2125 3585 Cum
2170 3531 2436 3604 semper
2486 3510 2758 3582 oblatas
2809 3508 2928 3580 die

277 3621 390 3691 19.
430 3621 720 3714 Augusti
772 3641 963 3694 anno
1013 3622 1261 3711 1744„
1319 3623 1542 3696 edixit
1596 3640 1842 3695 omnes
1895 3627 1965 3694 et
2017 3622 2363 3714 singulm,
2407 3622 2532 3714 qui
2570 3622 2644 3692 in
2682 3620 2924 3710 aliqua

274 3734 641 3821 parochiali
692 3734 992 3807 ecclesia
1047 3752 1498 3825 quocumque
1552 3733 1760 3806 titulo
1813 3734 2214 3806 animarum
2268 3752 2511 3807 curam
2567 3737 2921 3826 gererent,

274 3842 351 3911 in
397 3844 684 3937 singulis
732 3842 1121 3917 Dominicis
1189 3848 1490 3937 aliisque
1543 3844 1802 3917 diebus
1853 3844 2053 3917 festis
2123 3867 2162 3913 ‹
2201 3865 2346 3919 non
2401 3845 2607 3917 modo
2656 3842 2929 3917 sacrifi-

279 3980 316 4021 »
357 3958 528 4028 cium
575 3954 834 4030 Missae
888 3956 1284 4048 celebrare,
1357 3960 1482 4031 sed
1546 3960 1761 4031 etiam
1824 3958 2017 4031 illius
2069 3957 2377 4031 fructum
2433 3957 2745 4031 medium
2796 3974 2926 4049 pro

277 4090 314 4135 ›
355 4069 598 4159 populo
647 4068 788 4141 sibi
839 4070 1212 4141 commisso
1266 4070 1625 4162 applicare
1680 4070 1996 4142 debere:
2054 4088 2186 4142 nec
2223 4068 2404 4142 illud
2437 4087 2564 4161 pro
2604 4067 2760 4139 aliis
2799 4084 2928 4158 ap-

276 4200 315 4246 >
356 4179 626 4271 plicare,
685 4187 812 4253 aut
859 4199 987 4273 pro
1036 4182 1446 4253 huiusmodi
1481 4181 1959 4276 applicatione
1998 4182 2522 4272 eleemosynam
2557 4179 2926 4271 percipere

278 4311 318 4358 >
359 4308 572 4380 posse.
608 4318 645 4362 ›
676 4331 724 4345 -
749 4289 1023 4374 Quibus
1059 4292 1349 4384 quidem
1388 4293 1462 4364 in
1499 4289 1789 4366 Litteris
1826 4300 2073 4384 aperta
2107 4289 2620 4385 Episcoporum
2659 4290 2926 4362 mentio

275 4402 466 4474 nulla
500 4411 602 4477 est
634 4424 652 4475 t
710 4404 1177 4476 nihilominus
1212 4404 1529 4477 dubitari
1576 4423 1721 4478 non
1756 4410 2017 4499 potest,
2061 4404 2237 4494 quin
2275 4400 2600 4475 Pontifex
2638 4402 2930 4494 sapien-

282 4508 602 4605 tissimus,
662 4515 860 4607 quod
910 4514 998 4586 de
1051 4516 1380 4609 parochis
1432 4522 1576 4588 tam
1633 4518 1940 4610 graviter
1988 4513 2522 4610 praecipiebat,
2593 4513 2783 4587 idem
2836 4515 2927 4587 de

279 4624 644 4700 maioribus
695 4628 1099 4701 animarum
1150 4627 1560 4721 pastoribus
1614 4629 1922 4723 intelligi
1972 4630 2191 4703 tacite
2234 4628 2489 4703 saltem
2524 4634 2596 4704 et
2634 4626 2927 4716 oblique
