3497 5235
547 307 670 383 ⁰⁸1¹·
697 309 768 367 11.
808 309 880 366 D·
918 307 1186 384 Episcopo,
1224 309 1633 384 Archiopinopo.
1670 308 1901 367 Primi·
1941 309 2001 367 ot
2036 308 2362 367 Petrinum.
2403 309 2459 382 ἓ.
2485 309 2536 366 5.
2562 310 2613 367 6.
2799 306 2922 370 243

296 445 631 536 »populus
682 451 958 519 crescat
1010 445 1084 517 in
1136 444 1437 517 scientia
1491 441 1645 530 Dei,
1702 448 1775 514 et
1815 444 1889 516 in
1938 444 2129 515 omni
2184 461 2397 533 opere
2435 441 2622 514 bono
2675 441 2924 516 fructi-

295 558 538 645 »licet‚
613 562 688 628 et
740 555 1190 628 uberioribus
1242 555 1568 627 coelestis
1623 557 1893 646 gratiae
1956 555 2242 626 auxiliis
2295 553 2615 625 munitus
2667 572 2709 625 a
2763 572 2926 644 per·-

292 670 541 740 »versis
595 667 1044 739 inimicorum
1098 665 1462 739 Ecclesiae
1514 667 1859 738 doctrinis
1913 665 2328 738 abhorreat.
2362 690 2400 735 ›

396 779 555 851 204.
616 775 706 851 Ut
745 786 988 850 autem
1041 779 1326 852 uberior
1376 778 1862 868 spiritualium
1918 776 2275 849 fructuum
2314 795 2517 868 seges
2554 778 2924 869 recolliga-

286 897 393 977 tur,
442 896 728 980 praeter
763 908 1011 981 preces
1047 887 1191 962 Deo
1227 889 1730 977 effundendaS,
1782 884 2077 983 (etenim
2135 911 2174 953 ι
2207 907 2439 978 neque
2477 890 2597 978 qui
2642 890 2920 979 plantat

287 1010 432 1076 »est
467 1004 771 1093 aliquid,
829 1020 1066 1092 neque
1103 1004 1227 1092 qui
1264 1004 1474 1094 rigat,
1530 1001 1659 1074 sed
1712 1002 1836 1090 qui
1893 1003 2409 1073 incrementum
2461 999 2588 1070 dat
2626 996 2915 1095 Deus)»

283 1117 551 1187 maxima
607 1135 776 1188 cura
831 1115 1165 1207 ponenda
1202 1122 1311 1186 est
1359 1114 1430 1186 in
1484 1112 1836 1205 eligendis
1889 1112 2056 1183 viris
2107 1111 2198 1182 ad
2252 1129 2493 1182 sacras
2545 1112 2919 1185 missiones

279 1227 691 1318 praebendas
741 1227 1077 1314 addictis,
1138 1228 1264 1315 qui
1317 1226 1685 1301 doctrinae
1739 1224 1955 1296 laude
2008 1222 2329 1314 apprime
2372 1224 2810 1313 praecellant
2847 1235 2918 1299 et

279 1340 580 1431 populum
618 1359 899 1412 summa
937 1339 1306 1430 diligentia
1361 1339 1768 1411 instituant.
1834 1357 1873 1402 ‹
1904 1332 2018 1407 Illi
2065 1336 2508 1427 potissimum
2563 1332 2714 1428 (sic
2766 1336 2922 1410 lau-

280 1451 533 1523 »datus
584 1448 855 1522 Bened.
899 1447 1091 1521 xlv.
1151 1452 1205 1522 l.
1246 1470 1310 1524 c.
1350 1447 1424 1545 ἓ.
1472 1450 1606 1522 8ᾱά
1657 1444 1784 1545 ne)
1840 1449 2263 1521 missionarii
2321 1449 2550 1521 vocari
2604 1448 2916 1539 debent,

282 1563 442 1650 ›qui
497 1569 879 1653 postquam
933 1562 1133 1634 labes
1186 1568 1256 1635 et
1307 1563 1650 1634 scandala
1705 1561 1951 1653 populi
2004 1570 2194 1634 certe
2248 1560 2910 1652 deprehenderint,

281 1672 633 1763 »ipsorum
673 1675 1095 1765 gravitatem
1135 1692 1220 1746 ac
1254 1673 1774 1765 turpitudinem
1814 1675 1964 1746 suis
1999 1672 2467 1745 concionibus
2501 1674 2913 1764 ostendant,

281 1807 309 1848 ι
337 1790 395 1854 et
441 1784 906 1858 vehementer
942 1804 1240 1877 arguere
1277 1788 1678 1877 possint....
1726 1787 1812 1859 At
1857 1805 2021 1859 vero
2064 1786 2483 1858 missionarii
2520 1805 2693 1858 suae
2730 1788 2920 1860 vitae

276 1919 306 1962 ›
336 1898 592 1969 ratione
629 1904 850 1987 atque
887 1899 1234 1989 exemplis
1288 1899 1628 1989 populum
1667 1899 1761 1971 ad
1798 1899 2131 1970 virtutem
2188 1897 2566 1970 incendere
2613 1897 2909 1971 debent.

277 2032 305 2073 ι
334 2010 404 2080 In
451 2011 772 2083 omnibus
810 2017 875 2083 te
911 2010 1141 2101 ipsum
1185 2011 1441 2100 praebe
1488 2011 1882 2100 exentplum
1932 2011 2270 2081 bonorum
2311 2028 2628 2099 operum,
2683 2010 2961 2100 inquit,

273 2143 303 2185 ›
333 2120 697 2211 Apostolus
733 2122 825 2193 ad
863 2119 1144 2211 Titum3
1201 2124 1276 2193 S.
1318 2119 1551 2193 Lucas
1603 2123 1677 2193 in
1730 2123 1884 2194 Act.
1927 2123 2167 2213 Apost.
2211 2128 2549 2193 testatum
2595 2121 2909 2210 reliquit,

267 2234 502 2321 »quod
555 2233 886 2307 Salvator
938 2232 1278 2307 Dominus
1329 2235 1550 2324 coepit
1596 2235 1835 2326 facere
1884 2240 1948 2306 et
2000 2235 2266 2307 docere.
2334 2230 2695 2304 Postremo
2747 2233 2918 2304 mis-

266 2345 662 2417 ›sionarios
715 2342 858 2417 Deo
909 2364 985 2418 se
1037 2348 1326 2437 penitus
1362 2345 1706 2418 devovere
1757 2346 1862 2417 las
1897 2353 2033 2431 est,
2076 2364 2209 2418 nec
2248 2346 2462 2417 ullam
2520 2344 2913 2418 admiscere

266 2456 781 2545 »cupiditatem
836 2459 1076 2530 inanis
1127 2458 1390 2549 gloriae
1445 2458 1555 2528 vel
1603 2474 1803 2547 spem
1858 2457 2358 2545 emolumenti,
2416 2457 2582 2530 licet
2642 2457 2909 2549 exigui,

264 2566 484 2639 »dnm
543 2572 828 2661 populis
881 2571 1295 2644 erudiendis
1349 2569 1879 2643 incumbunt.»

383 2681 551 2753 205.
606 2679 958 2763 Quoniam
1013 2682 1359 2756 eiusmodi
1427 2682 1626 2753 verbi
1695 2681 1916 2755 divini
1983 2700 2374 2772 praecones
2443 2681 2910 2757 facultatibus

256 2793 819 2867 extraordinariis
872 2795 1251 2886 indigent,
1323 2800 1404 2866 ut
1456 2794 1590 2865 boc
1657 2794 2114 2866 utilissimum
2169 2812 2350 2882 opus
2411 2796 2544 2883 ipsi
2613 2792 2913 2865 feliciter

255 2912 805 2993 prosequantur,
864 2907 1086 2977 veluti
1140 2907 1292 2998 ipse
1343 2907 1558 2978 etiam
1614 2902 1936 2976 Pontifex
1992 2904 2529 2994 perpendebat,
2586 2923 2711 2976 eas
2767 2924 2911 2977 non

253 3010 568 3086 dubitent
618 3012 954 3107 Episcopi
1009 3016 1101 3087 ab
1162 3017 1557 3107 Apostolica
1613 3014 1797 3088 Sede
1851 3024 2125 3087 mature
2178 3015 2661 3105 expostulare,
2722 3034 2910 3104 quae

252 3123 545 3209 prolecto
598 3145 727 3217 pro
782 3147 911 3199 sua
964 3129 1388 3202 auctoritate
1443 3135 1909 3217 maternoque
1965 3129 2251 3218 pietatis
2303 3126 2539 3197 studio
2592 3128 2907 3199 remedia

251 3235 449 3310 etiam
486 3245 691 3311 extra
726 3240 1046 3312 ordinem
1087 3240 1352 3312 morbis
1385 3239 1799 3315 adhibenda
1836 3239 2075 3330 largiri
2113 3239 2528 3311 nullatenus
2571 3246 2849 3311 renuet.

377 3491 501 3567 vl.
563 3520 602 3562 ι
641 3497 742 3571 An
794 3498 1061 3571 habeat
1112 3497 1621 3590 depositarium
1676 3517 2069 3589 poenarum
2108 3505 2180 3571 et
2217 3498 2640 3570 muletarum
2692 3516 2909 3591 pecu·-

245 3624 279 3668 »
315 3606 733 3697 niariarum,
790 3616 862 3683 et
915 3629 1011 3682 an
1065 3612 1358 3682 eaedem
1412 3610 1677 3683 luerint
1728 3611 1866 3702 piis
1919 3611 2168 3682 usibus
2222 3612 2651 3704 applicatae.
2692 3636 2730 3678 ›

362 3870 784 3934 Summarum
838 3873 992 3936 206.
1047 3869 1415 3936 Tridentino
1466 3870 1760 3954 Synodus
1805 3869 2143 3954 aliquoties
2192 3870 2458 3937 mulctas
2506 3870 2907 3956 pecuniarias

237 3960 469 4049 imponi
524 3969 701 4035 iubet
749 3972 825 4037 ad
876 3973 1216 4037 criminum
1267 3972 1746 4038 coercitionem.
1786 4009 1829 4020 -
1878 3976 2030 4039 207.
2082 3977 2250 4050 Quae
2311 3988 2518 4038 tamen
2586 3994 2711 4038 non
2772 3973 2903 4037 exi-

231 4081 470 4149 guntur
512 4084 691 4137 extra
742 4072 1073 4138 iudicium.
1112 4111 1155 4122 -
1187 4079 1338 4140 208.
1397 4079 1585 4139 Parce
1633 4074 1978 4140 admodum
2015 4076 2090 4141 ad
2128 4097 2227 4141 eas
2264 4080 2523 4142 mulctas
2563 4091 2905 4141 recurren-

231 4163 379 4234 dum
431 4184 548 4250 est,
600 4193 748 4239 cum
796 4192 1149 4260 poenarum
1200 4177 1429 4242 electio
1479 4180 1773 4262 Episcopi
1824 4179 2088 4244 arbitrio
2140 4181 2349 4244 reli-ta
2412 4181 2627 4245 luerit.
2684 4185 2902 4264 linque

229 4269 287 4333 S
328 4273 400 4336 C.
458 4275 796 4361 aliquoties
845 4296 945 4343 eas
994 4278 1253 4344 omnino
1302 4280 1437 4344 tolli
1491 4280 1688 4346 iussit.
1724 4285 1957 4347 -20.9
2006 4282 2364 4365 Aliquando
2413 4283 2533 4346 etia.
2523 4302 2601 4347 ·m
2653 4294 2900 4368 tempe-

225 4372 481 4439 ravitn-
512 4382 666 4446 210.
710 4380 826 4446 Cui
874 4381 1285 4466 applicandae
1317 4383 1467 4449 sint.
1503 4386 1730 4448 -211,
1764 4385 1918 4449 212.
1958 4388 2052 4449 An
2091 4388 2260 4468 Epist
2243 4404 2443 4469 copus
2490 4405 2732 4473 egenus
2781 4388 2899 4453 sibi

222 4466 385 4554 ipsas
433 4478 736 4547 addicere
783 4481 1006 4568 possit.
1042 4519 1088 4532 -
1121 4487 1272 4550 213.
1328 4484 1391 4553 Si
1442 4487 1715 4551 mulctae
1766 4487 1829 4552 in
1878 4486 2136 4568 Sjnodo
2188 4487 2306 4572 puis
2357 4490 2509 4553 locis
2556 4510 2629 4552 as.
2623 4494 2664 4553 i
2678 4505 2900 4577 gtnilae

219 4588 395 4654 sunt,
431 4600 561 4650 non
593 4596 807 4670 potest
840 4604 943 4651 eas
986 4584 1106 4652 sibi
1153 4587 1504 4674 Episcopus
1538 4607 1781 4678 egenus
1828 4588 2227 4655 addiceiffe
2262 4594 2413 4656 214.
2453 4595 2675 4679 Neque
2712 4593 2899 4678 Cipi-

222 4679 436 4749 tulum
491 4707 705 4775 neque
760 4687 1047 4756 vicarius
1102 4689 1477 4778 Capitularis
1536 4701 1806 4778 possunt
1850 4711 2128 4778 unquam
2181 4714 2283 4759 eas
2328 4694 2446 4762 sibi
2496 4697 2819 4762 addicere.
2858 4729 2903 4743 -
