3497 5235
573 276 691 338 198
1329 281 1720 353 hutz-notionis,
1738 281 1793 339 8.
1822 280 2005 357 Oongr.
2032 281 2181 341 (Ione.
2219 283 2491 358 exponitio.

575 413 834 486 alitur:
892 416 1073 488 istae
1124 416 1479 508 siquidem
1534 417 1978 489 conditiones
2029 417 2206 489 satis
2257 434 2615 508 superque
2652 435 2693 488 a
2728 413 3039 490 Patribus
3081 415 3210 492 Tri·

574 525 890 597 dentinis
924 533 995 599 et
1032 523 1282 600 Innoc.
1319 524 1483 600 XII.
1515 529 1990 620 indigitantur
2018 524 2214 623 (Vid.
2249 525 2517 601 Girald.
2551 528 2685 601 loc.
2719 529 2837 601 cit.
2870 529 3046 601 Nota
3079 528 3203 625 V.).

573 632 832 727 Itaque
885 648 1184 731 nepotes
1235 646 1308 712 et
1358 640 1874 731 consanguinei
1925 638 2484 731 Episcoporum,
2558 640 2685 730 qui
2736 651 2900 715 sunt
2951 642 3209 715 alterius

574 748 946 837 dioecesiS,
1004 749 1172 823 licet
1221 769 1380 822 cum
1417 769 1502 823 eo
1538 759 2091 839 commorentur,
2149 751 2239 824 ab
2289 770 2518 842 eoque
2571 754 2795 845 ipsius
2843 754 3212 846 sumptibus

572 860 885 948 alantur,
945 862 1081 933 nisi
1135 863 1424 935 insimul
1478 863 1711 935 eidem
1764 863 2185 953 inserviant,
2230 869 2601 954 nequeunt
2644 865 2800 938 sine
2834 865 3211 937 dimissoriis

571 973 837 1063 proprii
889 970 1220 1064 Episcopi
1275 975 1484 1046 titulo
1532 975 2040 1049 familiaritatis
2083 976 2428 1064 ordinari,
2485 977 2593 1049 uti
2645 993 2971 1067 expresse
3006 977 3215 1049 decla-

567 1085 756 1155 ravit
808 1082 882 1155 S.
922 1083 997 1157 C.
1038 1082 1251 1157 Conc.
1294 1087 1367 1157 in
1406 1088 1733 1159 Brioeien.
1782 1089 1897 1157 11.
1941 1089 2137 1182 Sept.
2187 1089 2400 1161 1608.
2443 1089 2639 1179 apud
2673 1086 2943 1161 Girald.
2984 1088 3028 1159 l.
3058 1107 3116 1161 c.
3151 1095 3213 1161 et

571 1195 645 1266 in
697 1195 1005 1268 Leirien.
1066 1197 1136 1267 7.
1196 1194 1394 1290 Sept.
1459 1200 1672 1272 1630.
1731 1199 1909 1271 dub.
1968 1201 2038 1271 5.
2099 1199 2294 1290 apud
2347 1197 2691 1272 Zambon.
2748 1200 2963 1273 verbo
3019 1204 3216 1274 Sacra

579 1306 955 1379 Ordinatio
1011 1307 1223 1381 Artic.
1266 1311 1339 1380 2.
1398 1329 1597 1382 num.
1638 1313 1712 1383 9.
1773 1317 1945 1383 tom.
1988 1308 2072 1382 V.
2129 1331 2297 1403 pag.
2341 1313 2510 1385 266.

718 1420 840 1490 98.
883 1418 1404 1495 Animadvertit
1439 1419 1800 1495 Giraldius
1835 1423 1969 1495 loc.
2003 1424 2124 1495 cit.
2165 1420 2348 1495 Nota
2387 1419 2548 1494 VII.
2592 1426 2784 1514 quod
2818 1424 3217 1498 beneficium

570 1527 906 1603 familiari
975 1530 1483 1606 conferendum
1537 1537 1761 1625 possit
1814 1553 1969 1607 esse
2022 1536 2373 1627 simplex,
2430 1536 2815 1609 dummodo
2885 1537 3221 1610 sufficiens

572 1642 666 1714 ad
699 1642 1001 1716 honeste
1038 1645 1427 1717 vivendum
1464 1647 1663 1718 iuxta
1692 1654 1933 1717 taxam
1970 1647 2390 1737 synodalem
2443 1645 2777 1739 Episcopi
2813 1649 3214 1728 ordinantis,

568 1755 713 1842 vel,
755 1773 839 1827 ea
876 1755 1281 1843 deficiente,
1324 1758 1523 1831 iuxta
1563 1777 1827 1830 morem
1864 1759 2203 1849 regioniS,
2255 1759 2459 1848 quin,
2503 1765 2865 1849 quatenus
2901 1762 2992 1832 sit
3024 1757 3223 1830 insuf-

568 1866 842 1955 ficienS,
878 1868 1087 1940 aliter
1114 1870 1430 1961 soepleri
1458 1872 1683 1963 possit
1719 1888 1850 1961 per
1878 1871 2319 1944 additionem
2357 1872 2768 1961 patrimonii
2808 1880 2935 1945 aut
2970 1871 3226 1963 pensio-

566 1979 706 2050 nis.
752 1978 1069 2052 Advertit
1104 1982 1349 2067 etiam,
1392 1982 1584 2070 quod
1640 1982 1827 2054 intra
1881 2001 2201 2055 mensem
2245 1983 2547 2054 conferri
2585 1982 2876 2073 debeat,
2921 1982 3226 2073 quamvis

566 2087 941 2161 familiaris
995 2092 1133 2163 alio
1184 2101 1383 2165 extra
1441 2094 1823 2165 dioecesim
1865 2095 2267 2167 ordinantis
2317 2094 2667 2168 beneficio
2721 2096 2866 2167 iam
2903 2095 3218 2185 potiatur.

713 2205 837 2275 99.
894 2201 1000 2275 Ex
1054 2206 1374 2295 antiquis
1425 2206 1983 2278 resolutionibus
2037 2215 2309 2280 certum
2362 2213 2544 2294 erat,
2603 2206 2797 2296 quod
2858 2205 3224 2278 familiares

566 2316 964 2405 promoveri
1017 2323 1313 2407 possent
1365 2319 1579 2390 etiam
1635 2334 1721 2388 ex
1774 2319 1986 2390 titulo
2040 2319 2446 2409 patrimonii
2503 2325 2627 2390 aut
2683 2318 3051 2408 pensionis
3089 2333 3228 2407 per-

567 2431 859 2515 petuae,
916 2426 1301 2501 dummodo
1336 2426 1732 2522 Episcopus
1786 2430 1884 2501 ita
1922 2430 2255 2521 expedire
2292 2435 2615 2501 censeret
2653 2429 3092 2513 necessitati,
3130 2425 3227 2497 vel

571 2537 1057 2612 commoditati
1092 2559 1265 2612 suae
1302 2541 1669 2630 ecclesiae,
1712 2543 2189 2634 eumdemque
2225 2544 2361 2635 ipsi
2400 2541 2789 2615 adscribat.
2828 2538 3012 2612 Nam
3061 2541 3131 2612 S.
3158 2535 3225 2611 C.

569 2647 857 2724 Concilii
911 2652 988 2723 in
1043 2653 1386 2727 Caietano
1438 2655 1558 2726 24.
1601 2657 1799 2747 Sept.
1848 2657 2061 2728 1592.
2121 2657 2405 2746 scripsit
2455 2654 2549 2726 ad
2600 2652 3036 2747 Episcopum
3090 2652 3232 2723 Ala-

567 2763 884 2834 trinum:
947 2787 984 2831 ‹
1023 2762 1456 2859 Episcopum
1510 2767 1936 2841 familiarem
1973 2788 2211 2855 suum,
2254 2768 2377 2858 qui
2414 2784 2543 2859 per
2578 2766 2971 2838 triennium
3006 2780 3231 2837 secum

571 2899 610 2943 »
649 2884 1127 2950 commoratus
1180 2876 1437 2967 fuerit,
1495 2879 1587 2950 ad
1641 2880 1930 2952 titulum
2000 2880 2412 2971 patrimonii
2487 2879 2820 2951 ordinare
2875 2895 3128 2970 posse,
3179 2875 3232 2945 si

568 3012 608 3058 ›
646 2989 858 3061 modo
909 2986 1308 3081 Episcopus
1358 2990 1805 3079 iudicaverit,
1864 2991 2062 3062 illum
2117 3009 2243 3081 pro
2297 2991 2720 3063 necessitate
2774 2990 2888 3061 vel
2942 3006 3236 3062 commo-

566 3127 608 3171 »
648 3103 876 3192 ditat-e
928 3105 1388 3177 ecclesiarum
1440 3124 1761 3194 suarum,
1820 3106 2016 3178 iuxta
2073 3125 2231 3197 cap.
2275 3106 2347 3176 2.
2406 3123 2582 3177 sess.
2623 3105 2747 3175 21.
2805 3105 2891 3176 de
2930 3105 3229 3196 Reform.

565 3238 605 3284 ›
644 3215 1126 3288 ordinandum
1178 3234 1361 3304 esse,
1420 3217 1685 3307 quibus
1737 3217 2056 3290 ecclesiis
2109 3236 2272 3290 eum
2325 3215 2732 3288 adscribere
2784 3215 3111 3300 debebit,
3162 3218 3233 3284 ut

565 3350 605 3392 »
644 3327 719 3397 in
771 3328 875 3399 eis
924 3346 1053 3399 suo
1106 3328 1448 3420 fungatur
1499 3347 1824 3417 munere,
1883 3330 2092 3401 sicuti
2147 3347 2305 3420 cap.
2354 3329 2469 3399 16.
2527 3346 2704 3400 sess.
2757 3329 2880 3398 23.
2939 3324 3239 3418 disposi-

566 3460 608 3504 ι»
647 3443 799 3509 tum
852 3440 1305 3529 reperitur.»
1361 3437 1633 3512 Girald.
1692 3442 1827 3512 loc.
1872 3441 1993 3513 cit.
2050 3436 2233 3511 Nota
2288 3436 2488 3511 VIII.

711 3549 876 3622 100.
934 3545 1134 3622 Idem
1188 3552 1277 3623 de
1326 3554 1671 3644 pensione
1724 3554 2115 3624 resolutum
2168 3550 2307 3624 fuit
2360 3557 2510 3623 tum
2565 3552 2635 3622 in
2679 3552 3072 3641 Hyeracen.
3113 3546 3241 3620 De-

566 3659 874 3732 cembris
924 3662 1136 3732 1584.
1196 3668 1267 3734 et
1319 3664 1392 3734 in
1448 3681 1692 3735 mense
1745 3660 2038 3735 Ianuar.
2088 3664 2302 3735 1585.
2361 3663 2555 3753 apud
2609 3659 2880 3734 Girald.
2940 3662 3078 3733 loc.
3117 3660 3233 3733 cit.

563 3768 747 3845 Nota
783 3768 1016 3860 VIlI.,
1057 3773 1181 3864 qui
1218 3774 1513 3864 insuper
1548 3776 1621 3845 in
1658 3794 1740 3847 eo
1779 3777 1932 3866 ipso
1970 3776 2121 3846 loco
2161 3780 2403 3847 tuetur
2437 3773 2653 3846 hasce
2690 3773 3236 3859 declarationes,

560 3882 730 3956 licet
797 3890 965 3956 ante
1034 3881 1629 3958 Constitutionem
1701 3882 2297 3958 Innocentianam
2368 3886 2711 3971 emissaS‚
2787 3884 3239 3974 postmodum

561 3995 779 4067 etiam
831 4014 1034 4067 suam
1100 3997 1408 4069 retinere
1471 3999 1667 4085 vim3
1744 3997 2101 4088 quidquid
2151 3998 2344 4068 enim
2413 3998 2488 4067 in
2547 4015 2632 4067 ea
2692 3995 3027 4068 additum
3078 3993 3237 4081 fuit,

559 4108 739 4180 nihil
794 4109 1162 4200 derogavit
1217 4109 1330 4198 iis,
1387 4128 1574 4200 quae
1630 4127 1847 4200 super
1896 4109 2034 4181 hac
2086 4126 2162 4179 re
2216 4106 2582 4200 vigebant.

710 4220 876 4291 101.
931 4217 1137 4294 Hanc
1188 4228 1427 4293 autem
1483 4222 1920 4293 sententiam
1976 4239 2119 4292 non
2172 4238 2327 4294 esse
2363 4217 2838 4310 sequendam,
2878 4216 3095 4289 docet
3127 4233 3238 4287 ea·

555 4329 718 4401 dem
772 4332 845 4402 S.
885 4328 961 4401 C.
1002 4328 1214 4404 Conc.
1276 4333 1349 4404 in
1396 4333 1830 4405 Tricoricen.
1886 4334 2009 4404 27.
2051 4330 2190 4404 Iul.
2241 4333 2487 4420 1697.,
2530 4330 2682 4420 ubi,
2725 4330 2947 4403 dubio
2985 4347 3246 4420 propo-

555 4442 691 4515 sito
747 4465 785 4506 ‹
820 4443 955 4530 An,
996 4450 1235 4516 stante
1274 4446 1660 4517 novissima
1694 4443 1995 4517 Constit.
2034 4445 2551 4536 Speculatores,
2581 4443 2804 4533 possit
2840 4439 3245 4532 Episcopus

559 4577 598 4621 »
640 4550 1063 4626 familiarem
1117 4556 1547 4628 triennalem
1600 4556 1693 4628 ad
1744 4557 2034 4630 titulum
2088 4557 2499 4648 patrimonii
2547 4571 2959 4646 promovere
2999 4553 3098 4624 ad
3135 4570 3248 4622 sa-

562 4687 601 4731 »
643 4682 801 4736 cros
850 4660 1153 4737 Ordines
1203 4665 1298 4737 ob
1351 4669 1850 4740 necessitatem
1906 4667 2275 4754 ecclesiae,
2333 4667 2532 4739 nullo
2584 4665 2843 4738 collato
2886 4662 3245 4736 beneficio
