3497 5235
1098 245 1219 318 ⁰⁸1²·
1245 245 1342 302 111.
1383 243 1456 299 De
1496 239 1630 297 olm
1672 240 1944 299 tneonltri.
1988 242 2041 315 ς.
2068 241 2148 298 15.
2845 237 2962 300 527

440 377 608 449 494.
666 373 877 448 Hisce
914 378 1324 467 praemissis
1352 374 1723 449 Consultor
1758 393 1902 446 non
1940 375 2094 447 sine
2132 375 2421 449 illicitae
2457 376 2964 467 negotiationis

296 489 504 579 culpa
558 489 1095 560 accomanditae
1150 489 1464 559 actiones
1517 485 1608 557 ab
1648 486 2147 560 ecclesiasticis
2185 488 2351 559 viris
2386 488 2523 560 emi
2563 506 2769 580 posse
2804 506 2970 560 sen-

299 601 569 688 tiebat3
643 602 945 691 eiusque
1014 602 1414 672 sententiae
1485 599 1813 670 adhaesit
1865 594 1938 668 S·-
1982 597 2234 690 Congr.
2278 597 2513 689 Episc.
2581 606 2652 671 et
2702 595 2960 690 Regul.

296 710 621 803 Namque
676 712 767 784 ad
821 711 1089 783 dubia:
1153 735 1190 777 αι
1225 712 1330 782 An
1384 712 1592 783 liceat
1645 710 1921 783 clericis
1975 710 2067 791 ad
2113 707 2417 785 Ordines
2470 714 2773 783 maiores
2808 729 2973 802 pro-

302 850 339 893 »
380 827 615 913 motis,
660 825 769 897 vel
806 824 1318 896 beneficiorum
1354 822 1883 913 possessoribus
1921 823 2285 911 acquirere
2324 825 2642 895 actiones
2679 840 2970 896 mensae

303 963 340 1006 »
380 936 1046 1010 accomandatariae
1083 935 1398 1007 Civitatis
1434 929 1768 1006 Castelli2
1796 973 1844 986 -
1876 933 1969 1007 Et
2003 941 2361 1025 quatenus
2397 937 2755 1027 negative,
2797 974 2843 987 —
2869 934 2972 1005 An

301 1075 337 1120 >
377 1048 931 1141 supplicandum
989 1045 1202 1119 SSmo
1255 1065 1380 1138 pro
1432 1046 1746 1138 benigno
1798 1042 2125 1118 indulto?
2161 1071 2198 1114 »
2257 1049 2468 1119 Sacra
2506 1045 2972 1138 Congregatio

298 1163 704 1255 respondit:
785 1183 823 1225 <t
863 1157 970 1230 Ad
1023 1160 1373 1249 primum:
1431 1154 1587 1230 Non
1641 1160 1895 1246 licere3
1965 1160 2056 1231 ad
2107 1159 2546 1231 secundum:
2602 1156 2972 1231 Provisum

301 1278 375 1347 in
426 1275 680 1365 primo.
720 1297 759 1340 ι»

451 1386 619 1457 495.
678 1382 875 1455 Haec
926 1383 1140 1454 etiam
1196 1381 1420 1455 altera
1475 1382 1861 1453 declaratio
1914 1382 2005 1453 ad
2061 1400 2209 1454 rem
2265 1382 2458 1454 facit.
2516 1379 2604 1453 In
2653 1383 2978 1453 Romana

309 1501 527 1588 Super
557 1497 775 1568 alien.
806 1496 1024 1587 fruct.
1061 1495 1387 1585 pension.
1420 1496 1535 1564 14.
1581 1493 1925 1566 Februar.
1973 1496 2185 1567 1840.
2219 1492 2515 1582 Romae,
2559 1500 2977 1566 auctorante

311 1609 682 1701 gubernio,
715 1608 1018 1678 societas
1073 1607 1397 1676 instituta
1439 1605 1696 1693 tuerat,
1738 1624 1925 1696 quae
1964 1607 2163 1679 audit
2191 1607 2652 1699 privileqiata
2687 1606 2977 1677 societas

311 1719 858 1793 assecurationis
878 1740 911 1803 ,·
964 1717 1166 1788 cuius
1220 1735 1476 1807 scopus
1529 1719 1603 1788 in
1656 1735 1739 1789 eo
1777 1719 1953 1789 situs
2006 1725 2141 1806 est,
2199 1723 2304 1804 ut,
2346 1726 2537 1790 certa
2590 1718 2818 1789 soluta
2858 1735 2983 1809 pe-

313 1833 568 1919 cunia,
628 1830 877 1901 eadem
933 1829 1254 1899 aedilicia
1311 1829 1632 1917 aliasque
1685 1847 1798 1898 res
1849 1834 2045 1900 tutas
2096 1847 2528 1918 securasque
2580 1829 2835 1901 reddat
2888 1827 2979 1899 ab

313 1944 710 2029 incendiis3
770 1942 946 2031 quin
1001 1941 1138 2010 imo
1192 1956 1514 2010 securam
1570 1956 1652 2009 ac
1704 1945 1934 2010 tutam
1990 1959 2275 2030 quoque
2327 1941 2562 2012 reddit
2612 1940 2982 2012 hominum

317 2059 536 2130 vitam
593 2055 686 2125 ad
741 2060 1007 2125 certum
1057 2058 1369 2142 tempus,
1429 2052 1527 2123 ita
1565 2058 1672 2138 ut,
1715 2052 1774 2121 si
1815 2052 1937 2141 qui
1983 2052 2374 2140 contrabit,
2417 2053 2652 2143 legata
2702 2053 2987 2143 pensio-

320 2185 593 2257 nesque
645 2166 985 2236 vitalitias
1038 2163 1361 2233 obtineat
1397 2181 1523 2254 pro
1561 2169 1752 2233 certo
1794 2170 2131 2254 tempore,
2188 2164 2353 2236 licet
2405 2172 2699 2237 mortem
2740 2164 2981 2250 obeat,

325 2281 748 2368 legatorum,
791 2278 1362 2368 pensionumque
1399 2278 1826 2349 solutionem
1861 2286 2124 2350 certam
2163 2298 2245 2351 ac
2283 2298 2604 2351 securam
2643 2279 2908 2350 babeat
2947 2299 2988 2350 a

318 2395 655 2463 societate
695 2392 765 2461 in
804 2389 1183 2461 utilitatem
1223 2407 1493 2475 eorum,
1528 2389 1793 2478 quibus
1832 2391 1979 2481 ipse
2022 2391 2343 2461 volucrit.
2381 2388 2536 2461 Dixi
2574 2390 2734 2464 licet
2771 2396 2989 2463 morte

321 2506 514 2577 obeat
533 2527 567 2589 ‚·
621 2520 932 2591 namque
969 2499 1060 2571 ob
1116 2502 1293 2572 alios
1345 2520 1553 2572 casus
1583 2521 1620 2570 a
1645 2498 1881 2572 'morte
1919 2501 2233 2573 diversos
2267 2504 2569 2573 societas
2603 2521 2748 2574 non
2780 2503 2989 2573 modo

323 2616 595 2688 nullam
634 2612 1038 2687 cautionem
1080 2612 1231 2703 ipsa
1273 2619 1617 2703 praestat,
1654 2614 1829 2702 quin
1876 2614 2014 2685 imo
2066 2613 2253 2687 hanc
2288 2614 2467 2686 solet
2506 2616 2784 2706 exigere
2823 2634 2991 2686 cau-

322 2729 634 2815 tionem,
691 2734 771 2797 ut
823 2744 935 2796 res
990 2727 1219 2796 omnis
1270 2724 1403 2795 sibi
1458 2725 1651 2796 salva
1709 2727 1802 2795 sit
1854 2744 2304 2815 quocumque
2357 2727 2432 2797 in
2486 2744 2700 2813 casu,
2769 2735 2990 2798 morte

323 2844 646 2929 excepta,
688 2838 837 2908 sive
879 2854 1004 2927 per
1057 2836 1614 2922 fideiussionem,
1648 2842 1774 2906 aut
1811 2837 2210 2907 adsimilem
2249 2836 2460 2907 aliam
2500 2839 2984 2911 securitatem.

321 2949 430 3022 Ex
484 2968 626 3038 quo
679 2948 786 3034 fit,
829 2954 906 3018 ut
947 2947 1331 3038 legatarius
1385 2947 1492 3018 vel
1546 2948 2045 3036 pensionarius
2099 2947 2232 3017 bac
2269 2955 2561 3037 accepta
2614 2949 2996 3020 securitate

322 3062 614 3134 innixus
644 3058 848 3131 facile
880 3077 1257 3147 personam
1297 3059 1604 3148 reperire
1636 3059 1883 3147 possit,
1919 3061 2036 3147 qui
2072 3060 2223 3130 eius
2259 3060 2659 3130 securitatis
2689 3065 2991 3149 partem,

324 3174 435 3246 rel
475 3181 693 3245 totam
734 3173 807 3243 in
842 3190 918 3242 se
959 3172 1309 3261 recipiens
1362 3188 1505 3240 una
1561 3171 1712 3241 vice
1751 3189 2129 3258 summam,
2174 3190 2314 3260 qua
2355 3170 2766 3261 indiguerit,
2813 3170 2997 3240 idem

325 3286 675 3358 exsolvat.
733 3279 1102 3354 Interdum
1158 3301 1322 3352 vero
1375 3300 1659 3371 quoque
1714 3282 1821 3369 fit,
1884 3289 1959 3352 ut
2013 3283 2313 3353 societas
2366 3283 2518 3373 ipsa
2570 3281 2759 3352 hanc
2811 3300 3004 3351 sum·

323 3415 544 3484 mam,
587 3396 784 3466 initis
823 3395 1133 3486 legitime
1183 3392 1806 3481 conventionibuS,
1850 3394 1979 3486 ipsi
2022 3393 2361 3484 legatario
2397 3395 2507 3465 vel
2548 3395 3002 3485 pensionario

327 3509 711 3601 persolvat.

354 3685 359 3690 .
478 3620 646 3691 496.
691 3617 904 3690 Hisce
943 3619 1383 3708 praenotatis
1420 3617 1712 3708 quidam
1761 3617 2089 3689 sacerdos
2129 3616 2370 3689 Almae
2411 3615 2622 3690 Urbis
2660 3619 3003 3710 pensione

329 3740 583 3804 auctus
648 3732 740 3802 ad
804 3731 1152 3802 levandas
1206 3729 1516 3801 familiae
1568 3749 1739 3801 suae
1814 3730 2302 3802 oeconomicas
2372 3733 2783 3822 angustiaS,
2843 3750 3005 3803 cum

333 3844 644 3935 quadam
698 3844 1045 3933 pecuniae
1108 3841 1176 3912 vi
1248 3842 1641 3931 indigeret,
1708 3843 2027 3913 societati
2094 3842 2501 3932 praedictae
2565 3862 2691 3934 per
2759 3843 3005 3915 decem

333 3975 563 4028 annos
614 3956 1061 4045 pensionem,
1122 3973 1261 4043 qua
1319 3952 1730 4040 fruebatur,
1790 3954 2039 4025 cedere
2095 3963 2329 4025 mente
2382 3974 2509 4025 sua
2569 3956 3001 4040 instituerat,

334 4085 562 4156 eoque
616 4074 822 4156 pacto
880 4068 1228 4157 pecuniae
1279 4066 1446 4152 vim,
1514 4084 1654 4154 qua
1708 4064 1992 4156 egebat,
2064 4067 2133 4136 in
2190 4073 2521 4156 promptu
2578 4066 2843 4138 babere
2908 4082 3014 4136 re-

337 4177 671 4269 putabat.
748 4176 919 4249 Cum
980 4184 1215 4248 tamen
1272 4175 1597 4267 pluribus
1650 4176 1736 4248 de
1794 4179 2067 4262 causis,
2145 4177 2332 4250 inter
2382 4197 2562 4268 quas
2615 4178 3010 4268 periculum

340 4289 750 4361 incurrendi
803 4308 1078 4380 poenas
1132 4295 1374 4360 contra
1431 4289 1947 4361 ecclesiasticos
1983 4291 2460 4380 nogotiatores
2495 4292 3030 4363 nonantulam,

339 4399 662 4472 habebat
712 4399 974 4488 locum,
1023 4401 1522 4487 dubitavisset,
1566 4420 1657 4470 an
1696 4409 2104 4473 contractus
2140 4402 2258 4473 ille
2294 4405 2790 4490 sustineretur,
2822 4401 2895 4475 S.
2931 4401 3005 4474 C.

337 4511 578 4605 Episc.
640 4521 710 4585 et
763 4511 1022 4605 Regut.
1082 4513 1308 4600 adiit,
1370 4519 1447 4584 ut
1499 4511 1950 4603 beneplacito
2009 4513 2402 4604 apostolico
2457 4533 2612 4587 sese
2669 4516 3007 4588 muniret.-

338 4621 624 4715 Itaque,
680 4643 757 4697 re
807 4625 1123 4698 formiter
1174 4624 1521 4714 discussa,
1572 4621 1915 4698 Emorum
1968 4623 2254 4697 Patrum
2310 4627 2600 4717 iudicio,
2659 4647 2845 4720 quae
2896 4648 3009 4702 se-
