3497 5235
585 286 704 351 438
1339 282 1705 343 humationis
1745 282 1799 343 8.
1827 282 2009 359 congr.
2036 281 2181 342 ῦοιο.
2222 280 2492 357 expositio.

587 454 625 493 ι»
666 442 926 515 magna
979 421 1318 495 dissidia:
1361 440 1666 513 quarum
1704 420 2234 494 dissensionum
2271 417 2734 491 acerbitatem
2768 416 2950 490 nihil
2994 416 3090 490 ad
3123 413 3254 490 Dei

586 562 624 608 ι
671 537 961 628 gloriam
1017 534 1479 608 minuendam
1533 534 1896 608 exitialius
1940 539 2303 625 putamus,
2345 530 2527 603 nihil
2565 530 2656 603 ad
2691 528 3258 621 exstinguendos

592 674 630 717 »
670 648 970 738 fructuS‚
1023 665 1203 739 quos
1254 665 1341 719 ex
1394 646 1783 720 christiana
1836 645 2215 737 disciplina
2271 662 2582 734 aequum
2635 648 2746 715 est
2796 641 3048 714 fideles
3101 659 3261 732 per-

591 786 629 829 »
671 762 931 852 cipere,
977 759 1487 832 calamitosius.
1527 784 1565 827 ι»
1604 754 1879 840 Quibus
1913 756 2002 830 de
2038 756 2255 829 rebus
2290 753 2813 827 Catechismum
2849 749 3259 826 Romanum

587 871 995 966 pastoribus
1049 870 1554 964 porrigendum
1608 889 1687 943 se
1736 870 2183 943 existimasse
2236 867 2642 941 denuntiat.

737 985 906 1057 334.
965 981 1131 1059 Post
1183 983 1362 1059 haec
1414 985 1695 1074 aliquas
1744 1001 1830 1055 ex
1885 983 2167 1074 incepto
2220 987 2460 1055 nostro
2516 998 2707 1054 more
2741 980 3265 1054 declarationes

588 1094 662 1170 S.
705 1096 779 1169 C.
821 1094 893 1171 C.
951 1097 1182 1170 editas
1233 1096 1663 1185 referemuS,
1720 1112 1908 1187 quae
1970 1095 2059 1167 ad
2110 1095 2247 1167 hoc
2298 1100 2797 1187 argumentum
2862 1095 3257 1186 pertinent.

586 1205 677 1281 In
727 1210 975 1304 primis
1028 1209 1313 1283 tolerari
1368 1210 1622 1299 nequit
1671 1227 1756 1282 ea
1812 1209 2048 1282 minus
2100 1213 2291 1280 recta
2345 1206 2813 1294 consuetudO,
2853 1213 2932 1278 ut
2974 1206 3129 1278 sive
3166 1204 3268 1278 ie-

587 1323 872 1411 minae,
929 1322 1078 1395 sive
1134 1339 1366 1395 mares
1416 1322 1490 1394 in
1543 1341 1689 1395 una
1750 1321 2085 1414 parochia
2156 1320 2496 1411 degentes
2564 1319 2742 1391 alias
2812 1317 3266 1410 parochiales

588 1433 925 1507 ecclesias
980 1433 1319 1525 dispalati
1374 1433 1639 1508 adeant
1690 1433 1955 1506 ibidem
2010 1431 2378 1505 imbuendi
2416 1431 2508 1503 ab
2547 1431 2780 1504 alieno
2832 1429 3153 1523 parocho
3191 1431 3262 1502 in

590 1546 755 1619 fidei
809 1546 1262 1618 rudimentis.
1322 1543 1491 1617 Cum
1547 1546 1737 1619 enim
1790 1545 1979 1619 hanc
2029 1543 2620 1620 consuetudinem
2675 1544 2749 1615 in
2784 1542 3097 1616 dioecesi
3131 1538 3263 1613 Bo-

590 1658 920 1731 noniensi
973 1657 1386 1732 offendisset
1441 1655 2002 1746 Lambertinius,
2070 1659 2304 1749 deque
2366 1676 2449 1731 ea
2511 1658 2583 1729 S.
2626 1654 3260 1749 Congregationem

590 1766 876 1843 Concilii
913 1776 1376 1865 percontatus
1412 1778 1643 1861 esset,
1699 1788 1900 1843 sacer
1936 1768 2127 1844 Ordo
2168 1770 2558 1862 rescripsit,
2600 1775 3022 1842 auctorante
3059 1770 3261 1841 Sum-

593 1904 707 1958 mo
758 1883 1126 1976 Pontifice,
1185 1892 1307 1976 ut,
1364 1888 1703 1978 quoniam
1756 1887 1987 1960 omnis
2039 1895 2281 1980 pastor
2334 1905 2717 1980 agnoscere
2777 1885 3044 1959 debeat
3102 1904 3259 1958 oves

595 2016 807 2088 suaS,
865 2003 936 2071 et
997 1998 1308 2071 vicissim
1362 2017 1527 2072 oves
1578 2005 1936 2091 pastorem
1989 2018 2224 2089 suum,
2288 2022 2326 2065 ι
2357 2000 2854 2090 unusquisque
2907 1998 3260 2090 parochus

597 2136 636 2182 :v
677 2110 1053 2184 elementis
1104 2109 1538 2184 christianae
1591 2111 1767 2204 legis
1818 2111 2152 2184 informet
2187 2130 2444 2204 pueros
2481 2113 2809 2205 propriae
2845 2111 3253 2203 parochiae,

596 2249 634 2290 »
677 2222 1043 2315 dispositis
1095 2240 1413 2296 seorsum
1466 2222 1803 2296 masculis
1855 2241 1938 2295 ac
1992 2222 2302 2312 feminis,
2361 2223 2966 2315 quemadmodum
3019 2223 3101 2294 in
3134 2223 3258 2294 hac

598 2360 636 2405 ι
681 2333 897 2425 Urbe,
956 2341 1175 2427 atque
1229 2338 1445 2409 etiam
1482 2336 1655 2408 alibi
1693 2336 1957 2408 servari
2011 2335 2473 2409 laudabiliter
2524 2342 2905 2410 constat.»
2952 2333 3259 2408 Adeatur

590 2448 743 2540 ipse
796 2445 1066 2521 Bened.
1107 2443 1298 2520 XIV.
1364 2449 1538 2520 [nst.
1578 2449 1746 2521 eccl.
1789 2446 1861 2521 9.
1903 2468 1977 2520 η.
2021 2447 2140 2524 10.

743 2560 913 2633 335.
975 2557 1561 2653 archiepiscopus
1612 2557 1916 2634 Salonae
1969 2557 2207 2634 Novae
2259 2560 2375 2635 die
2433 2561 2549 2633 17.
2604 2555 2742 2633 Iul.
2790 2548 3009 2632 1668.
3071 2556 3149 2633 S.
3184 2556 3255 2632 C.

594 2670 803 2746 Conc.
826 2671 1024 2746 'baec
1059 2673 1281 2746 dubia
1319 2673 1797 2747 examinanda
1826 2676 2240 2769 proposuit.
2286 2698 2324 2741 ι
2360 2676 2427 2745 1.
2461 2671 2564 2746 An
2601 2669 3259 2770 (Archiepiscopus)

598 2809 636 2854 ι
675 2784 965 2859 clericos
1017 2793 1163 2859 tam
1219 2787 1568 2859 minorum
1623 2804 1842 2876 quam
1894 2788 2240 2859 maiorum
2277 2784 2625 2859 Ordinum
2664 2785 2756 2857 ad
2790 2785 3107 2858 officium
3156 2788 3263 2859 lu·

597 2922 635 2967 »
676 2896 1250 2991 dimagistrorum
1289 2898 1764 2972 exercendum
1801 2919 1842 2970 a
1889 2898 2519 2973 communitatibus
2571 2899 2964 2971 conductos
3017 2917 3262 2992 cogere

599 3035 637 3078 ι»
675 3012 942 3102 possit,
1018 3018 1094 3083 ut
1146 3028 1405 3104 pueros
1469 3012 1833 3102 rudesque
1902 3012 2261 3085 scholares
2331 3010 2725 3084 doctrinam
2799 3011 3261 3084 christianam

598 3146 636 3189 ι»
678 3118 1075 3196 edoceant?
1110 3124 1180 3195 2.
1229 3123 1333 3194 An
1371 3123 1558 3196 idem
1597 3142 1846 3216 cogere
1899 3125 2124 3216 possit
2178 3124 2708 3217 ludimagistros
2760 3124 2980 3197 laicos
3018 3125 3264 3198 itidem

598 3259 636 3302 »
677 3254 718 3306 a
770 3234 1401 3308 communitatibus
1454 3229 1889 3308 conductos?
1928 3237 2000 3307 3.
2042 3234 2149 3307 An
2188 3237 2374 3310 idem
2414 3253 2660 3329 cogere
2694 3229 2922 3327 possit
2957 3237 3270 3309 ludima-

597 3372 636 3414 ›
678 3347 929 3440 gistros
998 3348 1145 3420 sive
1200 3346 1490 3421 clericos
1556 3349 1705 3420 sive
1759 3348 1976 3421 laicos
2029 3368 2070 3419 a
2122 3350 2410 3422 nemine
2478 3342 2911 3422 conductos?
2986 3349 3058 3420 4.
3113 3346 3267 3432 Qua

595 3485 633 3531 »
673 3478 905 3553 poena
958 3460 1490 3552 ludimagistros
1544 3479 1791 3554 cogere
1844 3459 2114 3554 possit?
2153 3488 2190 3530 ›
2229 3459 2505 3545 Quibus
2559 3461 2798 3534 dubiis
2850 3457 2923 3532 S.
2981 3458 3061 3533 C.
3117 3480 3261 3534 nno

594 3591 932 3665 responso
969 3571 1355 3645 satisfecit:
1391 3595 1429 3637 α
1460 3570 1673 3645 Posse
1710 3575 1909 3665 prius
1943 3572 2326 3663 hortando,
2366 3580 2612 3667 postea
2649 3573 3191 3667 praecipiendo.
3222 3598 3259 3638 ι

593 3681 771 3758 Vide
808 3683 1078 3758 Bened.
1125 3681 1311 3756 XIV.
1357 3687 1533 3759 Inst.
1575 3686 1744 3759 eccl.
1788 3684 1859 3759 9.
1905 3706 1977 3758 η.
2024 3684 2140 3760 18.
2182 3694 2246 3760 et
2283 3686 2401 3760 Μ.

740 3797 912 3868 336.
955 3794 1028 3869 S.
1055 3794 1130 3868 C.
1155 3794 1229 3869 C.
1263 3796 1586 3870 definivit
1622 3792 1849 3894 (apud
1887 3794 2110 3870 Nicol.
2139 3799 2364 3873 Flosc.
2397 3798 2596 3873 verb.
2626 3799 2866 3894 Requi.
2901 3796 3261 3892 num.7.),

592 3907 1036 4002 prohibitum
1074 3925 1217 3980 non
1254 3926 1409 3981 esse
1461 3906 1942 4002 Regularibus
1994 3910 2390 3984 doctrinam
2429 3912 2892 3985 christianam
2933 3911 3262 3984 edocere.

594 4020 771 4095 Eam
808 4024 1079 4111 tamen,
1121 4020 1588 4095 dissentiente
1639 4019 1979 4115 paroch0‚
2020 4022 2303 4096 tradere
2342 4030 2711 4115 nequeunt
2764 4022 3018 4097 eadem
3055 4023 3263 4109 hora,

594 4153 735 4226 qua
774 4133 1078 4206 traditur
1129 4132 1202 4205 in
1255 4132 1617 4223 parochia.
1675 4129 1762 4204 In
1802 4133 2221 4207 Florentino
2265 4134 2402 4208 diei
2457 4135 2577 4208 30.
2619 4132 2826 4208 Mart.
2876 4135 3084 4208 1726.
3134 4133 3273 4206 du-

589 4246 790 4320 bium
844 4245 1242 4320 discussum
1295 4252 1444 4318 est:
1508 4265 1545 4313 ‹
1581 4243 1682 4318 An
1736 4241 2168 4339 (presbyteri
2222 4243 2610 4342 Missionis)
2663 4248 2940 4340 possint
2990 4246 3268 4320 ibidem

593 4386 632 4428 ›
672 4361 1131 4433 Sacramenta
1168 4356 1658 4431 Poenitentiae
1694 4363 1768 4431 et
1800 4355 2292 4431 Eucharistiae
2330 4359 2829 4432 administrare
2875 4367 2948 4431 et
2998 4359 3271 4431 doctri-

596 4496 634 4541 »
671 4491 837 4543 nam
894 4471 1156 4559 facere,
1214 4469 1746 4544 contradicente
1797 4470 2109 4565 parocho
2145 4471 2218 4543 in
2273 4465 2484 4544 casu?
2517 4497 2555 4540 ι»
2609 4468 2682 4544 S.
2721 4468 2797 4543 C.
2839 4471 3258 4563 respondit:

595 4605 634 4650 ‹
679 4582 1134 4675 Affirmative,
1192 4583 1575 4655 dummodo
1625 4584 1949 4658 doctrina
2004 4584 2390 4659 christiana
2446 4603 2592 4658 non
2641 4584 2769 4657 fiat
2821 4585 2894 4658 in
2934 4584 3142 4676 hora,
3188 4586 3269 4656 in

595 4717 634 4764 »
676 4713 820 4786 qua
873 4694 951 4767 fit
1003 4696 1077 4768 in
1130 4694 1492 4787 parochia.
1533 4719 1569 4763 ›
