3497 5235
1027 317 1147 394 0⁸1».
1176 315 1271 376 111.
1311 315 1382 374 De
1423 286 1558 373 clero
1598 309 1870 371 mouisti.
1912 309 1967 385 ἓ.
1994 310 2069 368 11.
2765 302 2882 365 447

236 482 267 525 ›
300 473 550 546 scopus
598 452 857 526 diebus
909 451 1182 526 festivis
1234 450 1593 542 applicare
1646 447 1908 521 debeat
1962 465 2089 538 pro
2141 443 2392 516 ovibus
2444 442 2620 531 suis,
2663 458 2887 531 quae-

232 593 267 638 »
297 568 501 655 ritur,
559 583 653 638 an
705 561 1061 656 Episcopo
1115 564 1309 636 hisce
1347 561 1601 635 diebus
1655 559 2159 653 pontificaliter
2195 556 2630 644 celebrante,
2674 572 2889 626 cano-

232 705 263 748 »
298 679 435 751 nici
486 676 803 749 debeant
856 673 1147 748 Missam
1184 675 1732 749 conventualem
1784 690 1909 764 pro
1945 669 2527 744 benefactoribus
2561 676 2882 757 cantare,

232 817 266 860 ν
300 799 367 863 et
419 782 760 880 quando?
830 789 951 860 22.
1008 785 1343 879 Episcopi
1394 792 1829 860 tenenturne
1881 784 1971 856 ad
2025 783 2583 875 applicationem
2634 779 2890 853 Missae

235 930 266 973 ι
301 921 422 994 pro
475 899 730 973 ovibus
780 907 941 992 post
993 901 1331 991 adeptam
1383 899 1932 990 possessionem,
1975 917 2069 969 an
2106 897 2349 970 statim
2386 913 2468 967 ac
2502 894 2710 968 electi
2746 895 2891 966 sint

235 1041 269 1084 ν
305 1015 376 1086 in
412 1007 872 1087 consistorio?
910 1013 1034 1084 23.
1059 1008 1317 1084 Vicarii
1346 1000 1789 1104 Capitulares
1823 1016 2257 1083 tenenturne
2294 1007 2386 1080 ad
2421 1008 2608 1080 hanc
2636 1003 2891 1080 Missae

237 1154 269 1200 ›
307 1127 886 1220 applicationem,
927 1123 1096 1197 sede
1133 1133 1431 1199 vacante
1450 1119 1480 1193 ’Ξ
1521 1149 1559 1193 ›
1615 1122 1771 1195 Er‘ni
1809 1120 2055 1195 Patres
2091 1122 2652 1213 rescripserunt:
2714 1143 2751 1187 «
2790 1118 2892 1193 Ad

238 1266 272 1310 ›
305 1239 427 1312 20.
468 1234 1119 1326 Hebdomadarius,
1174 1237 1285 1309 vel
1337 1238 1423 1326 iS,
1462 1238 1577 1311 cui
1614 1254 1798 1309 onus
1832 1237 2023 1307 inest
2074 1230 2330 1306 Missae
2367 1232 2886 1323 conventualiS,

239 1351 506 1423 »illam
559 1349 872 1423 celebret
924 1349 1178 1423 lectam
1231 1351 1344 1422 vel
1398 1355 1607 1439 ante,
1663 1349 1775 1421 vel
1830 1355 1989 1442 post
2038 1344 2328 1419 Missam
2380 1344 2889 1438 pontificalem.

242 1489 274 1531 »
308 1462 416 1536 Ad
469 1463 590 1535 22.
632 1459 798 1534 Post
850 1461 1189 1554 adeptam
1239 1463 1789 1554 possessionem.
1848 1461 1953 1532 Ad
2006 1461 2126 1533 23.
2167 1456 2538 1551 Negative.
2578 1485 2615 1527 »

373 1576 547 1646 352.
591 1575 678 1647 At
728 1590 919 1663 vero,
958 1575 1018 1645 si
1058 1581 1311 1666 agatur
1364 1574 1451 1646 de
1503 1574 1704 1662 locis,
1754 1572 1878 1646 ubi
1932 1569 2355 1646 Missionarii
2408 1569 2604 1643 Fidei
2641 1590 2899 1664 propa-

238 1689 508 1781 gandae
561 1686 673 1758 vel
722 1686 1039 1758 tuendae
1084 1704 1372 1777 operam
1430 1694 1724 1775 navant,
1790 1708 1826 1753 ‹
1865 1702 2099 1775 neque
2135 1681 2449 1757 Vicarios
2484 1682 2893 1773 GeneraleS,

236 1818 466 1891 neque
500 1796 961 1871 Coadiutores
995 1793 1255 1871 Vicarii
1297 1799 1701 1891 Apostolici,
1746 1800 1847 1871 uti
1888 1817 2019 1872 nec
2054 1800 2288 1889 ipsum
2327 1793 2681 1871 Vicarium
2722 1797 2903 1890 Apo-

233 1913 563 1986 stolicum
614 1910 759 1982 ulla
812 1911 1043 1982 teneri
1094 1909 1532 2004 obligatione
1603 1911 2015 2004 applicandi
2068 1908 2359 1984 Missam
2425 1930 2554 2003 pro
2605 1912 2907 2009 populo„

237 2025 350 2098 cui
400 2023 785 2116 praedictis
838 2023 1068 2095 titulis
1108 2032 1480 2116 praesunt,
1522 2024 1643 2096 sed
1684 2042 1772 2096 ex
1808 2024 2156 2096 charitate
2193 2031 2479 2097 tantum
2513 2025 2586 2096 id
2623 2024 2897 2113 decere,

240 2137 314 2210 S.
354 2134 430 2209 C.
488 2136 577 2208 de
629 2132 837 2227 Prop.
893 2132 1067 2210 Fide
1118 2135 1407 2211 decreto
1476 2138 1647 2209 anni
1708 2138 1922 2211 1803.
1981 2137 2343 2231 rescripsit
2392 2133 2667 2209 Vicario
2726 2136 2907 2229 Apo-

240 2249 491 2322 stolico
540 2242 840 2319 'I'onkini
895 2248 1383 2338 occidentaliS,
1439 2249 1661 2323 veluti
1712 2256 1996 2325 constat
2047 2268 2133 2323 ex
2168 2257 2337 2323 nota
2375 2249 2665 2322 archivii
2720 2250 2910 2322 eius-

236 2361 403 2435 dem
438 2362 511 2434 S.
553 2356 628 2431 C.
669 2358 881 2433 Conc.
924 2361 998 2432 in
1032 2362 1319 2434 Dublin.
1355 2362 1662 2435 Dubium
1696 2363 1958 2438 Missae
2004 2382 2134 2455 pro
2175 2382 2341 2455 pop.
2382 2364 2453 2436 2.
2490 2359 2653 2436 Iun.
2688 2364 2904 2437 1860.

228 2493 359 2567 per
416 2475 612 2547 Sum.
659 2491 857 2565 pree.
912 2470 986 2568 ἓ.
1029 2473 1321 2546 Eadem.
1379 2469 1592 2546 Ratio
1645 2484 1888 2549 autem
1941 2471 2073 2571 (ita
2125 2475 2311 2548 idem
2364 2472 2643 2570 solium)
2696 2476 2913 2549 huius

236 2585 769 2679 responsiouiS,
827 2585 902 2658 in
955 2593 1310 2676 quantum
1364 2606 1451 2660 ex
1504 2586 1798 2662 relativa
1851 2589 2204 2681 positione
2253 2589 2575 2682 depromi
2643 2596 2906 2683 potest,

234 2698 419 2773 baec
469 2706 605 2787 est,
663 2698 853 2790 quod
906 2689 1168 2772 Vicarii
1220 2697 1604 2792 Apostolici
1658 2720 1804 2773 non
1855 2701 2002 2773 sint
2054 2721 2217 2776 vere
2269 2699 2655 2774 ordinarii.

390 2810 561 2883 353.
601 2807 795 2883 Circa
829 2807 1192 2884 Praelatos
1225 2812 1588 2904 regulares
1615 2830 1838 2904 penes
1871 2814 1944 2886 S.
1972 2811 2047 2885 C.
2072 2811 2147 2885 C.
2174 2814 2290 2887 die
2323 2816 2437 2886 15.
2462 2811 2670 2887 Mart.
2695 2814 2908 2885 1710.

238 2922 551 2996 dubium
601 2923 952 3015 agitatum
986 2930 1138 2996 est:
1202 2945 1238 2990 ‹
1276 2922 1380 2997 An
1431 2920 1509 2994 P.
1551 2921 1922 2999 Generalis
1972 2921 2226 2998 Ordin.
2264 2922 2504 2998 Erem.
2562 2923 2636 2998 S.
2679 2924 2919 3016 Augu-

245 3062 285 3107 »
324 3036 527 3125 stini,
582 3031 906 3108 Vicarius
963 3031 1359 3126 Generalis,
1416 3055 1501 3108 ac
1552 3054 1801 3111 omnes
1851 3045 1922 3111 et
1973 3038 2236 3131 singuli
2287 3035 2792 3125 Provinciales,
2836 3031 2935 3108 ac'

247 3175 285 3216 ι
325 3146 635 3237 PrioreS,
693 3166 822 3222 seu
874 3146 1286 3240 Superiores
1322 3148 1583 3222 locales
1619 3157 1690 3223 et
1728 3151 2237 3224 conventuales
2273 3149 2593 3224 eiusdem
2631 3146 2921 3221 Ordinis

244 3287 285 3328 »
329 3266 717 3335 teneantur
764 3260 1193 3335 sacrificium
1243 3257 1500 3334 Missae
1552 3261 1983 3352 parochialis
2032 3281 2160 3336 seu
2212 3263 2589 3356 pastoralis
2643 3281 2771 3354 pro
2805 3278 2925 3333 eo-

243 3398 286 3442 »
326 3390 490 3444 rum
539 3371 820 3460 ovibuS‚
876 3373 1144 3446 scilicet
1195 3392 1321 3466 pro
1374 3392 1619 3448 eorum
1669 3374 2118 3468 regularibus
2188 3375 2496 3449 subditis
2548 3374 2799 3448 offerre
2853 3379 2926 3448 et

245 3510 286 3551 »
330 3478 815 3575 applicare‘ss»
872 3481 1194 3558 Iamvero
1245 3484 1319 3559 S.
1361 3484 1578 3580 Cong.
1638 3487 2144 3560 resolutionem
2196 3487 2501 3577 distulit,
2561 3487 2655 3561 ad
2706 3504 2925 3578 quam

244 3595 387 3692 (ita
439 3591 710 3668 Girald.
768 3596 886 3669 Ius
940 3597 1151 3670 Pont.
1195 3597 1283 3669 P.
1328 3598 1426 3670 ΙΙ.
1469 3605 1634 3671 sect.
1675 3598 1797 3672 85.
1846 3620 1926 3692 p.
1970 3597 2180 3695 925.)
2239 3622 2275 3667 ‹
2315 3619 2709 3691 numquam
2780 3616 2929 3670 am-

246 3733 287 3774 »
332 3707 523 3799 plius
559 3707 881 3781 devenit:
940 3708 1148 3783 factis
1181 3710 1371 3782 enim
1410 3710 2050 3802 perquisitionibus
2102 3721 2257 3787 tum
2294 3734 2333 3784 a
2371 3731 2482 3785 me
2521 3714 2595 3784 in
2629 3712 2930 3803 regestis

245 3846 290 3888 ›
334 3822 409 3894 S.
452 3818 526 3892 C.
569 3819 679 3911 C.,
734 3828 890 3895 tum
942 3842 983 3894 a
1036 3823 1375 3895 moderno
1426 3821 1505 3895 P.
1545 3821 2008 3898 Procuratore
2052 3821 2381 3898 Generali
2435 3823 2509 3898 S.
2551 3824 2929 3916 Augustini

246 3959 291 4001 ›
338 3933 415 4005 in
466 3952 595 4006 suo
647 3934 987 4024 archiviO,
1028 3934 1310 4007 nullum
1346 3942 1709 4028 repertum
1743 3943 1851 4011 est
1892 3945 2437 4010 monumentum
2488 3936 2702 4009 datae
2738 3953 2932 4008 reso-

249 4072 294 4114 »
339 4045 664 4119 lutioniS.
708 4040 794 4119 In
829 4045 1267 4121 bibliotheca
1303 4054 1546 4121 tamen
1577 4046 1913 4141 Angelica
1950 4067 2173 4141 penes
2211 4047 2651 4121 Conventum
2688 4047 2932 4119 Sancti

245 4186 293 4229 ιν
340 4158 722 4252 Augustini
775 4159 865 4232 de
919 4156 1108 4232 Urbe
1161 4164 1620 4232 asservantur
1661 4161 2160 4252 responsiones
2196 4161 2287 4232 ad
2324 4160 2590 4232 dictum
2629 4156 2931 4230 dubium

243 4297 297 4339 2
339 4277 590 4343 contra
643 4277 1171 4363 procuratorem
1210 4272 1605 4362 fiscalem‚›
1662 4273 1786 4361 qui
1824 4278 2101 4363 partem
2138 4270 2635 4343 affirmativam
2685 4275 2932 4342 contra

233 4384 663 4481 Regulares
713 4386 1247 4481 propugnabat.

409 4499 582 4573 354.
644 4499 969 4573 Secundo
1025 4500 1178 4574 loco
1231 4504 1569 4571 tenentur
1618 4495 1938 4590 parochi,
1994 4496 2118 4586 qui
2177 4494 2506 4568 videlicet
2556 4493 2813 4566 habitu
2865 4499 2937 4567 et

224 4620 432 4689 actu
468 4631 711 4686 curam
747 4613 1150 4686 animarum
1187 4616 1546 4702 exercent,
1587 4613 1800 4703 prout
1851 4627 1939 4683 ex
1984 4607 2098 4700 iis,
2137 4626 2323 4700 quae
2359 4606 2712 4682 hactenus
2745 4607 2953 4681 dicta

218 4732 467 4817 sunt,
520 4725 923 4801 luculenter
976 4730 1301 4818 apparet.
2633 4710 2637 4714 ’
