3497 5235
511 296 593 361 2ss
1320 303 1392 363 Do
1429 302 1730 364 visitatione
1771 303 2036 364 Scotorum
2072 304 2334 365 Liuiam

511 431 735 507 lorum
787 431 1186 508 Liminibus
1235 436 1747 512 observandam
1800 440 2088 531 obligati
2135 440 2681 534 comperiantur,
2736 459 2779 511 a
2825 440 2981 533 lege
3034 439 3140 515 Si-

510 547 711 619 xtina
764 537 1225 622 communiter
1276 551 1623 625 immunes
1658 553 1854 626 abire
1889 554 2238 627 solebant.
2289 551 2472 625 Huic
2508 554 2946 627 incommodo
2980 574 3142 648 pro-

510 656 687 729 vidit
753 678 813 731 5.
874 679 968 731 m.
1026 658 1556 752 Bened.X1V.;
1612 682 1772 737 cum
1824 667 2013 739 enim
2067 666 2528 757 incongruum
2580 666 2809 739 eidem
2859 684 3142 759 semper

511 767 736 842 visum
790 769 1081 859 fuisset,
1137 772 1539 846 huiusmodi
1606 772 1964 848 Praelatos
2017 776 2452 867 Apostolicae
2517 775 2680 849 Sedi
2731 777 3136 851 immediate

510 878 863 951 subiectos
912 882 1229 956 debitum
1296 901 1462 975 erga
1529 886 1753 977 ipsam
1808 886 2255 959 obedientiae
2323 894 2394 959 et
2454 887 2778 979 obsequii
2828 888 3136 963 officium

509 1006 709 1061 sacra
772 988 1048 1065 Limina
1109 994 1487 1084 visitando,
1544 1004 1614 1070 et
1664 997 2119 1070 ecclesiarum
2173 997 2637 1071 abbatialium
2707 1006 2967 1073 statum
3028 1019 3139 1073 re-

510 1098 798 1174 ferendo
851 1104 1137 1176 minime
1186 1113 1572 1195 praestare,
1627 1107 1751 1178 ubi
1787 1109 2090 1199 primum
2128 1108 2218 1178 ad
2253 1127 2601 1181 summum
2637 1107 3133 1185 Pontificatum

507 1213 853 1301 ascendit,
893 1214 1008 1286 die
1042 1215 1163 1286 25.
1195 1213 1369 1287 Nov.
1405 1236 1525 1289 an.
1561 1216 1774 1289 1740.
1806 1215 2389 1290 Constitutionem
2425 1219 2647 1291 edidit
2682 1221 2898 1311 incip.
2937 1218 3135 1305 Quod

506 1330 783 1413 sancta,
838 1320 1053 1417 (quae
1106 1327 1377 1418 integra
1429 1326 1726 1400 refertur
1778 1329 1851 1400 in
1905 1329 2258 1401 volumine
2294 1325 2428 1401 111.
2471 1331 2604 1403 sub
2642 1351 2839 1406 num.
2880 1334 3017 1430 2.),
3058 1334 3134 1407 in

507 1454 649 1526 qua
681 1446 1133 1513 memoratam
1161 1438 1336 1513 Sixti
1363 1438 1447 1513 V.
1477 1439 2063 1515 Constitutionem
2100 1461 2185 1515 ex
2211 1442 2398 1514 omni
2430 1448 2628 1533 parte
2657 1444 3125 1516 confirmavit.

514 1553 814 1646 Insuper
866 1555 1091 1645 legem
1142 1552 1275 1624 hac
1326 1553 1412 1625 de
1464 1573 1538 1626 re
1590 1554 1852 1627 ibidem
1904 1559 2248 1631 sancitam
2300 1561 2616 1632 extendit
2668 1562 2758 1633 ad
2794 1561 3135 1651 AbbateS,

513 1667 829 1755 aliosque
880 1664 1240 1737 inferiores
1292 1660 1647 1737 Praelatos
1700 1668 2250 1741 iurisdictionem
2304 1672 3010 1764 quasi-episcopalem
3057 1694 3142 1749 ac

512 1779 937 1851 territorium
987 1782 1392 1867 separatum
1442 1775 1817 1867 babentes;
1875 1780 2170 1872 ideoque
2225 1783 2308 1853 iis
2344 1784 2435 1855 ad
2472 1802 2785 1857 normam
2825 1786 3141 1859 eiusdem

514 1891 829 1964 Sixtinae
878 1886 1411 1962 constitutionis
1462 1896 1650 1961 certa
1703 1897 2094 1983 temporum
2146 1894 2373 1983 spatia
2414 1895 2840 1986 praefinivit,
2883 1897 3146 1988 quibus

513 2001 774 2091 singuli
826 1999 935 2072 vel
986 2018 1111 2089 per
1159 1998 1451 2089 seipsos,
1508 2000 1617 2071 vel
1667 2020 1792 2091 per
1841 2010 2066 2075 certos
2102 2003 2387 2075 idoneos
2422 2012 2907 2095 procuratores
2943 2026 3146 2081 sacra

517 2112 1002 2204 Apostolorum
1058 2109 1335 2183 Limina
1386 2109 1697 2199 visitare,
1753 2117 1825 2184 et
1889 2113 2296 2185 relationem
2364 2133 2648 2187 suarum
2719 2116 3147 2190 dioecesium

514 2223 847 2296 exhibere
899 2229 1336 2295 tenerentur.
1394 2217 1704 2293 Tandem
1758 2224 2133 2296 iuramenti
2186 2244 2466 2316 quoque
2521 2227 2888 2300 formulam
2943 2247 3151 2321 prae-

515 2335 824 2426 scripsit,
884 2352 1027 2424 qua
1080 2333 1355 2405 illorum
1409 2332 1735 2423 quilibet,
1794 2334 1959 2406 dum
2014 2335 2104 2407 ad
2154 2334 2558 2409 huiusmodi
2601 2338 3042 2427 praelaturas
3078 2345 3150 2411 et

517 2447 902 2539 dignitates
955 2451 1556 2539 promoverentur,
1614 2443 1704 2515 ad
1741 2446 2179 2535 praedictum
2215 2465 2393 2519 onus
2429 2448 2961 2542 adimplendum
2995 2467 3149 2522 sese

518 2556 942 2632 sacramenti
992 2555 1131 2628 fide
1183 2554 1491 2628 debeant
1540 2554 2002 2647 obstringere.

665 2670 785 2741 58.
829 2665 1355 2756 Nonnunquam
1407 2668 1806 2756 quaesitum
1859 2675 1993 2758 est,
2048 2688 2140 2741 an
2192 2669 2495 2742 officium
2553 2670 2882 2742 visitandi
2934 2668 3148 2743 Limi-

519 2781 641 2869 na,
696 2788 769 2853 et
818 2779 1166 2852 referendi
1218 2785 1446 2851 status
1509 2779 1844 2852 ecclesiae
1917 2781 2354 2855 incumberet
2417 2779 2829 2873 Episcopis,
2887 2780 3150 2871 quibus

523 2893 885 2966 coadiutor
935 2891 1026 2963 ab
1087 2889 1479 2981 Apostolica
1532 2890 1710 2963 Sede
1762 2891 1973 2964 datus
2024 2891 2294 2966 fuisset.
2354 2893 2490 2965 Sed
2542 2893 2896 2964 enimvero
2948 2893 3152 2964 Sum-

526 3024 682 3077 mus
735 3001 1053 3076 Pontifex
1104 3001 1425 3074 Clemens
1460 2997 1655 3073 VIII.
1697 3003 1813 3075 die
1847 3004 1966 3074 25.
2009 3001 2215 3075 Febr.
2263 3005 2473 3075 1592.
2531 3002 2919 3096 respondit,
2976 3003 3150 3074 satis

531 3134 711 3205 esse,
767 3122 845 3189 ut
895 3116 1006 3188 vel
1058 3111 1448 3206 Episcopus
1501 3114 1674 3204 ipse,
1734 3113 1840 3184 vel
1892 3114 2253 3186 coadiutor
2312 3114 2503 3186 illius
2564 3114 2849 3185 nomine
2916 3113 3159 3185 visita-

526 3232 785 3302 tionem
840 3227 1152 3318 expleret
1203 3231 1273 3297 et
1321 3224 1729 3296 relationem
1784 3230 2012 3297 status
2063 3224 2399 3298 ecclesiae
2466 3224 2991 3316 suppeditaret,
3049 3223 3156 3295 id·

527 3344 925 3429 que,·teste
959 3334 1226 3410 Bened.
1267 3331 1457 3406 XIV.
1499 3330 1669 3430 (loc.
1702 3337 1822 3409 cit.
1857 3354 1933 3407 n.
1972 3332 2090 3431 5.)
2140 3336 2440 3408 relatum
2492 3335 2624 3408 fuit
2673 3336 2747 3407 in
2785 3342 2942 3409 acta
2980 3337 3051 3407 S.
3076 3332 3149 3409 C.

524 3446 815 3522 Concilii
868 3445 906 3542 (
911 3448 1030 3520 lib.
1065 3446 1184 3520 73.
1231 3448 1536 3541 Supplic.
1578 3449 1904 3522 Libellor.
1940 3469 2106 3542 paq.
2137 3447 2332 3542 28.).

676 3560 796 3632 59.
836 3555 1274 3651 Quandoque
1326 3560 1489 3632 olim
1541 3561 1933 3650 accidebat,
1992 3568 2070 3633 ut
2117 3561 2354 3653 regius
2404 3558 2662 3650 aliquis
2711 3554 3046 3649 Princeps
3082 3557 3157 3629 in

526 3672 837 3764 legitima
895 3678 1129 3745 aetate
1177 3672 1493 3745 nondum
1545 3673 1971 3746 constitutus
2022 3671 2345 3745 nonnulli
2416 3670 2752 3742 ecclesiae
2817 3667 3156 3760 praefice-

531 3790 751 3871 retur,
807 3800 1091 3874 unaque
1143 3782 1371 3856 eidem
1422 3789 1657 3856 certus
1707 3784 2235 3857 administrator
2285 3783 2820 3868 adscisceretur,
2875 3797 3016 3870 quo
3052 3796 3162 3851 re-

536 3897 735 3968 ctiori
785 3896 1125 3968 dioecesis
1175 3895 1496 3986 regimini
1549 3896 1949 3967 consultum
2002 3895 2202 3967 foret.
2268 3893 2566 3985 Itaque,
2622 3892 2866 3965 oborta
2943 3888 3158 3962 dubi-

535 4011 828 4097 tatione,
884 4029 974 4081 an
1030 4007 1163 4080 iste
1214 4007 1303 4079 ad
1357 4008 1701 4078 Sixtinam
1737 4008 1963 4098 legem
2002 4007 2427 4097 adigeretur,
2467 4006 2541 4076 S.
2581 4001 2654 4075 C.
2695 4001 2937 4091 Conc.,
2978 4007 3158 4073 teste

531 4116 800 4191 Bened.
847 4116 1029 4192 XIV.
1073 4113 1248 4215 (loc.
1279 4117 1398 4190 cit.
1402 4112 1478 4213 ),
1513 4118 1626 4189 die
1667 4119 1782 4190 13.
1822 4117 1994 4208 Aug.
2033 4118 2242 4190 1622.
2284 4115 2672 4207 respondit,
2712 4113 3166 4186 administra-

536 4234 758 4301 torem
811 4237 953 4302 tam
1006 4229 1284 4320 proprio
1336 4228 1665 4317 nomine,
1721 4247 1936 4320 quam
1989 4228 2327 4322 principis
2385 4224 2716 4320 Episcopi
2784 4224 2951 4297 huic
3021 4223 3161 4316 legi

539 4339 943 4413 satisfacere
995 4341 1280 4413 debere.

570 4501 580 4515 .
682 4453 799 4524 60.
840 4448 993 4524 Nun
1046 4453 1248 4543 pauci
1303 4457 1585 4525 exstant
1634 4450 1962 4546 Episcopi
2015 4453 2334 4526 titulares
2385 4452 2457 4522 in
2518 4449 2841 4543 partibus
2912 4446 3167 4521 infide·

536 4562 739 4652 lium,
796 4582 980 4655 quae
1033 4582 1285 4656 nempe
1335 4563 1426 4636 ab
1481 4565 1888 4638 infidelibus
1940 4573 2321 4656 occupatae
2371 4571 2565 4636 sunt.
2605 4558 2835 4634 Hosce
2872 4559 3168 4632 Antisti-

536 4681 645 4753 tes
694 4673 965 4750 Sixtina
1014 4678 1376 4749 sanctione
1449 4677 1668 4749 teneri
1740 4683 1954 4771 negat
2007 4675 2480 4749 Andreuccius
2547 4669 3014 4768 (Hierarchia
3064 4689 3179 4748 ec-

2759 4809 2830 4818 ‘—
