3497 5235
559 278 679 342 300
1327 276 1696 336 humationi·
1736 277 1791 336 8.
1818 277 2001 353 congr.
2030 277 2177 336 Οοιιο.
2217 276 2491 353 expositio.

711 414 831 486 54.
896 408 1150 483 <Hine
1200 412 1521 483 saniores
1573 430 1934 484 sacrorum
1989 429 2346 483 canonum
2400 412 2823 502 interpretes
2874 429 3131 483 omnes
3163 410 3227 483 id

564 552 602 598 >
644 545 874 600 unum
909 544 1221 615 sensere,
1257 527 1550 600 elericos
1584 527 1734 598 sive
1770 527 2151 599 canonicos
2187 526 2512 599 infirmos
2547 528 2648 599 ita
2683 527 2896 599 ehoro
2932 526 3243 618 legitime*

569 665 608 709 ›
650 638 899 711 abesse
950 655 1202 729 posse,
1259 657 1401 729 quo
1459 646 1777 728 tempore
1837 638 2262 709 infirmitate
2328 646 2705 728 vexantur,
2774 645 2851 711 ut
2912 637 3236 710 omnibus

573 776 613 821 ›
654 750 1158 822 emolumentis
1196 751 1404 841 potiri
1443 749 1784 837 debeant,
1826 749 2090 839 quibus
2129 750 2174 819 ii
2214 747 2574 837 fruuntur,
2617 752 2740 840 qui
2778 750 3062 823 ohorale
3103 767 3238 820 ser-

576 887 614 933 »
654 863 907 934 vitium
959 867 1125 934 actu
1177 862 1495 933 obeunt:
1569 860 1875 950 ideoque
1930 878 2072 931 non
2125 859 2400 933 fruetus
2453 880 2733 933 annuos
2785 880 2911 934 seu
2967 878 3234 952 grossos

574 999 612 1042 ›
655 973 1177 1061 tantummode,
1235 974 1362 1045 sed
1415 980 1485 1045 et
1538 973 1996 1062 quotidianos
2064 978 2134 1043 et
2186 973 2649 1061 quotidianas
2702 972 3236 1045 distributiones

575 1109 615 1153 »
653 1087 1048 1176 percipere,
1089 1084 1312 1157 veluti
1351 1103 1434 1156 ae
1468 1086 1526 1156 si
1565 1088 1981 1175 praesentes
2016 1102 2091 1155 se
2129 1083 2343 1155 choro
2381 1085 2833 1158 exhiberent.
2867 1083 3236 1180 (Barbosa,

574 1221 613 1263 ι»
654 1193 931 1286 Garoia‚
955 1194 1328 1285 GonzaleS,
1349 1195 1724 1268 Moneta...
1754 1216 1836 1269 ae
1865 1197 2150 1268 demum
2177 1192 2450 1268 Bened.
2470 1194 2860 1270 xlv.1nst.
2884 1196 3053 1269 eccl.
3078 1193 3236 1268 107.

572 1334 610 1377 ›
652 1329 728 1381 n.
760 1308 882 1382 46.
924 1315 988 1381 et
1025 1304 1231 1403 seq.);
1289 1311 1463 1399 quin
1517 1309 1686 1396 imo,
1724 1313 2041 1380 testante
2073 1307 2209 1382 hoo
2244 1304 2616 1397 Pontifiee,
2659 1309 2784 1398 qui
2819 1307 2909 1380 ob
2948 1306 3243 1379 infirmi-

572 1445 610 1488 »
652 1426 876 1494 tatem
915 1420 1182 1493 absunt
1219 1442 1260 1492 a
1294 1421 1582 1492 servitio
1634 1420 1857 1508 ebori,
1900 1438 2042 1490 non
2094 1419 2304 1491 modo
2350 1422 2719 1511 percipere
2772 1420 3038 1494 debere
3078 1437 3246 1510 quo·

572 1556 610 1602 >
650 1532 965 1604 tidianas
1000 1532 1541 1604 distributiones
1576 1533 1688 1603 sui
1725 1533 2219 1619 canonicatuS,
2264 1532 2563 1622 perinde
2601 1552 2685 1605 ao
2719 1533 2780 1604 si
2815 1534 3021 1605 statis
3058 1531 3244 1604 horis

572 1668 610 1711 ›
651 1646 1112 1733 interessent,
1146 1662 1390 1716 verum
1418 1645 1636 1715 etiam
1671 1650 2137 1734 augmentum
2174 1644 2792 1732 distributionum,
2826 1663 3006 1734 quas
3044 1644 3245 1715 amit-

575 1780 611 1826 »
654 1762 820 1828 tunt
854 1755 988 1843 illi,
1030 1756 1155 1844 qui
1191 1755 1454 1827 divinis
1488 1773 1634 1826 non
1671 1753 2179 1843 interfuerunt,
2218 1755 2459 1827 sanxit
2495 1774 2699 1829 saera
2734 1756 2913 1828 haee
2946 1754 3244 1847 Congre-

575 1892 611 1938 ›
657 1869 846 1959 gatio
899 1868 975 1938 in
1039 1867 1410 1939 Viterbien.
1469 1868 1588 1939 26.
1635 1867 1815 1958 Aug.
1865 1868 2111 1954 1621„
2154 1869 2497 1940 Aeernen.
2562 1869 2679 1938 14.
2737 1864 2944 1940 Mart.
2994 1869 3237 1954 1739.‚

573 2006 612 2050 ›
653 1980 1018 2071 Aquilana
1044 1978 1318 2051 Indulti
1360 1978 1476 2049 16.
1509 1975 1674 2051 Iun.
1713 1980 1964 2070 1745„
2004 1981 2313 2052 Tranen.
2351 1980 2579 2053 Distr.
2617 1981 2732 2052 12.
2765 1978 2964 2071 Sept.
2993 1975 3237 2067 1750„

576 2118 614 2161 ›
663 2093 1068 2166 Cremonen.
1112 2090 1351 2162 Indul.
1397 2091 1512 2161 12.
1557 2087 1696 2163 Iul.
1741 2092 1960 2164 1760.
2018 2091 2323 2181 aliisque
2374 2090 2971 2182 quamplurimis;
3030 2102 3239 2183 atque

581 2230 619 2276 »
659 2206 848 2276 hane
900 2221 1076 2274 sane
1127 2203 1446 2293 regulam
1498 2206 1766 2276 servari
1819 2205 2042 2276 voluit
2093 2207 2337 2293 etiam,
2392 2205 2452 2275 si
2507 2205 2581 2275 in
2635 2204 2877 2295 aliquo
2921 2203 3236 2296 Capitulo

576 2341 616 2386 ›
658 2320 1010 2389 statutum
1079 2313 1348 2405 vigeret
1399 2316 1942 2388 distributiones
1995 2316 2455 2405 quotidianas
2521 2316 2823 2388 infirmis
2885 2315 3237 2388 canonicis

577 2452 617 2497 ›
659 2424 1084 2498 absentibus
1137 2443 1280 2496 non
1334 2426 1756 2517 elargiendi,
1816 2433 2168 2499 statutum
2221 2426 2409 2499 idem
2456 2426 2677 2499 veluti
2732 2426 3237 2514 irrationabile,

576 2562 614 2608 »
651 2535 1162 2627 Ecclesiaeque
1212 2536 1402 2610 bono
1455 2539 1889 2611 eontrarium
1927 2540 2217 2632 penitus
2254 2539 2640 2632 abrogans.
2683 2537 3040 2637 (Fagnan.
3076 2540 3233 2632 Cap.

575 2677 613 2720 »
652 2649 897 2723 Cetero
934 2651 1017 2722 de
1052 2652 1219 2723 cler.
1263 2671 1403 2723 non
1441 2671 1577 2724 res.
1620 2673 1693 2724 n.
1741 2646 1948 2745 438.)
1981 2676 2018 2720 »
2055 2648 2473 2725 Notandum
2524 2670 2711 2740 ver0,
2754 2653 2950 2743 quod
2998 2652 3240 2723 huius-

576 2764 765 2835 modi
826 2761 1150 2834 doetrina
1209 2762 1709 2834 limitationem
1768 2766 2088 2854 patiatur
2147 2764 2347 2836 iuxta
2401 2783 2513 2853 ea,
2572 2782 2759 2854 quae
2815 2764 3032 2853 paulo
3089 2767 3237 2855 post

572 2896 647 2947 n.
692 2874 815 2948 59.
873 2881 939 2947 et
993 2873 1112 2947 60.
1171 2873 1741 2946 enucleabimuS.

723 2985 841 3056 55.
905 3008 942 3051 ‹
979 2982 1233 3056 Verum
1290 2992 1368 3057 ut
1420 2985 1727 3074 quilibet
1778 2986 1926 3059 sive
1961 2986 2491 3077 beneficiariuS,
2533 2990 2681 3063 sive
2718 2988 3101 3059 eanonicus
3134 2987 3237 3056 in·

575 3123 613 3166 »
652 3098 901 3169 firmus
963 3098 1099 3171 hoe
1166 3099 1458 3191 speciali
1528 3118 1823 3172 munere
1890 3100 2327 3191 perfruatur,
2386 3102 2527 3173 duo
2582 3102 3228 3192 praerequiruntur,

578 3233 617 3277 ›
656 3216 737 3281 ut
791 3211 1019 3301 primo
1072 3210 1162 3282 de
1214 3211 1369 3282 eius
1421 3211 1900 3302 aegritudine,
1943 3211 2176 3302 deque
2232 3213 2744 3302 impedimento
2780 3231 2870 3284 ex
2906 3230 2991 3285 ea
3026 3212 3241 3284 dima-

576 3344 616 3388 »
655 3326 876 3392 nante
913 3321 1227 3411 legitime
1262 3327 1572 3394 constet.
1631 3319 1961 3394 Secundo
1998 3329 2077 3395 ut
2113 3329 2387 3413 pateat,
2428 3324 2787 3412 eumdem,
2836 3341 3001 3396 oum
3031 3338 3239 3393 sanus

575 3455 615 3499 »
654 3437 870 3521 esset,
911 3431 1121 3503 choro
1175 3451 1251 3504 se
1303 3433 1793 3524 praestitisse:
1838 3452 1980 3505 non
2015 3434 2208 3507 enim
2247 3436 2479 3506 omnis
2516 3434 2890 3526 aegritudo
2927 3438 3231 3519 excusat,

575 3568 613 3611 ιι
656 3561 788 3615 nee
839 3545 1071 3615 omnis
1121 3562 1427 3635 semper,
1470 3566 1634 3617 nam
1690 3547 1747 3616 si
1803 3546 1992 3635 quis,
2035 3565 2195 3618 cum
2232 3548 2541 3620 sanitate
2578 3548 2897 3628 valebat,
2926 3548 3240 3619 interesse

572 3680 610 3723 ιι
651 3655 1088 3747 neqliqebat,
1159 3661 1374 3738 tunc,
1426 3658 1556 3729 etsi
1606 3663 1943 3749 pravetur
1994 3658 2470 3749 aeqritudine,
2523 3659 3048 3732 distributiones
3107 3672 3235 3727 non

576 3790 614 3833 ›
653 3767 939 3838 obtinet.
984 3763 1130 3839 Neo
1164 3768 1264 3840 ita
1304 3767 1719 3858 frequenter
1758 3769 2149 3842 existimari
2186 3774 2489 3859 oportet,
2532 3777 2901 3859 tamquam
2942 3770 3015 3840 in
3049 3768 3238 3840 choro

574 3901 614 3946 ›
642 3885 1119 3969 praesentem,
1154 3878 1274 3971 qui
1311 3899 1379 3950 se
1413 3886 1776 3972 aeqrotum
1823 3880 2126 3970 fatetur,
2165 3879 2282 3951 sed
2316 3881 2556 3952 urbem
2594 3880 2974 3952 circu-mire
2997 3878 3236 3970 potest,

575 4013 613 4056 »
658 4007 894 4079 neque
947 3991 1172 4063 veluti
1223 4009 1561 4083 praesens
1613 3991 1863 4063 haberi
1918 3991 2161 4078 debet,
2215 3993 2338 4080 qui
2393 3990 2620 4063 morbi
2673 3991 2910 4082 speeie
2964 3991 3235 4062 domum

583 4124 621 4170 >
660 4120 863 4173 suam
904 4104 1160 4175 diurna
1198 4104 1355 4175 luce
1406 4121 1552 4176 non
1588 4103 1880 4190 deserit,
1914 4109 2265 4174 nocturno
2291 4121 2456 4174 vero
2485 4108 2802 4193 tempore
2840 4101 3236 4191 frequentes

578 4235 616 4279 1>
657 4219 899 4285 coetus
952 4215 1151 4287 adire
1202 4233 1345 4286 non
1401 4215 1676 4287 metuit.
1716 4240 1756 4282 ι»
1796 4210 2097 4306 (Bened.
2141 4210 2333 4284 XIV.
2377 4214 2507 4286 loc.
2552 4215 2670 4287 cit.
2713 4211 2789 4308 §-
2828 4209 3018 4308 47.).

721 4324 842 4395 56.
907 4349 944 4390 <c
976 4323 1290 4397 Primum
1344 4326 1435 4398 ab
1474 4326 1820 4420 probatae
1858 4327 2021 4398 fidei
2062 4325 2498 4397 medicorum
2535 4326 2788 4397 iuratis
2822 4316 3235 4397 testimoniis

582 4458 620 4501 »
661 4437 1109 4525 potissimum
1136 4440 1537 4510 eruendum
1564 4445 1701 4511 est.
1737 4434 2105 4535 (Antonel.
2140 4437 2222 4509 de
2249 4438 2459 4510 distr.
2485 4443 2675 4528 quot.
2710 4433 2968 4508 n.123.
2997 4428 3227 4515 etalii,

583 4568 621 4612 ι»
663 4562 840 4634 quos
875 4566 1090 4637 supra
1130 4550 1532 4637 citavimuS,
1574 4556 1729 4622 tum
1765 4567 1965 4621 saeer
2001 4546 2189 4621 Ordo
2226 4550 2299 4620 in
2330 4549 2635 4621 Reatina
2671 4549 2742 4620 6.
2776 4544 2983 4620 Mart.
3027 4539 3229 4615 1667.

581 4679 619 4722 »
660 4657 1020 4747 Aquilone
1074 4659 1344 4731 Indulti
1396 4661 1516 4731 26.
1562 4657 1724 4731 lun.
1776 4660 2057 4753 1745.).
