3497 5235
585 166 705 230 232
1336 118 1705 227 &motionis
1746 166 1800 226 8.
1830 167 2015 242 Oongr.
2041 168 2188 228 Gonu.
2229 170 2500 245 expositio.

590 307 673 380 de
712 311 885 398 Syn.
927 306 1143 378 dioec.
1205 305 1332 376 lib.
1379 306 1495 376 13.
1556 324 1714 396 cap.
1764 306 1831 375 1.
1891 323 1968 375 n.
2013 306 2129 378 10.
2173 313 2246 379 et
2278 326 2431 397 seq.
2471 304 2655 380 Hinc
2708 314 2843 395 est,
2900 308 3095 399 quod
3125 306 3223 380 Ca-

586 420 894 511 pitulum
949 436 1095 488 non
1147 423 1557 507 exemptum
1610 417 2246 490 constitutionibus
2316 420 2826 509 synodalibus,
2892 422 3047 492 sive
3099 421 3224 495 aliis

587 530 869 621 legibus
921 530 1136 601 etiam
1191 546 1317 619 per
1369 530 1602 600 edicta
1656 527 1747 599 ab
1801 526 2174 619 Episcopis
2242 529 2518 619 absque
2586 532 2776 603 illius
2837 533 3132 603 consilio
3176 540 3227 606 et

588 659 889 713 assensu
925 639 1462 731 promulgandis
1513 638 1767 711 subiici
1816 640 2205 713 declaravit
2255 643 2327 713 S.
2369 641 2445 715 C.
2486 640 2699 715 Conc.
2742 645 2817 714 in
2857 642 3225 717 Gerunden.

590 753 915 844 Exempt.
978 753 1094 823 19.
1139 750 1303 823 Dec.
1351 752 1566 822 1739.
1609 750 1698 822 ad
1740 751 1811 822 4.

739 865 905 936 172.
962 861 1133 934 Cum
1187 859 1583 954 Episcopus
1641 862 2036 935 Asculanus
2102 861 2468 955 Synodum
2535 865 2918 938 habiturus
2968 866 3231 940 decreta

587 975 971 1068 quaedam,
1029 994 1216 1065 quae
1269 974 1450 1046 ferre
1503 976 1999 1061 constituerat,
2056 972 2381 1066 Capitulo
2435 980 2779 1050 ecclesiae
2825 978 3233 1051 cathedralis

589 1097 660 1163 et
711 1087 1039 1182 parochis
1092 1088 1401 1159 civitatis
1448 1087 1748 1179 legenda
1786 1088 2230 1176 tradidisset,
2273 1091 2486 1161 nimis
2521 1110 2773 1182 aspera
2811 1109 2894 1163 ea
2933 1109 3087 1163 esse
3121 1092 3234 1163 rati

585 1200 876 1294 parochi
927 1217 1055 1290 per
1109 1204 1600 1289 procuratores
1651 1196 2078 1289 Episcopum
2120 1200 2479 1289 adierunt,
2514 1211 2592 1276 ut
2622 1221 2703 1274 ea
2739 1204 3231 1290 moderaretur,

586 1334 669 1385 ac
720 1311 1309 1404 protestationem
1363 1311 1437 1381 in
1491 1308 1776 1401 Synodo
1828 1312 2236 1383 ediderunt.
2294 1308 2488 1393 Quae
2541 1332 2700 1385 cum
2742 1333 3078 1406 prospere
3116 1334 3238 1386 non

585 1424 1119 1508 successissent,
1181 1422 1468 1494 demum
1520 1424 2138 1512 protestationem,
2197 1441 2341 1512 qua
2391 1424 2559 1497 cleri
2615 1432 2926 1497 mentem
2973 1424 3069 1496 ab
3108 1426 3242 1497 illo-

585 1555 744 1607 rum
798 1537 1242 1635 decretorum
1292 1533 1811 1624 approbatione
1863 1535 2175 1605 alienam
2225 1553 2382 1607 esse
2435 1536 2800 1624 dicebant,
2842 1536 3244 1608 obtulerunt
3374 1546 3375 1551 ’

586 1647 1024 1739 procuratori
1063 1646 1258 1732 cleri,
1298 1663 1525 1734 eoque
1565 1645 1752 1717 illius
1790 1649 2269 1736 receptionem
2306 1649 2569 1738 scripto
2605 1647 2809 1720 fateri
2847 1657 3237 1734 recusante,
3378 1688 3379 1711 ι

587 1777 720 1850 ope
771 1758 1042 1850 publici
1094 1757 1352 1829 notarii
1389 1758 1713 1829 eamdem
1752 1760 1824 1828 in
1863 1759 2016 1830 eius
2054 1766 2215 1830 acta
2253 1759 2763 1830 insinuandam
2799 1765 3238 1831 curaverant.

582 1868 832 1942 Moniti
872 1876 1144 1959 postea,
1187 1874 1265 1940 ut
1303 1886 1489 1958 quae
1524 1869 1953 1941 emollienda
1992 1877 2365 1960 cuperent,
2398 1870 2727 1963 specifice
2760 1870 3238 1961 indigitarent,

584 1983 754 2063 cleri
818 1988 1099 2053 tantum
1173 1981 1456 2051 nomine
1507 1991 1894 2071 expunctO,
1954 1991 2390 2055 renovarunt
2463 1984 3082 2073 protestationem.
3156 1979 3247 2054 Re

586 2095 827 2167 delata
864 2093 955 2166 ad
992 2092 1066 2164 S.
1108 2089 1215 2180 C.,
1269 2111 1429 2164 cum
1466 2095 1890 2184 rescriptum
1929 2095 2350 2184 prodiisset:
2415 2117 2451 2158 ι
2491 2093 2886 2186 Episcopus
2923 2095 3250 2185 procedat

584 2213 798 2299 prout
850 2206 937 2277 de
991 2205 1141 2276 iure
1181 2228 1250 2290 ιν,
1310 2206 1579 2275 vocatis
1631 2206 1958 2296 parochis
2010 2204 2407 2300 Episcopus
2459 2207 2796 2294 iniunxit,
2852 2213 2930 2279 ut
2969 2206 3249 2278 recolle-

587 2319 858 2391 ctiones
911 2316 1320 2406 spirituales
1387 2317 1464 2387 in
1515 2318 1863 2408 religiosis
1918 2317 2250 2389 domibus
2303 2320 2693 2407 unicuique
2763 2316 2854 2389 ab
2908 2314 3251 2407 Episcopo

586 2429 1052 2518 designandis
1114 2428 1314 2499 iuxta
1379 2428 1923 2501 instructionem
1987 2430 2303 2501 dandam
2359 2431 2769 2500 earumdem
2824 2429 3252 2500 recollectio-

585 2558 761 2611 num
815 2539 1286 2611 directoribus
1338 2540 1734 2631 explerent.
1794 2538 2274 2613 Provocarunt
2311 2540 2402 2612 ab
2440 2541 2576 2612 hoc
2611 2540 2894 2612 decreto
2930 2538 3245 2632 parochi,

586 2661 657 2726 et
713 2653 931 2725 dubio
993 2653 1393 2745 proposito:
1483 2673 1519 2719 ‹
1576 2653 1678 2723 An
1748 2653 2117 2726 decretum
2172 2654 2472 2743 poenale
2525 2651 2856 2744 Episcopi
2910 2653 3004 2724 sit
3059 2669 3253 2723 exse-

594 2789 633 2833 »
675 2759 1041 2854 quendum
1097 2766 1171 2834 in
1223 2761 1526 2835 casu21>
1584 2763 1655 2836 S.
1696 2762 1774 2835 C.
1833 2766 2236 2855 rescripsit:
2299 2786 2338 2831 ‹
2375 2764 2478 2835 Ad
2533 2770 2872 2851 mentem,
2930 2769 3001 2834 et
3056 2779 3254 2833 mens

587 2900 626 2944 ›
666 2883 799 2964 est,
857 2877 1050 2966 quod
1101 2895 1449 2966 suspenso
1503 2877 1786 2958 decreto
1841 2878 2150 2967 poenali,
2213 2896 2356 2948 una
2409 2876 2619 2948 simul
2677 2885 2745 2948 et
2798 2874 3088 2967 publice
3139 2892 3258 2964 pe-

588 3014 626 3056 »
667 2995 826 3061 tant
861 2990 1142 3060 veniam
1181 2988 1272 3059 ab
1310 2986 1687 3079 Episcopo.
1722 2990 2086 3062 Asculano
2120 2991 2241 3060 29.
2281 2989 2457 3080 Aug.
2498 2989 2746 3076 1767.;
2784 3013 2819 3055 ›
2876 2988 3007 3060 sed
3042 2987 3253 3059 huius

585 3117 846 3171 causae
899 3099 1145 3170 folium
1198 3098 1507 3170 babetur
1558 3101 1650 3172 ad
1701 3102 1889 3173 diem
1947 3101 2064 3171 11.
2110 3097 2272 3173 Iulii
2328 3100 2644 3172 eiusdem
2699 3100 2900 3171 anni.

732 3208 1126 3302 Episcopus
1179 3209 1543 3300 Aquinas,
1608 3219 1989 3303 postquam
2043 3212 2316 3283 clericis
2385 3228 2559 3282 suae
2613 3210 3016 3283 dioeceseos
3066 3208 3259 3280 banc

578 3323 812 3415 legem
867 3325 1333 3417 imposuerat,
1393 3333 1468 3397 ut
1520 3326 1902 3416 synodales
1956 3327 2504 3398 constitutiones
2558 3323 2649 3395 ab
2705 3327 2859 3414 ipso
2916 3326 2987 3395 in
3024 3325 3259 3394 lucem

584 3437 816 3508 editas
867 3436 1001 3507 sub
1056 3455 1287 3528 poena
1339 3438 1832 3529 suspensionis
1868 3444 1940 3509 ει
1975 3456 2436 3509 censurarum
2476 3442 2834 3524 emerent,
2876 3436 3258 3507 canonicos

587 3549 1020 3622 cathedralis
1071 3539 1461 3636 ecclesiae,
1516 3568 1679 3623 cum
1734 3549 1900 3621 huic
1955 3549 2294 3621 mandato
2359 3567 2498 3620 non
2563 3548 3122 3634 satisfecissent,
3182 3547 3260 3615 in

583 3662 1127 3753 suspensionem
1191 3681 1231 3732 a
1295 3661 1555 3734 divinis
1628 3663 1964 3734 incidisse
2035 3662 2456 3735 declaravit.
2517 3662 2621 3733 Ab
2692 3661 2828 3733 bac
2896 3658 3261 3733 sententia

585 3793 746 3848 cum
802 3774 1126 3846 canonici
1178 3774 1690 3863 appellassent,
1747 3775 2289 3863 suspensionem
2347 3793 2492 3845 non
2546 3774 2772 3845 teneri
2827 3775 2900 3845 S.
2943 3771 3021 3844 C.
3075 3770 3264 3842 iudi-

583 3888 795 3959 cavit.
856 3882 1150 3981 (Aquin.
1193 3887 1533 3976 SuspenS.
1584 3895 1656 3959 et
1692 3884 1990 3956 Censur.
2047 3887 2169 3956 28.
2208 3882 2414 3956 Febr.
2458 3879 2737 3980 1750.).
2785 3882 3015 3956 Simili
3053 3879 3264 3953 modo

580 3999 874 4073 clericos
927 3999 1387 4072 dioecesanos
1425 4001 1512 4071 ad
1553 4000 1857 4072 emenda
1910 4000 2165 4089 synodi
2202 3999 2638 4088 exemplaria
2676 3999 2831 4089 cogi
2868 4017 3012 4069 non
3047 4010 3259 4087 posse

579 4111 858 4184 censuit
914 4111 987 4181 in
1025 4110 1369 4181 Larinen.
1428 4111 1547 4181 30.
1595 4111 1775 4201 Aug.
1826 4112 2039 4181 1732.
2100 4111 2192 4182 ad
2248 4108 2432 4180 Dub.
2482 4111 2599 4179 12.

730 4222 896 4293 173.
958 4223 1031 4293 S.
1074 4221 1149 4293 C.
1209 4221 1613 4312 respondit:
1679 4244 1716 4287 ‹
1758 4218 2115 4293 Viearium
2170 4218 2589 4294 Generalem
2629 4222 2702 4291 in
2739 4219 3026 4311 Synodo
3059 4218 3267 4291 dioe-

587 4357 625 4402 ›
665 4350 926 4405 cesana
982 4332 1249 4405 babere
1301 4333 1533 4403 locum
1587 4340 1756 4405 ante
1811 4333 2190 4404 canonicos
2228 4339 2297 4404 et
2336 4333 2723 4424 dignitates
2758 4332 3100 4403 ecclesiae
3131 4346 3270 4399 ca-

592 4467 630 4512 »
670 4443 1039 4532 thedralis,
1096 4444 1156 4515 si
1210 4462 1352 4515 non
1406 4446 1551 4516 sint
1603 4446 1863 4534 parati.
1909 4445 2434 4537 Petraqoricen.
2484 4444 2599 4514 16.
2643 4442 2840 4532 Sept.
2882 4442 3092 4514 1649.
3128 4433 3271 4532 (ex

593 4578 632 4622 ι
669 4554 796 4626 lib.
843 4556 959 4625 18.
1018 4555 1285 4628 decret.
1327 4574 1493 4647 pag.
1528 4554 1765 4651 678.),
1806 4556 2032 4627 relata
2069 4576 2111 4627 a
2147 4554 2417 4627 Bened.
2463 4550 2650 4626 xlv,
2693 4554 2776 4626 de
2816 4554 2992 4644 Syn.
3030 4552 3261 4626 dioec.
