3497 5235
1081 282 1201 357 cap.
1231 282 1328 341 111.
1369 282 1441 339 Do
1482 278 1615 338 eluro
1657 278 1925 340 saeculari.
1968 282 2021 356 g.
2049 281 2099 339 0.
2159 279 2162 282 ’
2799 272 2916 340 425

268 423 543 490 ctorum
596 414 1110 488 accidentibus.
1167 412 1260 487 Et
1309 432 1481 486 sane
1531 412 1924 506 Episcopus
1968 412 2285 487 Civitatis
2320 412 2761 486 Castellanae
2796 413 2920 488 de-

265 536 535 601 cretum
590 528 895 614 tulerat,
952 545 1092 616 quo
1163 528 1272 599 ius
1342 527 1648 618 parocho
1721 526 2029 599 faciebat
2099 527 2172 597 in
2240 545 2450 597 suum
2518 526 2914 598 subsidium

265 642 642 713 canonicos
693 640 1134 724 advocandi,
1174 639 1416 711 addita
1456 641 1887 726 conditione,
1930 646 2032 727 ut,
2074 638 2289 709 horae
2334 640 2568 730 spatio
2606 639 2910 729 dilapso,

263 753 473 823 ¹aliter
525 750 890 841 providere
942 750 1280 839 deberet,
1339 771 1428 823 ne
1480 752 1810 824 videlicet
1863 753 2364 824 canonicorum
2417 770 2628 844 opera
2670 751 2920 824 abute-

266 869 489 935 retur.
525 860 597 933 S.
632 862 704 933 C.
738 860 975 953 Episc.
1019 871 1090 934 et
1123 860 1380 953 Regul.
1427 863 1496 934 in
1532 864 1740 937 Civit.
1779 863 2060 936 Castell.
2108 866 2223 934 11.
2258 859 2419 935 Iulii
2462 865 2675 935 1862.
2709 864 2803 935 od
2835 864 2909 936 2.

265 975 682 1063 declaravit,
717 971 1043 1067 Episcopi
1080 975 1442 1047 decretum
1478 976 1808 1047 sustineri
1850 976 2136 1064 quidem
2175 977 2277 1047 ita
2313 982 2580 1057 tamen,
2608 982 2686 1048 ut
2712 996 2916 1067 prae-

262 1093 493 1181 finitio
543 1091 753 1164 horae
802 1110 942 1163 non
996 1091 1342 1172 taxative,
1387 1089 1503 1160 sed
1537 1088 2078 1160 demonstrative
2132 1087 2603 1179 intelligatur,
2655 1093 2721 1159 et
2770 1107 2922 1158 am-

252 1205 477 1295 plius,
519 1200 619 1274 De
657 1203 1012 1295 stipendio
1063 1203 1549 1274 coadiutorum
1604 1201 1750 1291 agit
1789 1199 2259 1271 Praenestina
2308 1216 2434 1289 per
2481 1195 2677 1269 Sum.
2720 1216 2912 1289 prec.

261 1316 332 1387 2.
376 1312 569 1386 Iunii
623 1316 867 1403 1855„
912 1315 1215 1387 Reatina
1267 1314 1386 1385 22.
1429 1310 1594 1384 Dec.
1643 1312 1855 1383 1855.
1913 1329 2039 1403 per
2091 1309 2286 1383 Sum.
2329 1328 2521 1403 prec.

409 1562 447 1604 ‹
506 1536 636 1611 IX.
705 1540 802 1611 An
857 1539 1071 1611 iidem
1144 1555 1271 1628 per
1322 1556 1443 1625 se,
1499 1537 1609 1608 vel
1661 1554 1792 1627 per
1843 1537 2017 1608 alios
2086 1535 2421 1622 idoneos,
2498 1536 2554 1608 si
2607 1535 2917 1627 legitime

263 1651 665 1741 »impediti
718 1650 1007 1737 fuerint,
1066 1650 1320 1723 diebus
1372 1650 1624 1722 saltem
1679 1647 2067 1721 Dominicis
2112 1655 2181 1720 et
2233 1648 2432 1720 festis
2481 1648 2917 1721 solemnibus

267 1789 302 1829 ›
344 1762 596 1854 plebes
644 1761 781 1834 sibi
836 1763 1244 1834 commissas
1296 1780 1421 1855 pro
1473 1781 1646 1848 sua,
1721 1768 1792 1832 et
1844 1778 2087 1831 earum
2152 1761 2547 1850 capacitate
2620 1767 2920 1850 pascant

268 1900 305 1941 ι
344 1873 784 1947 salutaribus
838 1875 1114 1962 verbm,
1172 1873 1518 1959 docendO,
1577 1891 1762 1962 quae
1812 1873 1992 1944 scire
2044 1872 2376 1943 omnibus
2437 1872 2915 1944 necessarium

269 2012 305 2053 ι
353 1992 466 2058 est
516 1985 607 2057 ad
657 1986 988 2076 salutem,
1044 1988 1242 2058 iuxta
1298 1986 1642 2057 monitum
1681 1981 2075 2056 Tridentini
2115 1990 2185 2055 et
2222 1985 2595 2074 praecitati
2630 1981 2918 2057 Concilii

267 2122 306 2167 ›
345 2095 680 2173 Romani.
718 2122 755 2167 >
2432 2125 2469 2169 ο

394 2321 812 2387 Suuuanmu.
870 2320 1023 2387 307.
1073 2319 1430 2387 Tridentini
1483 2319 1740 2386 Concilii
1781 2318 2145 2396 decretum,
2184 2338 2311 2405 quo
2344 2321 2694 2386 animarum
2741 2338 2918 2386 cura·

260 2421 507 2487 toribus
553 2422 893 2489 Dominicis
941 2441 1013 2487 ac
1056 2422 1546 2489 solemnioribus
1595 2422 1770 2488 festis
1817 2422 2013 2490 divini
2063 2423 2240 2488 verbi
2278 2422 2661 2509 praedicatio
2708 2423 2918 2490 iniun-

259 2526 458 2609 gitur.
526 2523 765 2590 lbidem
829 2524 1156 2610 Episcopis
1213 2525 1584 2603 mandatur,
1645 2538 1714 2593 ut
1775 2537 1898 2592 tam
1953 2524 2278 2592 subiectos
2337 2546 2525 2613 quam
2590 2539 2917 2612 exemptos

255 2627 620 2714 invigilent,
660 2629 724 2693 in
754 2647 1014 2714 eosque,
1049 2631 1097 2694 si
1135 2630 1359 2696 moniti
1395 2632 1823 2717 neglexerint,
1855 2629 2042 2695 etiam
2077 2633 2356 2695 censuris
2387 2630 2911 2698 animadvertant.

259 2735 487 2798 —308.
544 2734 762 2817 Neque
824 2752 980 2798 vero
1044 2733 1320 2818 exigitur
1380 2731 1599 2799 concio
1663 2732 1972 2810 formaliS,
2022 2733 2137 2798 sed
2192 2732 2423 2799 sufficit
2488 2734 2792 2800 familiare
2850 2754 2917 2801 ac

258 2831 440 2898 facile
490 2832 742 2900 dicendi
794 2853 993 2922 genus
1040 2837 1400 2901 auditorum
1452 2835 1661 2920 captui
1711 2836 2279 2901 accommodatum.
2319 2873 2361 2884 —
2408 2840 2557 2902 309.
2613 2840 2916 2902 Memora·

255 2935 384 3002 bile
436 2940 498 3004 S.
540 2936 843 3003 Francisci
880 2939 1133 3003 Xaverii
1171 2939 1485 3004 monitum
1517 2957 1712 3023 super
1745 2938 2253 3025 praedicatorum
2291 2937 2517 3004 officio.
2557 2973 2600 2986 —
2633 2941 2782 3004 310.
2824 2943 2915 3005 Ex

258 3058 360 3116 eo,
417 3039 590 3124 quod
641 3039 936 3126 Episcopi
987 3039 1336 3106 formaliter
1379 3040 1746 3128 praedicare
1801 3050 2125 3117 tenentur,
2161 3059 2291 3105 non
2325 3039 2562 3107 idcirco
2597 3041 2912 3126 sequitur,

255 3153 328 3208 ut
376 3142 550 3208 idem
598 3140 679 3208 de
726 3144 1016 3229 parochis
1063 3143 1409 3210 dicendum
1457 3145 1574 3222 sit;
1612 3144 1767 3209 alius
1802 3144 1974 3208 enim
2006 3145 2205 3228 stylus
2239 3156 2355 3218 est,
2396 3144 2502 3228 qui
2540 3144 2911 3231 EpiscopOS‚

255 3246 441 3322 aliuS,
494 3247 601 3330 qui
651 3245 961 3333 parochos
1008 3248 1217 3313 decet.
1256 3283 1298 3295 -
1331 3251 1481 3312 311.
1520 3246 1776 3312 Parochi
1814 3267 1930 3332 per
1960 3246 2200 3331 seipsos
2239 3247 2617 3331 parochialia
2653 3266 2914 3314 munera

251 3349 625 3433 persolvere
660 3359 988 3426 tenentur,
1042 3348 1159 3414 nisi
1197 3349 1481 3438 legitime
1517 3349 1967 3436 impediantur.
2007 3386 2049 3397 —
2081 3353 2232 3416 312.
2274 3354 2361 3416 Ac
2394 3350 2765 3434 praesertim
2799 3370 2917 3435 per

248 3470 340 3528 se,
371 3469 502 3516 non
530 3469 648 3534 per
671 3450 1071 3517 coadiutorcs
1097 3451 1297 3516 divini
1324 3451 1504 3518 verbi
1530 3442 1954 3518 ministerium
1987 3453 2251 3537 explere
2285 3453 2549 3519 debent.
2571 3490 2613 3501 —
2639 3458 2788 3520 313.
2820 3454 2914 3520 Ab

250 3552 368 3638 boc
421 3552 626 3620 officio
675 3572 782 3619 eos
829 3573 954 3620 non
1004 3566 1257 3621 excusat
1305 3573 1517 3640 neque
1565 3556 1879 3620 contraria
1923 3555 2318 3621 consuetudo
2370 3556 2908 3635 immemorabiliS,

252 3674 468 3742 neque
517 3676 665 3721 usus
711 3656 1058 3723 advocandi
1107 3677 1224 3744 per
1270 3677 1504 3724 annum
1552 3677 1760 3723 sacros
1804 3675 2173 3743 praecones,
2226 3677 2439 3744 neque
2470 3678 2703 3745 parvus
2734 3658 2914 3725 audi-

253 3769 464 3824 torum
516 3778 844 3835 numerus„
896 3772 1004 3825 aut
1051 3760 1166 3825 alia
1214 3760 1538 3845 quaelibet
1585 3781 1786 3826 causa.
1827 3798 1869 3809 -
1901 3764 2051 3826 314.
2107 3762 2330 3846 Neque
2363 3761 2652 3848 parochis
2700 3762 2914 3828 cathe-

253 3861 556 3939 dralium,
610 3862 849 3928 etiarnsi
897 3863 1024 3928 sint
1069 3861 1286 3928 vicarii
1335 3863 1738 3941 amovibileS,
1791 3864 1908 3930 hoc
1955 3863 2355 3952 suffragatur,
2402 3865 2575 3950 quod
2611 3865 2696 3931 ibi
2730 3885 2912 3952 prae·

253 3964 591 4032 dicationis
639 3985 871 4032 munus
917 3967 1234 4052 Episcopo
1284 3966 1613 4033 incumbit.
1667 4004 1709 4015 -
1757 3971 1905 4033 315.
1960 3970 2350 4054 Quamquam
2416 3968 2574 4034 illud
2623 3969 2686 4033 in
2734 3986 2912 4034 more

251 4069 530 4153 positum
581 4068 685 4145 sit,
741 4080 808 4134 ut
856 4087 975 4154 per
1022 4068 1384 4135 Adventum
1435 4082 1498 4135 et
1543 4068 2090 4155 Quadragesimam
2125 4071 2187 4136 in
2219 4073 2348 4137 sola
2380 4071 2599 4136 maiori
2651 4071 2913 4137 ecclesia

246 4169 473 4236 concio
523 4169 850 4248 habeatur,
901 4191 1032 4237 non
1080 4171 1227 4237 ideo
1276 4171 1551 4257 parocho
1601 4172 2015 4238 interdictum
2067 4173 2130 4238 in
2179 4175 2355 4239 Missa
2387 4174 2727 4259 parochiali
2773 4194 2913 4240 ver·

240 4273 402 4341 bum
456 4273 743 4340 divinum
779 4275 1173 4362 praedicare.
1212 4313 1254 4324 -
1287 4279 1434 4343 316.
1476 4279 1563 4340 De
1595 4277 2061 4354 controversia,
2100 4297 2173 4343 an
2208 4277 2466 4365 parochi
2517 4278 2581 4343 in
2616 4278 2911 4345 Adventu

239 4391 311 4446 et
360 4377 849 4465 Quadragesima
901 4378 1193 4466 (quando
1242 4396 1476 4463 nempe
1524 4377 1743 4443 concio
1792 4378 1951 4443 solet
1998 4377 2255 4467 haberi)
2294 4379 2661 4464 praedicare
2697 4391 2760 4447 et
2795 4380 2911 4467 ipsi

239 4493 620 4549 teneantur.
684 4486 746 4550 Si
797 4483 953 4549 iusta
1000 4482 1169 4550 adsit
1216 4502 1417 4557 causa,
1468 4482 1821 4547 sustinetur
1864 4481 2225 4547 mandatum
2277 4483 2569 4568 Episcppi
2619 4482 2683 4549 id
2732 4503 2914 4570 prae-

229 4587 587 4674 cipientis,
643 4588 886 4655 tametsi
936 4588 1245 4655 contraria
1294 4606 1421 4653 non
1469 4585 1632 4651 desit
1680 4583 2100 4652 consuetudo.
2138 4622 2180 4633 -
2226 4589 2377 4653 317.
2432 4589 2611 4653 Circa
2658 4588 2910 4673 praedi-

227 4691 435 4761 candi
485 4691 688 4760 divini
735 4690 917 4759 verbi
969 4703 1219 4776 tempus
1266 4692 1330 4758 S.
1369 4692 1438 4756 C.
1481 4691 1674 4757 Conc.
1726 4687 1971 4777 pluries
2018 4688 2380 4770 declaravit,
2432 4689 2498 4758 id
2544 4692 2759 4779 peragi
2796 4691 2907 4759 de·
