3497 5235
609 259 725 324 136
1364 258 1734 318 Imtrnetienin
1775 259 1827 315 8.
1856 257 2037 330 Oengr.
2068 257 2214 315 (lone.
2255 260 2522 332 exponitio.

755 395 918 466 156.
977 391 1354 466 Praeterea
1409 394 1592 465 circa
1648 400 1872 466 totum
1925 393 2058 466 hoc
2110 393 2416 485 primum
2468 400 2712 485 caput,
2750 393 2946 484 quod
2996 398 3263 466 statum

602 507 1040 580 materialem
1095 505 1441 592 continet,
1501 504 1953 593 admonetur,
2014 506 2490 577 necessarium
2544 524 2689 576 non
2743 523 2925 592 esse,
2965 512 3044 578 ut
3080 521 3268 594 quae

600 618 674 689 in
728 619 952 708 prima
1008 617 1321 689 cuiusvis
1375 616 1634 687 novelli
1687 613 2020 708 Episcopi
2073 616 2416 689 relatione
2451 616 2805 709 descripta
2844 616 3140 705 fuerint,
3193 615 3266 688 in

598 728 1111 820 posterioribus
1170 726 1640 799 relationibus
1701 734 2146 819 repetantur.
2204 723 2402 800 Tunc
2451 730 2643 800 enim
2710 728 3013 818 sufficit,
3092 729 3267 819 quin

601 840 818 912 etiam
872 857 1158 911 necesse
1212 846 1345 927 est,
1404 846 1483 910 ut
1532 837 1956 911 subiiciatur
2007 838 2358 928 quidquid
2414 841 2573 911 novi
2628 859 2712 912 eo
2762 839 3106 930 temporis
3160 840 3267 910 in-

600 955 900 1026 tervallo
935 954 1297 1042 acciderit,
1339 954 1531 1044 quod
1567 962 1962 1027 memoratu
1998 956 2293 1043 dignum
2347 956 2655 1028 videtur.
2695 953 3064 1045 Quocirca,
3105 974 3268 1029 cum

599 1084 744 1138 non
797 1085 954 1138 raro
1007 1066 1409 1157 contingat,
1468 1072 1545 1137 ut
1597 1063 1926 1158 Episcopi
1999 1065 2415 1138 relationem
2473 1069 2699 1158 prima
2771 1068 2922 1139 vice
2975 1070 3267 1140 missam

597 1177 855 1249 iterum
909 1177 999 1248 ad
1054 1177 1351 1249 verbum
1404 1178 1514 1249 vel
1569 1179 1772 1267 quasi
1823 1176 2119 1267 posthac
2171 1178 2606 1267 exscribam,
2664 1177 2736 1250 S.
2778 1177 2855 1250 C.
2895 1180 3078 1252 solet
3112 1197 3269 1251 eos-

598 1287 760 1361 dem
817 1290 1227 1376 admonere,
1285 1296 1363 1361 ut
1417 1289 1508 1360 ab
1565 1290 1798 1362 inutili
1853 1287 1987 1361 hoc
2037 1289 2282 1361 labore
2332 1308 2407 1360 se
2463 1290 2819 1378 liberent;
2879 1309 3044 1363 nam
3080 1297 3272 1363 cete-

595 1402 854 1490 roquin
919 1400 1244 1492 singulae
1296 1401 1678 1473 relationes
1753 1403 1824 1471 in
1886 1402 2066 1472 actis
2135 1398 2207 1472 S.
2266 1398 2338 1471 C.
2401 1400 2704 1475 fideliter
2753 1420 2837 1474 ac
2887 1401 3271 1493 diligenter

597 1520 1084 1600 asservantur,
1127 1529 1361 1602 neque
1400 1530 1715 1600 unquam
1763 1512 1965 1583 novis
2002 1512 2471 1584 relationibus
2508 1514 2873 1606 responsio
2909 1513 3264 1598 redditur,

595 1623 771 1712 quin
824 1624 1222 1714 superiores
1259 1624 1640 1695 relationes
1677 1642 1761 1697 ac
1796 1641 2134 1716 responsa
2173 1634 2628 1698 resumantur
2663 1634 2732 1698 et
2768 1625 2979 1696 simul
3027 1622 3272 1696 confe-

595 1738 871 1805 rantur.
931 1730 1016 1806 Id
1051 1742 1291 1806 autem
1328 1734 1419 1806 ad
1458 1752 1673 1805 unam
1710 1742 1945 1807 status
1982 1735 2370 1807 materialis
2404 1743 2682 1827 partem
2719 1744 3038 1828 spectat3
3097 1752 3268 1806 nam

596 1845 788 1934 quod
839 1852 1106 1917 statum
1156 1845 1526 1917 formalem
1578 1847 1906 1937 respicit,
1972 1849 2183 1919 toties
2252 1847 2685 1921 articulatim
2753 1846 3271 1919 Benedictinae

597 1956 1139 2046 quaestionibus
1168 1957 1748 2050 respondendum
1780 1965 1913 2044 est,
1947 1959 2226 2047 quoties
2252 1959 2503 2031 relatio
2531 1958 2892 2031 exaranda
2921 1967 3056 2030 est.
3088 1954 3267 2029 Cum

597 2068 785 2138 enim
821 2074 1076 2159 agatur
1110 2069 1198 2140 de
1234 2069 1477 2157 rebus,
1536 2087 1721 2159 quae
1759 2071 1833 2142 in
1869 2070 2022 2141 dies
2058 2071 2576 2143 mutationibus
2613 2088 2764 2155 esse
2802 2074 3101 2162 possunt
3137 2068 3274 2140 ob-

597 2179 877 2266 noxiae,
919 2181 1319 2251 necessario
1357 2181 1461 2268 nt,
1505 2187 1584 2252 ut
1617 2199 1899 2272 semper
1932 2181 2145 2274 plene
2184 2189 2255 2254 et
2287 2183 2677 2270 cumulate,
2718 2183 2882 2255 licet
2917 2181 3266 2266 breviter,

596 2290 1030 2361 adamussim
1068 2293 1461 2364 renuntiari
1500 2292 1845 2365 debeant.
1888 2291 2070 2367 Hinc
2107 2292 2273 2367 S.C.
2307 2294 2622 2366 solemne
2673 2294 2921 2380 habet,
2962 2295 3036 2363 in
3071 2291 3272 2363 hanc

597 2403 1030 2473 sententiam
1082 2401 1220 2473 illis
1271 2399 1640 2495 Episcopis
1675 2407 2092 2490 rescribere,
2135 2408 2253 2495 qui
2303 2408 2376 2477 in
2412 2405 2862 2495 sequioribus
2899 2404 3273 2475 relationi-

594 2511 758 2598 huS,
783 2519 862 2585 ut
886 2532 1100 2604 saepe
1122 2516 1494 2608 contingit,
1522 2517 1847 2588 nonnihil
1877 2517 1951 2587 in
1971 2517 2107 2589 hac
2132 2536 2206 2587 re
2230 2517 2787 2589 desiderandum
2808 2515 3262 2603 relinquunt.

1711 2768 1990 2845 CAPUT
2044 2768 2141 2841 11.

722 2947 813 3019 De
858 2948 1139 3023 seeundo
1184 2948 1536 3024 relationis
1582 2948 1837 3041 eapite,
1897 2951 2271 3043 pertinente
2317 2949 2401 3023 ed
2445 2948 2659 3042 ipsum
2688 2947 3124 3040 Episcopum,

1109 3049 1713 3143 Archiepieoopum‚
1762 3052 2115 3126 Primatem
2161 3053 2231 3126 et
2276 3052 2749 3126 Patrierohem.

737 3292 775 3333 «ι
814 3264 876 3338 Ι.
917 3268 1025 3339 An
1078 3271 1505 3343 residentiae
1560 3280 2046 3361 praeceptum,
2106 3292 2143 3342 a
2199 3273 2418 3344 sacris
2469 3269 2892 3355 canonibus,
2946 3266 3269 3341 Concilio

594 3402 631 3445 ι»
669 3375 1085 3452 Tridentino
1121 3387 1192 3452 et
1227 3379 1743 3455 Constitutione
1796 3381 2085 3456 Urbana
2143 3384 2687 3474 praescriptum,
2727 3380 3265 3470 adimpleverit,

596 3515 633 3558 ι»
676 3495 745 3563 et
798 3510 891 3561 an
944 3492 1212 3582 alique,
1269 3500 1340 3564 et
1392 3512 1534 3583 quo
1580 3502 1895 3585 tempore
1933 3493 2267 3581 abluerit,
2311 3501 2381 3566 et
2418 3514 2511 3565 an
2550 3493 2732 3565 ultra
2773 3511 3055 3563 menses
3090 3510 3270 3564 con-

596 3629 633 3668 »
674 3602 979 3690 ciliares,
1037 3610 1109 3674 et
1162 3623 1253 3674 an
1307 3622 1467 3675 cum
1523 3606 1633 3676 vel
1685 3608 1839 3676 sine
1895 3606 2098 3677 Sedis
2158 3604 2593 3695 Apostolicae
2651 3605 2961 3676 licentia.
3000 3629 3035 3666 »

727 3829 1149 3895 Suummnu.
1187 3862 1230 3876 -
1269 3831 1331 3892 l.
1384 3825 1650 3893 Concilii
1700 3825 2061 3893 Tridentini
2111 3847 2181 3893 ac
2230 3832 2638 3896 Summorum
2697 3824 3073 3891 Pontificum
3120 3846 3270 3891 san-

589 3929 833 3994 ctiones
883 3929 1265 4006 innuuntur,
1317 3946 1396 3994 ex
1445 3928 1676 4014 quibus
1725 3929 2026 4018 obligatio
2075 3928 2456 3996 residentiae
2502 3928 2830 4016 Episcopis
2875 3928 3267 4013 iniungitur.

588 4031 999 4098 Peculiariter
1060 4043 1271 4097 autem
1339 4032 1626 4098 innuitur
1688 4051 1931 4098 summa
1978 4033 2246 4099 Constit.
2299 4031 2538 4099 Bened.
2594 4035 2754 4098 xlv.
2811 4032 3114 4119 incipien.
3171 4031 3280 4097 Aa

590 4136 946 4199 universae.
989 4170 1032 4184 -
1064 4137 1130 4198 2.
1170 4133 1429 4209 Eadem,
1483 4144 1709 4219 utpote
1756 4136 2085 4201 materiam
2135 4135 2217 4201 de
2266 4133 2607 4200 residentia
2656 4134 3029 4220 plenissime
3062 4132 3279 4200 conli-

592 4238 803 4314 ciens,
869 4258 900 4303 a
964 4237 1254 4323 longiore
1325 4238 1822 4323 pertractatione
1870 4248 2126 4303 excusat
2189 4249 2251 4302 et
2311 4237 2574 4303 affertur
2633 4257 2752 4325 per
2798 4246 3138 4302 extensum
3203 4236 3279 4303 in

593 4341 785 4406 tertio
833 4340 1183 4406 volumine.
1222 4376 1264 4389 —
1311 4344 1374 4406 3.
1416 4344 1615 4407 Locus
1664 4340 1941 4407 Constit.
1994 4339 2228 4407 Urbani
2277 4343 2435 4406 Vlll.
2492 4345 2541 4406 A
2589 4340 2816 4426 poenis
2863 4348 3083 4403 contra
3131 4356 3280 4405 non

589 4442 942 4508 residentes
990 4442 1352 4509 constitutis
1400 4462 1528 4510 non
1575 4454 1879 4510 excusant
1925 4442 2183 4510 servitia
2214 4462 2333 4529 pro
2367 4444 2580 4532 regnis
2623 4441 3043 4507 saecularibus
3077 4457 3277 4525 prae-

589 4544 834 4611 standa.
889 4548 1113 4630 Neque
1162 4545 1469 4633 temporis
1516 4546 1841 4632 angustia,
1903 4565 2067 4632 quae
2131 4544 2452 4611 Pontificis
2514 4547 2763 4611 veniam
2814 4562 3079 4609 exorare
3129 4563 3275 4613 non

589 4647 764 4714 sinit.
819 4650 1150 4734 Excipitur
1198 4670 1394 4727 casus,
1446 4668 1576 4736 quo
1627 4646 1922 4736 Episcopi
1974 4649 2055 4715 ob
2102 4666 2333 4714 munus
2368 4647 2771 4735 episcopatus
2815 4648 2919 4714 vel
2952 4646 3281 4715 ecclesiae
