3497 5235
670 293 788 358 368
1423 292 1792 351 mtruetionin
1832 291 1885 348 Β.
1915 291 2096 365 Oongr.
2126 291 2271 350 Ocno.
2311 292 2580 366 expetitio.

668 447 753 502 ea
804 427 1157 517 siquidem
1210 445 1425 498 causa
1475 427 1657 498 sacri
1726 420 2015 497 Ordinis
2068 443 2325 517 scopus
2396 431 2591 514 erat,
2645 431 2724 497 ut
2772 422 3161 514 Capitulum
3201 425 3271 497 ab

667 540 1033 613 electionis
1084 540 1235 610 iure
1286 537 1721 625 excluderet,
1766 537 2096 628 idemque
2149 537 2260 608 ius
2316 534 2848 628 Arcbiepiscopo
2882 537 2985 609 ita
3037 537 3276 610 adiudi-

664 655 883 739 caret,
923 656 1003 722 ut
1053 649 1468 721 electionem
1505 649 1693 721 inter
1729 648 2162 741 approbatos
2213 647 2306 720 ab
2343 647 2949 722 examinatoribus
2999 667 3276 724 coercere

662 767 1049 849 teneretur,
1090 760 1196 832 uti
1230 759 1456 832 fusius
1492 761 1566 831 in
1616 759 1748 837 fol..
1786 761 2191 833 Aversanae
2239 758 2313 854 ξ.
2355 762 2468 833 Ex
2519 760 2652 832 his.
2693 756 2949 849 Itaque
2986 760 3119 833 boc
3146 758 3281 852 Epi-

663 890 1038 965 scoporum
1093 873 1243 943 iure
1294 876 1605 960 statuto,
1665 872 1722 943 si
1782 873 1943 961 quis
1994 872 2083 944 de
2137 871 2607 945 irrationabili
2674 869 3007 962 Episcopi
3062 872 3281 945 iudicio

662 983 753 1056 ob
789 984 976 1055 banc
1026 1002 1315 1055 causam
1351 989 1935 1073 conquereretur,
1976 979 2050 1053 S.
2092 980 2166 1053 C.
2209 983 2527 1055 eiusdem
2566 981 2933 1071 querelam
2970 982 3277 1069 reiiceret,

661 1102 870 1186 prout
922 1096 1216 1186 contigit
1270 1096 1344 1165 in
1402 1094 1839 1166 Urbevetana
1899 1095 2228 1167 ConcurS.
2278 1095 2392 1163 11.
2450 1090 2616 1166 Iulii
2672 1093 2920 1181 1846„
2981 1092 3107 1164 ubi
3151 1091 3285 1184 Epi·

660 1208 854 1301 scopi
907 1207 1153 1280 electio
1188 1206 1325 1279 bac
1377 1206 1697 1297 punctim
1734 1205 1824 1277 de
1874 1205 2091 1278 causa
2147 1204 2727 1297 impugnabatur.
2769 1202 2909 1276 Sed
2958 1207 3281 1298 proposito

656 1319 1066 1391 huiusmodi
1102 1338 1298 1406 casu,
1340 1318 1847 1389 concinnatum
1881 1316 2017 1388 fuit
2050 1316 2394 1388 dubium:
2440 1339 2478 1382 ‹
2512 1316 2620 1387 An
2658 1323 2726 1389 et
2764 1317 3121 1405 quomodo
3151 1336 3287 1389 con·

660 1457 697 1499 ι»
736 1436 877 1502 stet
927 1430 1016 1502 de
1067 1427 1537 1501 irrationabili
1589 1427 1854 1499 iudicio
1898 1423 2231 1519 Episcopi
2285 1428 2471 1500 circa
2524 1428 2942 1499 electionem
2998 1428 3287 1500 canonici

658 1566 697 1611 ν
734 1541 1049 1634 theologi
1101 1543 1180 1613 in
1229 1537 1447 1614 casu?
1489 1565 1526 1607 ι»
1569 1536 1642 1610 S.
1684 1537 1759 1609 C.
1802 1540 2213 1629 respondit:
2259 1563 2295 1605 αι
2334 1536 2676 1633 Negative
2741 1543 2816 1613 in
2869 1541 3193 1614 omnibus
3233 1548 3287 1615 et

655 1654 962 1744 amplius
1001 1678 1038 1720 ›
1078 1648 1216 1746 (1).

804 1765 970 1837 185.
1013 1761 1085 1835 S.
1126 1761 1201 1835 C.
1259 1761 1470 1836 Conc.
1530 1765 1800 1854 pluries
1853 1764 2066 1837 etiam
2118 1763 2468 1851 definivit,
2525 1764 2617 1836 ad
2679 1761 3116 1856 Episcopum
3160 1783 3289 1856 spe-

653 1884 846 1949 ctare
898 1875 1317 1948 electionem
1371 1875 1713 1967 dignioris
1784 1876 1970 1948 inter
2021 1876 2262 1965 plures
2312 1875 2746 1965 approbatos
2805 1877 2882 1948 in
2933 1896 3281 1965 concursu,

652 1988 981 2078 quamvis
1032 1993 1362 2079 ageretur
1413 1986 1502 2059 de
1556 1986 2016 2079 praebendis,
2066 1988 2135 2057 in
2193 1986 2456 2076 quibus
2509 1987 2756 2059 electio
2818 2006 3164 2078 personae
3207 1987 3283 2058 ad

649 2117 772 2171 eas
823 2098 1308 2171 instituendae
1344 2098 1437 2170 ad
1472 2096 1877 2188 Capitulum
1928 2099 2362 2191 pertinebat,
2404 2105 2792 2190 antequam
2828 2097 3125 2173 Constit.
3166 2102 3287 2175 Ρα-

651 2210 936 2281 storalis
990 2209 1180 2281 edita
1219 2209 1494 2298 fuisset,
1537 2210 1862 2300 adeoque
1896 2208 2217 2302 Capitulo
2270 2210 2452 2282 nihil
2488 2212 2660 2284 iuris
2694 2211 3050 2302 reliquum
3105 2213 3281 2300 foret,

647 2328 933 2411 praeter
969 2323 1079 2392 ius
1131 2321 1639 2411 praesentandi
1692 2340 2072 2414 personam
2109 2321 2200 2393 ab
2245 2319 2596 2415 Episcopo
2649 2322 2830 2393 inter
2882 2323 3284 2414 approbatas
3430 2408 3431 2411 Ν

650 2431 977 2505 electam.
1022 2430 1250 2505 Huius
1300 2434 1401 2506 rei
1454 2440 1778 2527 prostant
1830 2436 2155 2525 exempla
2206 2436 2277 2507 in
2338 2436 2744 2508 Cremonen.
2806 2437 3062 2508 Praeb.
3104 2434 3281 2507 theol.

651 2543 767 2614 15.
810 2540 1016 2617 Mart.
1065 2546 1311 2634 1722,
1351 2546 1769 2622 Maior-icen.
1824 2546 1997 2621 Can.
2041 2547 2243 2619 theol.
2292 2547 2407 2617 15.
2470 2544 2634 2619 Dec.
2705 2547 2954 2633 1753„
2996 2548 3281 2620 Pitanen.
3430 2590 3431 2611 1

643 2654 764 2727 25.
809 2653 1031 2747 April.
1079 2657 1326 2745 1761„
1371 2659 1442 2727 in
1497 2676 1667 2747 qua,
1730 2659 2128 2748 disceptato
2180 2658 2440 2730 dubio:
2487 2682 2526 2724 «ι
2581 2658 2689 2729 An
2741 2659 2994 2732 electio
3045 2658 3136 2729 ad
3185 2675 3286 2729 ca-

645 2791 683 2838 »
721 2769 1138 2841 nonicatum
1191 2770 1658 2861 theologalem
1713 2771 1865 2843 fieri
1917 2772 2139 2860 possit
2192 2792 2233 2841 a
2284 2768 2608 2862 Capitulo
2675 2771 2914 2842 favore
2966 2770 3100 2843 sibi
3151 2788 3281 2841 ma·
3430 2779 3431 2788 ‘

646 2904 683 2946 ›
727 2879 831 2971 gis
880 2878 1066 2953 bene
1117 2882 1247 2953 visi
1301 2881 1486 2953 inter
1539 2881 1973 2974 approbatos
2024 2883 2099 2954 in
2169 2900 2541 2971 concursu,
2582 2889 2653 2953 et
2724 2883 3008 2954 collatio
3066 2883 3285 2972 priva·

644 3015 682 3058 ›
725 2991 863 3062 tive
899 2997 1175 3082 spectet
1227 2991 1318 3063 ad
1352 2987 1831 3083 Episcopum?
1872 3018 1909 3060 ι»
1951 3011 2371 3083 responsum
2409 2994 2707 3084 prodiit:
2755 3015 2793 3060 ‹
2832 2991 3280 3079 Electionem,

643 3123 682 3168 ›
721 3107 793 3172 et
845 3102 1297 3175 collationem
1366 3109 1687 3192 spectare
1741 3103 1834 3175 ad
1885 3101 2357 3195 Episcopum,
2414 3106 3062 3196 praesentationem
3121 3119 3281 3173 vero

640 3235 679 3281 >
719 3220 1044 3302 spectare
1096 3214 1189 3286 ad
1239 3212 1643 3305 Capitulum
1695 3222 1768 3288 et
1819 3217 2149 3305 amplius.
2195 3242 2232 3284 ι»
2273 3213 2595 3307 Idipsum
2634 3217 3120 3289 confirmatum
3158 3213 3287 3284 fuit

632 3323 710 3393 in
748 3323 887 3395 alia
924 3326 1235 3397 Pinnen.
1275 3328 1490 3416 Supp.
1524 3346 1779 3400 canon.
1812 3333 1876 3398 et
1902 3333 2106 3399 erect.
2132 3329 2377 3420 praeb.
2413 3329 2701 3421 theoloq.
2740 3328 2806 3398 1.
2842 3324 3006 3401 Iun.
3046 3326 3279 3412 1861„
3430 3323 3431 3352 ³

633 3435 709 3506 in
763 3452 905 3524 qua
958 3432 1029 3506 S.
1071 3434 1146 3507 C.
1189 3439 1557 3529 respondit
1609 3440 1683 3510 in
1756 3439 1941 3511 hanc
1992 3441 2419 3513 sententiam
2490 3441 2687 3513 iuxta
2739 3440 3283 3513 declarationem
3430 3503 3431 3538 Ν

634 3545 710 3616 in
761 3547 981 3618 veteri
1032 3548 1344 3619 Pinnen.
1387 3549 1507 3620 25.
1552 3547 1720 3640 Apr.
1771 3552 1983 3622 1761.

786 3658 951 3729 186.
1011 3655 1351 3750 Superius
1404 3661 1740 3750 diximus,
1802 3663 1873 3734 id
1926 3663 2160 3736 valere
2211 3659 2502 3756 (nempe
2536 3670 2618 3736 ut
2651 3663 2903 3736 electio
2956 3659 3286 3754 dignioris
3430 3735 3431 3762 Ν

635 3769 728 3841 ad
778 3766 1207 3865 Episcopum
1259 3770 1564 3868 spectet)
1619 3774 1926 3864 quando.
1964 3776 2353 3865 generatim
2407 3775 2518 3847 ius
2563 3775 2931 3847 electionis
2966 3774 3054 3846 ad
3082 3769 3291 3860 Capi-

634 3881 865 3953 tulum
891 3885 1299 3973 pertineat.
1356 3882 1513 3957 Non
1565 3892 1675 3958 est
1725 3892 1967 3958 tamen
2005 3893 2302 3976 certum,
2343 3905 2437 3957 an
2475 3888 2659 3958 idem
2697 3886 2962 3973 valeat,
3002 3881 3283 3976 quando
3430 3907 3431 3972 l

632 3990 1036 4084 Capitulum
1089 4014 1303 4087 super
1355 3996 1769 4088 praebenda
1827 3997 2201 4088 theologali
2254 3998 2362 4069 vel
2416 3999 2914 4091 poenitentiali
2984 4015 3117 4068 non
3176 3996 3289 4064 ius
3430 4055 3431 4098 z

632 4106 1025 4197 electioniS,
1083 4110 1210 4181 sed
1261 4110 1373 4180 ius
1424 4114 1847 4199 patronatus
1899 4109 2449 4182 ecclesiasticum
2505 4109 2850 4182 obtineat.
2903 4106 3102 4180 Ratio
3152 4105 3287 4176 du·
3430 4177 3431 4196 ᾗ

625 4219 910 4293 bitandi
964 4224 1281 4314 exsurgit
1334 4222 1425 4294 ab
1462 4222 1786 4314 exemplo
1838 4223 2349 4313 parochialium
2389 4225 2876 4315 ecclesiarum,
2918 4226 2990 4295 in
3023 4219 3289 4312 quibus
3430 4229 3431 4292 ζ

631 4349 719 4405 ex
771 4332 1053 4404 disertis
1124 4333 1356 4405 verbis
1408 4332 1622 4405 Conc.
1679 4330 1993 4407 Trident.
2058 4336 2235 4408 Sess.
2273 4336 2400 4410 24.
2441 4357 2597 4428 cap.
2660 4336 2779 4410 48.
2837 4358 2906 4409 v.
2968 4336 3039 4408 Si
3081 4348 3293 4411 vero,

628 4439 951 4533 Capitulo
987 4450 1289 4534 patrono
1324 4446 1574 4518 electio
1609 4463 1958 4536 personae
1992 4448 2445 4538 relinquitur.
2486 4447 2613 4521 Cui
2651 4448 2939 4539 quidem
2983 4446 3072 4520 rei
3105 4457 3283 4514 cum

775 4681 856 4755 (1)
895 4688 1028 4741 vid.
1071 4691 1228 4740 Acta
1270 4691 1329 4741 S.
1366 4690 1560 4753 Sedis,
1602 4693 1717 4745 vol.
1748 4694 1803 4745 2.
1842 4707 1877 4745 a
1911 4708 2041 4760 pag.
2071 4695 2160 4748 67.
2200 4694 2270 4746 ad
2304 4696 2394 4748 80.
